  <div class='ocr_page' id='page_1' title='image "/cluster/home/n/w/nwhite01/storage/ocr_20150623/44-45/uc1.31175026792435/688.png"; bbox 0 0 4124 6550; ppageno 0'>
   <div class='ocr_carea' id='block_1_1' title="bbox 411 337 541 396">
    <p class='ocr_par' dir='ltr' id='par_1_1' title="bbox 411 337 541 396">
     <span class='ocr_line' id='line_1_1' title="bbox 411 337 541 396; baseline -0.023 0"><span class='ocrx_word' id='word_1_1' title='bbox 411 337 541 396; x_wconf 64' lang='grc'><strong>13⁵57</strong></span> 
     </span>
    </p>
   </div>
   <div class='ocr_carea' id='block_1_2' title="bbox 405 443 1989 529">
    <p class='ocr_par' dir='ltr' id='par_1_2' title="bbox 405 443 1989 529">
     <span class='ocr_line' id='line_1_2' title="bbox 405 443 1989 529; baseline -0.014 -16"><span class='ocrx_word' id='word_1_2' title='bbox 405 459 459 514; x_wconf 87' lang='lat' dir='ltr'><strong>in</strong></span> <span class='ocrx_word' id='word_1_3' title='bbox 485 449 786 529; x_wconf 79' lang='lat' dir='ltr'><strong>synagogis,</strong></span> <span class='ocrx_word' id='word_1_4' title='bbox 825 447 878 508; x_wconf 88' lang='lat' dir='ltr'><strong>in</strong></span> <span class='ocrx_word' id='word_1_5' title='bbox 903 445 1094 523; x_wconf 87' lang='lat' dir='ltr'><strong>quibus</strong></span> <span class='ocrx_word' id='word_1_6' title='bbox 1119 443 1509 518; x_wconf 64' lang='lat' dir='ltr'><strong>dtsputationes</strong></span> <span class='ocrx_word' id='word_1_7' title='bbox 1535 446 1640 495; x_wconf 83' lang='lat' dir='ltr'><strong>tuac</strong></span> <span class='ocrx_word' id='word_1_8' title='bbox 1667 447 1989 510; x_wconf 76' lang='lat' dir='ltr'><strong>personant;</strong></span> 
     </span>
    </p>
   </div>
   <div class='ocr_carea' id='block_1_3' title="bbox 406 531 1995 606">
    <p class='ocr_par' dir='ltr' id='par_1_3' title="bbox 406 531 1995 606">
     <span class='ocr_line' id='line_1_3' title="bbox 406 531 1995 606; baseline -0.011 0"><span class='ocrx_word' id='word_1_9' title='bbox 406 559 459 606; x_wconf 92' lang='lat' dir='ltr'><strong>et</strong></span> <span class='ocrx_word' id='word_1_10' title='bbox 485 564 607 605; x_wconf 91' lang='lat' dir='ltr'><strong>eum</strong></span> <span class='ocrx_word' id='word_1_11' title='bbox 646 547 964 603; x_wconf 89' lang='lat' dir='ltr'><strong>vestimenta</strong></span> <span class='ocrx_word' id='word_1_12' title='bbox 989 542 1090 600; x_wconf 86' lang='lat' dir='ltr'><strong>sub</strong></span> <span class='ocrx_word' id='word_1_13' title='bbox 1114 539 1227 597; x_wconf 86' lang='lat' dir='ltr'><strong>sole</strong></span> <span class='ocrx_word' id='word_1_14' title='bbox 1255 535 1456 593; x_wconf 88' lang='lat' dir='ltr'><strong>torrido</strong></span> <span class='ocrx_word' id='word_1_15' title='bbox 1481 533 1679 589; x_wconf 79' lang='lat' dir='ltr'><strong>fuerim</strong></span> <span class='ocrx_word' id='word_1_16' title='bbox 1715 531 1886 596; x_wconf 89' lang='lat' dir='ltr'><strong>oneri,</strong></span> <span class='ocrx_word' id='word_1_17' title='bbox 1915 541 1995 588; x_wconf 86' lang='lat' dir='ltr'><strong>te-</strong></span> 
     </span>
    </p>
   </div>
   <div class='ocr_carea' id='block_1_4' title="bbox 403 625 1991 712">
    <p class='ocr_par' dir='ltr' id='par_1_4' title="bbox 403 625 1991 712">
     <span class='ocr_line' id='line_1_4' title="bbox 403 625 1991 712; baseline -0.012 -16"><span class='ocrx_word' id='word_1_18' title='bbox 403 655 535 712; x_wconf 86' lang='lat' dir='ltr'><strong>gens</strong></span> <span class='ocrx_word' id='word_1_19' title='bbox 562 639 704 694; x_wconf 81' lang='lat' dir='ltr'><strong>illam</strong></span> <span class='ocrx_word' id='word_1_20' title='bbox 751 633 1117 691; x_wconf 89' lang='lat' dir='ltr'><strong>tantummodo</strong></span> <span class='ocrx_word' id='word_1_21' title='bbox 1171 627 1414 700; x_wconf 86' lang='lat' dir='ltr'><strong>corporis</strong></span> <span class='ocrx_word' id='word_1_22' title='bbox 1457 625 1531 681; x_wconf 82' lang='lat' dir='ltr'><strong>tui</strong></span> <span class='ocrx_word' id='word_1_23' title='bbox 1585 631 1790 696; x_wconf 88' lang='lat' dir='ltr'><strong>partem</strong></span> <span class='ocrx_word' id='word_1_24' title='bbox 1831 635 1991 694; x_wconf 89' lang='lat' dir='ltr'><strong>quam</strong></span> 
     </span>
    </p>
   </div>
   <div class='ocr_carea' id='block_1_5' title="bbox 403 717 1993 796">
    <p class='ocr_par' dir='ltr' id='par_1_5' title="bbox 403 717 1993 796">
     <span class='ocr_line' id='line_1_5' title="bbox 403 717 1993 796; baseline -0.013 -8"><span class='ocrx_word' id='word_1_25' title='bbox 403 731 644 788; x_wconf 81' lang='lat' dir='ltr'><strong>diabolus</strong></span> <span class='ocrx_word' id='word_1_26' title='bbox 695 727 891 789; x_wconf 87' lang='lat' dir='ltr'><strong>movit,</strong></span> <span class='ocrx_word' id='word_1_27' title='bbox 933 725 1134 796; x_wconf 89' lang='lat' dir='ltr'><strong>reliqua</strong></span> <span class='ocrx_word' id='word_1_28' title='bbox 1182 718 1356 776; x_wconf 91' lang='lat' dir='ltr'><strong>nudus</strong></span> <span class='ocrx_word' id='word_1_29' title='bbox 1402 717 1637 774; x_wconf 86' lang='lat' dir='ltr'><strong>inceditu</strong></span> <span class='ocrx_word' id='word_1_30' title='bbox 1667 735 1682 771; x_wconf 87' lang='lat'><strong>:</strong></span> <span class='ocrx_word' id='word_1_31' title='bbox 1710 717 1831 786; x_wconf 85' lang='lat' dir='ltr'><strong>quia</strong></span> <span class='ocrx_word' id='word_1_32' title='bbox 1864 730 1993 786; x_wconf 68' lang='lat' dir='ltr'><strong>pro.</strong></span> 
     </span>
    </p>
   </div>
   <div class='ocr_carea' id='block_1_6' title="bbox 402 809 1995 893">
    <p class='ocr_par' dir='ltr' id='par_1_6' title="bbox 402 809 1995 893">
     <span class='ocr_line' id='line_1_6' title="bbox 402 809 1995 893; baseline -0.01 -15"><span class='ocrx_word' id='word_1_33' title='bbox 402 823 618 881; x_wconf 86' lang='lat' dir='ltr'><strong>nuntias</strong></span> <span class='ocrx_word' id='word_1_34' title='bbox 646 821 910 893; x_wconf 87' lang='lat' dir='ltr'><strong>ingratum</strong></span> <span class='ocrx_word' id='word_1_35' title='bbox 955 821 1157 872; x_wconf 73' lang='lat' dir='ltr'><strong>esseet</strong></span> <span class='ocrx_word' id='word_1_36' title='bbox 1191 810 1494 884; x_wconf 82' lang='lat' dir='ltr'><strong>profanum,</strong></span> <span class='ocrx_word' id='word_1_37' title='bbox 1543 809 1741 881; x_wconf 87' lang='lat' dir='ltr'><strong>siquid</strong></span> <span class='ocrx_word' id='word_1_38' title='bbox 1786 815 1995 879; x_wconf 82' lang='lat' dir='ltr'><strong>tegatur</strong></span> 
     </span>
    </p>
   </div>
   <div class='ocr_carea' id='block_1_7' title="bbox 400 899 1995 986">
    <p class='ocr_par' dir='ltr' id='par_1_7' title="bbox 400 899 1995 986">
     <span class='ocr_line' id='line_1_7' title="bbox 400 899 1995 986; baseline -0.011 -15"><span class='ocrx_word' id='word_1_39' title='bbox 400 912 545 986; x_wconf 88' lang='lat' dir='ltr'><strong>quod</strong></span> <span class='ocrx_word' id='word_1_40' title='bbox 575 912 667 968; x_wconf 85' lang='lat' dir='ltr'><strong>Dei</strong></span> <span class='ocrx_word' id='word_1_41' title='bbox 692 910 944 983; x_wconf 81' lang='lat' dir='ltr'><strong>Operibus</strong></span> <span class='ocrx_word' id='word_1_42' title='bbox 971 905 1308 963; x_wconf 78' lang='lat' dir='ltr'><strong>adscribitur.</strong></span> <span class='ocrx_word' id='word_1_43' title='bbox 1339 901 1491 969; x_wconf 85' lang='lat' dir='ltr'><strong>Quod</strong></span> <span class='ocrx_word' id='word_1_44' title='bbox 1533 916 1654 956; x_wconf 92' lang='lat' dir='ltr'><strong>cum</strong></span> <span class='ocrx_word' id='word_1_45' title='bbox 1678 899 1868 956; x_wconf 89' lang='lat' dir='ltr'><strong>horum</strong></span> <span class='ocrx_word' id='word_1_46' title='bbox 1913 899 1995 954; x_wconf 78' lang='lat' dir='ltr'><strong>ui-</strong></span> 
     </span>
    </p>
   </div>
   <div class='ocr_carea' id='block_1_8' title="bbox 404 993 1991 1073">
    <p class='ocr_par' dir='ltr' id='par_1_8' title="bbox 404 993 1991 1073">
     <span class='ocr_line' id='line_1_8' title="bbox 404 993 1991 1073; baseline -0.007 -13"><span class='ocrx_word' id='word_1_47' title='bbox 404 1005 476 1062; x_wconf 90' lang='lat' dir='ltr'><strong>hil</strong></span> <span class='ocrx_word' id='word_1_48' title='bbox 499 1004 627 1060; x_wconf 89' lang='lat' dir='ltr'><strong>facis</strong></span> <span class='ocrx_word' id='word_1_49' title='bbox 653 1004 721 1073; x_wconf 93' lang='lat' dir='ltr'><strong>(si</strong></span> <span class='ocrx_word' id='word_1_50' title='bbox 747 1014 923 1058; x_wconf 90' lang='lat' dir='ltr'><strong>tamen</strong></span> <span class='ocrx_word' id='word_1_51' title='bbox 941 1015 1046 1056; x_wconf 91' lang='lat' dir='ltr'><strong>non</strong></span> <span class='ocrx_word' id='word_1_52' title='bbox 1070 996 1398 1070; x_wconf 88' lang='lat' dir='ltr'><strong>proﬂciendo</strong></span> <span class='ocrx_word' id='word_1_53' title='bbox 1419 997 1437 1030; x_wconf 86' lang='grc'>¹</span> <span class='ocrx_word' id='word_1_54' title='bbox 1459 993 1692 1065; x_wconf 80' lang='lat' dir='ltr'><strong>feceris),</strong></span> <span class='ocrx_word' id='word_1_55' title='bbox 1709 993 1839 1064; x_wconf 82' lang='lat' dir='ltr'><strong>ipsis</strong></span> <span class='ocrx_word' id='word_1_56' title='bbox 1859 1007 1991 1065; x_wconf 88' lang='lat' dir='ltr'><strong>ope-</strong></span> 
     </span>
    </p>
   </div>
   <div class='ocr_carea' id='block_1_9' title="bbox 404 1088 1992 1158">
    <p class='ocr_par' dir='ltr' id='par_1_9' title="bbox 404 1088 1992 1158">
     <span class='ocr_line' id='line_1_9' title="bbox 404 1088 1992 1158; baseline -0.006 -4"><span class='ocrx_word' id='word_1_57' title='bbox 404 1099 554 1155; x_wconf 90' lang='lat' dir='ltr'><strong>ribus</strong></span> <span class='ocrx_word' id='word_1_58' title='bbox 577 1095 865 1155; x_wconf 86' lang='lat' dir='ltr'><strong>conlirmas</strong></span> <span class='ocrx_word' id='word_1_59' title='bbox 892 1095 1118 1151; x_wconf 90' lang='lat' dir='ltr'><strong>alterum</strong></span> <span class='ocrx_word' id='word_1_60' title='bbox 1145 1092 1213 1149; x_wconf 90' lang='lat' dir='ltr'><strong>de</strong></span> <span class='ocrx_word' id='word_1_61' title='bbox 1263 1091 1492 1158; x_wconf 86' lang='lat' dir='ltr'><strong>duobus,</strong></span> <span class='ocrx_word' id='word_1_62' title='bbox 1519 1091 1622 1145; x_wconf 88' lang='lat' dir='ltr'><strong>&#39;aut</strong></span> <span class='ocrx_word' id='word_1_63' title='bbox 1664 1088 1844 1145; x_wconf 85' lang='lat' dir='ltr'><strong>omnia</strong></span> <span class='ocrx_word' id='word_1_64' title='bbox 1892 1090 1992 1145; x_wconf 90' lang='lat' dir='ltr'><strong>ista</strong></span> 
     </span>
    </p>
   </div>
   <div class='ocr_carea' id='block_1_10' title="bbox 404 1182 1993 1260">
    <p class='ocr_par' dir='ltr' id='par_1_10' title="bbox 404 1182 1993 1260">
     <span class='ocr_line' id='line_1_10' title="bbox 404 1182 1993 1260; baseline -0.005 -14"><span class='ocrx_word' id='word_1_65' title='bbox 404 1190 473 1246; x_wconf 88' lang='lat' dir='ltr'><strong>ad</strong></span> <span class='ocrx_word' id='word_1_66' title='bbox 503 1189 775 1246; x_wconf 89' lang='lat' dir='ltr'><strong>diabolum</strong></span> <span class='ocrx_word' id='word_1_67' title='bbox 808 1189 1095 1260; x_wconf 90' lang='lat' dir='ltr'><strong>pertinere,</strong></span> <span class='ocrx_word' id='word_1_68' title='bbox 1125 1201 1244 1258; x_wconf 69' lang='lat' dir='ltr'><strong>qum</strong></span> <span class='ocrx_word' id='word_1_69' title='bbox 1270 1199 1374 1240; x_wconf 89' lang='lat' dir='ltr'><strong>non</strong></span> <span class='ocrx_word' id='word_1_70' title='bbox 1404 1182 1718 1255; x_wconf 87' lang='lat' dir='ltr'><strong>exsequeris</strong></span> <span class='ocrx_word' id='word_1_71' title='bbox 1741 1182 1842 1238; x_wconf 87' lang='lat' dir='ltr'><strong>sub</strong></span> <span class='ocrx_word' id='word_1_72' title='bbox 1864 1197 1993 1238; x_wconf 85' lang='lat' dir='ltr'><strong>con-</strong></span> 
     </span>
    </p>
   </div>
   <div class='ocr_carea' id='block_1_11' title="bbox 402 1275 1990 1354">
    <p class='ocr_par' dir='ltr' id='par_1_11' title="bbox 402 1275 1990 1354">
     <span class='ocr_line' id='line_1_11' title="bbox 402 1275 1990 1354; baseline -0.004 -17"><span class='ocrx_word' id='word_1_73' title='bbox 402 1290 589 1354; x_wconf 84' lang='lat' dir='ltr'><strong>spectu</strong></span> <span class='ocrx_word' id='word_1_74' title='bbox 614 1281 860 1354; x_wconf 87' lang='lat' dir='ltr'><strong>publico;</strong></span> <span class='ocrx_word' id='word_1_75' title='bbox 883 1289 976 1336; x_wconf 91' lang='lat' dir='ltr'><strong>aut</strong></span> <span class='ocrx_word' id='word_1_76' title='bbox 993 1280 1185 1352; x_wconf 87' lang='lat' dir='ltr'><strong>dogma</strong></span> <span class='ocrx_word' id='word_1_77' title='bbox 1206 1285 1464 1345; x_wconf 88' lang='lat' dir='ltr'><strong>vestrum,</strong></span> <span class='ocrx_word' id='word_1_78' title='bbox 1492 1275 1540 1332; x_wconf 85' lang='lat' dir='ltr'><strong>si</strong></span> <span class='ocrx_word' id='word_1_79' title='bbox 1564 1291 1673 1333; x_wconf 91' lang='lat' dir='ltr'><strong>non</strong></span> <span class='ocrx_word' id='word_1_80' title='bbox 1694 1275 1880 1345; x_wconf 88' lang='lat' dir='ltr'><strong>corde,</strong></span> <span class='ocrx_word' id='word_1_81' title='bbox 1907 1275 1990 1332; x_wconf 82' lang='lat' dir='ltr'><strong>vel</strong></span> 
     </span>
    </p>
   </div>
   <div class='ocr_carea' id='block_1_12' title="bbox 401 1371 1166 1431">
    <p class='ocr_par' dir='ltr' id='par_1_12' title="bbox 401 1371 1166 1431">
     <span class='ocr_line' id='line_1_12' title="bbox 401 1371 1166 1431; baseline -0.007 0"><span class='ocrx_word' id='word_1_82' title='bbox 401 1383 588 1431; x_wconf 77' lang='lat' dir='ltr'><strong>ventre</strong></span> <span class='ocrx_word' id='word_1_83' title='bbox 613 1382 705 1430; x_wconf 92' lang='lat' dir='ltr'><strong>tuo</strong></span> <span class='ocrx_word' id='word_1_84' title='bbox 730 1381 863 1429; x_wconf 84' lang='lat' dir='ltr'><strong>teste</strong></span> <span class='ocrx_word' id='word_1_85' title='bbox 887 1371 1166 1428; x_wconf 83' lang='lat' dir='ltr'><strong>cecidisse.</strong></span> 
     </span>
    </p>
   </div>
   <div class='ocr_carea' id='block_1_13' title="bbox 432 1457 1996 1535">
    <p class='ocr_par' dir='ltr' id='par_1_13' title="bbox 432 1457 1996 1535">
     <span class='ocr_line' id='line_1_13' title="bbox 432 1457 1996 1535; baseline -0.005 -15"><span class='ocrx_word' id='word_1_86' title='bbox 432 1531 438 1535; x_wconf 93' lang='lat'><strong>_</strong></span> <span class='ocrx_word' id='word_1_87' title='bbox 474 1466 608 1522; x_wconf 83' lang='lat' dir='ltr'><strong>Auc.</strong></span> <span class='ocrx_word' id='word_1_88' title='bbox 636 1463 836 1520; x_wconf 74' lang='lat' dir='ltr'><strong>Eorum</strong></span> <span class='ocrx_word' id='word_1_89' title='bbox 866 1479 986 1535; x_wconf 77' lang='lat' dir='ltr'><strong>quae</strong></span> <span class='ocrx_word' id='word_1_90' title='bbox 1013 1461 1243 1518; x_wconf 83' lang='lat' dir='ltr'><strong>occultat</strong></span> <span class='ocrx_word' id='word_1_91' title='bbox 1269 1458 1458 1532; x_wconf 92' lang='lat' dir='ltr'><strong>pudor,</strong></span> <span class='ocrx_word' id='word_1_92' title='bbox 1486 1459 1587 1514; x_wconf 89' lang='lat' dir='ltr'><strong>alia</strong></span> <span class='ocrx_word' id='word_1_93' title='bbox 1612 1465 1738 1515; x_wconf 91' lang='lat' dir='ltr'><strong>sunt</strong></span> <span class='ocrx_word' id='word_1_94' title='bbox 1773 1457 1996 1514; x_wconf 80' lang='lat' dir='ltr'><strong>horribi-</strong></span> 
     </span>
    </p>
   </div>
   <div class='ocr_carea' id='block_1_14' title="bbox 401 1550 1990 1625">
    <p class='ocr_par' dir='ltr' id='par_1_14' title="bbox 401 1550 1990 1625">
     <span class='ocr_line' id='line_1_14' title="bbox 401 1550 1990 1625; baseline -0.004 -15"><span class='ocrx_word' id='word_1_95' title='bbox 401 1556 495 1623; x_wconf 88' lang='lat' dir='ltr'><strong>lia,</strong></span> <span class='ocrx_word' id='word_1_96' title='bbox 527 1555 629 1612; x_wconf 88' lang='lat' dir='ltr'><strong>alia</strong></span> <span class='ocrx_word' id='word_1_97' title='bbox 650 1554 1080 1625; x_wconf 89' lang='lat' dir='ltr'><strong>concupiscibilia</strong></span> <span class='ocrx_word' id='word_1_98' title='bbox 1109 1571 1123 1608; x_wconf 89' lang='lat'><strong>:</strong></span> <span class='ocrx_word' id='word_1_99' title='bbox 1148 1553 1232 1608; x_wconf 88' lang='lat' dir='ltr'><strong>illa</strong></span> <span class='ocrx_word' id='word_1_100' title='bbox 1254 1552 1588 1617; x_wconf 88' lang='lat' dir='ltr'><strong>occuluntur,</strong></span> <span class='ocrx_word' id='word_1_101' title='bbox 1619 1565 1690 1608; x_wconf 86' lang='lat' dir='ltr'><strong>ne</strong></span> <span class='ocrx_word' id='word_1_102' title='bbox 1730 1550 1990 1605; x_wconf 90' lang='lat' dir='ltr'><strong>horrean-</strong></span> 
     </span>
    </p>
   </div>
   <div class='ocr_carea' id='block_1_15' title="bbox 402 1641 1992 1718">
    <p class='ocr_par' dir='ltr' id='par_1_15' title="bbox 402 1641 1992 1718">
     <span class='ocr_line' id='line_1_15' title="bbox 402 1641 1992 1718; baseline -0.006 -14"><span class='ocrx_word' id='word_1_103' title='bbox 402 1655 510 1717; x_wconf 87' lang='lat' dir='ltr'><strong>tur,</strong></span> <span class='ocrx_word' id='word_1_104' title='bbox 542 1648 682 1704; x_wconf 90' lang='lat' dir='ltr'><strong>sicut</strong></span> <span class='ocrx_word' id='word_1_105' title='bbox 705 1646 1010 1718; x_wconf 90' lang='lat' dir='ltr'><strong>egestiones</strong></span> <span class='ocrx_word' id='word_1_106' title='bbox 1059 1644 1400 1716; x_wconf 86' lang='lat' dir='ltr'><strong>reliquiarum</strong></span> <span class='ocrx_word' id='word_1_107' title='bbox 1443 1659 1506 1699; x_wconf 78' lang='lat' dir='ltr'><strong>ex</strong></span> <span class='ocrx_word' id='word_1_108' title='bbox 1553 1641 1851 1708; x_wconf 88' lang='lat' dir='ltr'><strong>alimentis;</strong></span> <span class='ocrx_word' id='word_1_109' title='bbox 1892 1641 1992 1696; x_wconf 84' lang='lat' dir='ltr'><strong>ista</strong></span> 
     </span>
    </p>
   </div>
   <div class='ocr_carea' id='block_1_16' title="bbox 398 1732 1986 1808">
    <p class='ocr_par' dir='ltr' id='par_1_16' title="bbox 398 1732 1986 1808">
     <span class='ocr_line' id='line_1_16' title="bbox 398 1732 1986 1808; baseline -0.004 -14"><span class='ocrx_word' id='word_1_110' title='bbox 398 1754 548 1807; x_wconf 87' lang='lat' dir='ltr'><strong>vero,</strong></span> <span class='ocrx_word' id='word_1_111' title='bbox 579 1754 648 1794; x_wconf 91' lang='lat' dir='ltr'><strong>ne</strong></span> <span class='ocrx_word' id='word_1_112' title='bbox 673 1737 1134 1808; x_wconf 86' lang='lat' dir='ltr'><strong>concupiscautnr,</strong></span> <span class='ocrx_word' id='word_1_113' title='bbox 1160 1734 1244 1792; x_wconf 81' lang='lat' dir='ltr'><strong>vel</strong></span> <span class='ocrx_word' id='word_1_114' title='bbox 1270 1751 1338 1792; x_wconf 85' lang='lat' dir='ltr'><strong>ne</strong></span> <span class='ocrx_word' id='word_1_115' title='bbox 1367 1734 1418 1789; x_wconf 89' lang='lat' dir='ltr'><strong>id</strong></span> <span class='ocrx_word' id='word_1_116' title='bbox 1448 1732 1592 1806; x_wconf 89' lang='lat' dir='ltr'><strong>quod</strong></span> <span class='ocrx_word' id='word_1_117' title='bbox 1639 1749 1734 1804; x_wconf 90' lang='lat' dir='ltr'><strong>per</strong></span> <span class='ocrx_word' id='word_1_118' title='bbox 1757 1749 1821 1788; x_wconf 89' lang='lat' dir='ltr'><strong>ea</strong></span> <span class='ocrx_word' id='word_1_119' title='bbox 1868 1732 1986 1788; x_wconf 81' lang='lat' dir='ltr'><strong>fieri</strong></span> 
     </span>
    </p>
   </div>
   <div class='ocr_carea' id='block_1_17' title="bbox 397 1823 1990 1898">
    <p class='ocr_par' dir='ltr' id='par_1_17' title="bbox 397 1823 1990 1898">
     <span class='ocr_line' id='line_1_17' title="bbox 397 1823 1990 1898; baseline -0.004 -13"><span class='ocrx_word' id='word_1_120' title='bbox 397 1829 558 1896; x_wconf 86' lang='lat' dir='ltr'><strong>solet,</strong></span> <span class='ocrx_word' id='word_1_121' title='bbox 581 1828 903 1884; x_wconf 83' lang='lat' dir='ltr'><strong>admoneant</strong></span> <span class='ocrx_word' id='word_1_122' title='bbox 941 1826 1268 1898; x_wconf 89' lang='lat' dir='ltr'><strong>concupisci,</strong></span> <span class='ocrx_word' id='word_1_123' title='bbox 1309 1826 1446 1880; x_wconf 87' lang='lat' dir='ltr'><strong>sicut</strong></span> <span class='ocrx_word' id='word_1_124' title='bbox 1474 1832 1598 1880; x_wconf 93' lang='lat' dir='ltr'><strong>sunt</strong></span> <span class='ocrx_word' id='word_1_125' title='bbox 1626 1839 1688 1881; x_wconf 89' lang='lat' dir='ltr'><strong>ea</strong></span> <span class='ocrx_word' id='word_1_126' title='bbox 1727 1823 1990 1891; x_wconf 88' lang='lat' dir='ltr'><strong>membra,</strong></span> 
     </span>
    </p>
   </div>
   <div class='ocr_carea' id='block_1_18' title="bbox 399 1915 1993 1992">
    <p class='ocr_par' dir='ltr' id='par_1_18' title="bbox 399 1915 1993 1992">
     <span class='ocr_line' id='line_1_18' title="bbox 399 1915 1993 1992; baseline -0.003 -15"><span class='ocrx_word' id='word_1_127' title='bbox 399 1935 520 1991; x_wconf 73' lang='lat' dir='ltr'><strong>qua:</strong></span> <span class='ocrx_word' id='word_1_128' title='bbox 547 1921 618 1976; x_wconf 91' lang='lat' dir='ltr'><strong>ab</strong></span> <span class='ocrx_word' id='word_1_129' title='bbox 646 1921 761 1991; x_wconf 91' lang='lat' dir='ltr'><strong>ipso</strong></span> <span class='ocrx_word' id='word_1_130' title='bbox 785 1917 996 1992; x_wconf 90' lang='lat' dir='ltr'><strong>pudore</strong></span> <span class='ocrx_word' id='word_1_131' title='bbox 1018 1917 1235 1991; x_wconf 81' lang='lat' dir='ltr'><strong>proprie</strong></span> <span class='ocrx_word' id='word_1_132' title='bbox 1272 1917 1515 1990; x_wconf 86' lang='lat' dir='ltr'><strong>pudenda</strong></span> <span class='ocrx_word' id='word_1_133' title='bbox 1543 1917 1808 1981; x_wconf 90' lang='lat' dir='ltr'><strong>dicuntur,</strong></span> <span class='ocrx_word' id='word_1_134' title='bbox 1841 1917 1924 1972; x_wconf 89' lang='lat' dir='ltr'><strong>vel</strong></span> <span class='ocrx_word' id='word_1_135' title='bbox 1947 1915 1993 1972; x_wconf 88' lang='lat' dir='ltr'><strong>si</strong></span> 
     </span>
    </p>
   </div>
   <div class='ocr_carea' id='block_1_19' title="bbox 398 2009 1990 2086">
    <p class='ocr_par' dir='ltr' id='par_1_19' title="bbox 398 2009 1990 2086">
     <span class='ocr_line' id='line_1_19' title="bbox 398 2009 1990 2086; baseline -0.003 -16"><span class='ocrx_word' id='word_1_136' title='bbox 398 2017 479 2072; x_wconf 91' lang='lat' dir='ltr'><strong>eis</strong></span> <span class='ocrx_word' id='word_1_137' title='bbox 505 2015 678 2086; x_wconf 90' lang='lat' dir='ltr'><strong>ipsum</strong></span> <span class='ocrx_word' id='word_1_138' title='bbox 706 2012 1151 2084; x_wconf 64' lang='lat' dir='ltr'><strong>concupiscentia:</strong></span> <span class='ocrx_word' id='word_1_139' title='bbox 1182 2026 1318 2084; x_wconf 88' lang='lat' dir='ltr'><strong>opus</strong></span> <span class='ocrx_word' id='word_1_140' title='bbox 1345 2011 1538 2082; x_wconf 87' lang='lat' dir='ltr'><strong>agitur.</strong></span> <span class='ocrx_word' id='word_1_141' title='bbox 1567 2009 1700 2065; x_wconf 84' lang='lat' dir='ltr'><strong>Nam</strong></span> <span class='ocrx_word' id='word_1_142' title='bbox 1722 2017 1776 2065; x_wconf 88' lang='lat' dir='ltr'><strong>et</strong></span> <span class='ocrx_word' id='word_1_143' title='bbox 1799 2018 1990 2066; x_wconf 60' lang='lat' dir='ltr'><strong>caetera</strong></span> 
     </span>
    </p>
   </div>
   <div class='ocr_carea' id='block_1_20' title="bbox 396 2100 1992 2177">
    <p class='ocr_par' dir='ltr' id='par_1_20' title="bbox 396 2100 1992 2177">
     <span class='ocr_line' id='line_1_20' title="bbox 396 2100 1992 2177; baseline -0.003 -15"><span class='ocrx_word' id='word_1_144' title='bbox 396 2105 642 2177; x_wconf 83' lang='lat' dir='ltr'><strong>corporis</strong></span> <span class='ocrx_word' id='word_1_145' title='bbox 660 2105 728 2161; x_wconf 88' lang='lat' dir='ltr'><strong>ab</strong></span> <span class='ocrx_word' id='word_1_146' title='bbox 763 2105 844 2160; x_wconf 88' lang='lat' dir='ltr'><strong>his</strong></span> <span class='ocrx_word' id='word_1_147' title='bbox 877 2104 1190 2171; x_wconf 86' lang='lat' dir='ltr'><strong>remotiora,</strong></span> <span class='ocrx_word' id='word_1_148' title='bbox 1217 2119 1337 2159; x_wconf 90' lang='lat' dir='ltr'><strong>cum</strong></span> <span class='ocrx_word' id='word_1_149' title='bbox 1350 2101 1515 2172; x_wconf 86' lang='lat' dir='ltr'><strong>pudet</strong></span> <span class='ocrx_word' id='word_1_150' title='bbox 1535 2102 1675 2157; x_wconf 81' lang='lat' dir='ltr'><strong>nuda</strong></span> <span class='ocrx_word' id='word_1_151' title='bbox 1693 2100 1992 2172; x_wconf 83' lang='lat' dir='ltr'><strong>relinquere</strong></span> 
     </span>
    </p>
   </div>
   <div class='ocr_carea' id='block_1_21' title="bbox 399 2193 1991 2266">
    <p class='ocr_par' dir='ltr' id='par_1_21' title="bbox 399 2193 1991 2266">
     <span class='ocr_line' id='line_1_21' title="bbox 399 2193 1991 2266; baseline -0.003 -14"><span class='ocrx_word' id='word_1_152' title='bbox 399 2199 516 2253; x_wconf 85' lang='lat' dir='ltr'><strong>sive</strong></span> <span class='ocrx_word' id='word_1_153' title='bbox 537 2197 758 2264; x_wconf 87' lang='lat' dir='ltr'><strong>nudare,</strong></span> <span class='ocrx_word' id='word_1_154' title='bbox 786 2196 851 2251; x_wconf 86' lang='lat' dir='ltr'><strong>ad</strong></span> <span class='ocrx_word' id='word_1_155' title='bbox 882 2195 982 2252; x_wconf 89' lang='lat' dir='ltr'><strong>hoc</strong></span> <span class='ocrx_word' id='word_1_156' title='bbox 1012 2196 1260 2266; x_wconf 85' lang='lat' dir='ltr'><strong>pertinet,</strong></span> <span class='ocrx_word' id='word_1_157' title='bbox 1303 2193 1555 2264; x_wconf 90' lang='lat' dir='ltr'><strong>quoniam</strong></span> <span class='ocrx_word' id='word_1_158' title='bbox 1601 2193 1991 2264; x_wconf 82' lang='lat' dir='ltr'><strong>concupiscen-</strong></span> 
     </span>
    </p>
   </div>
   <div class='ocr_carea' id='block_1_22' title="bbox 398 2283 1991 2360">
    <p class='ocr_par' dir='ltr' id='par_1_22' title="bbox 398 2283 1991 2360">
     <span class='ocr_line' id='line_1_22' title="bbox 398 2283 1991 2360; baseline -0.003 -15"><span class='ocrx_word' id='word_1_159' title='bbox 398 2291 470 2345; x_wconf 86' lang='lat' dir='ltr'><strong>tia</strong></span> <span class='ocrx_word' id='word_1_160' title='bbox 492 2289 674 2346; x_wconf 84' lang='lat' dir='ltr'><strong>carnis</strong></span> <span class='ocrx_word' id='word_1_161' title='bbox 702 2288 858 2344; x_wconf 85' lang='lat' dir='ltr'><strong>latius</strong></span> <span class='ocrx_word' id='word_1_162' title='bbox 881 2302 980 2360; x_wconf 88' lang='lat' dir='ltr'><strong>per</strong></span> <span class='ocrx_word' id='word_1_163' title='bbox 1017 2287 1200 2344; x_wconf 86' lang='lat' dir='ltr'><strong>oculos</strong></span> <span class='ocrx_word' id='word_1_164' title='bbox 1225 2285 1477 2357; x_wconf 87' lang='lat' dir='ltr'><strong>pascitur.</strong></span> <span class='ocrx_word' id='word_1_165' title='bbox 1504 2283 1657 2342; x_wconf 87' lang='lat' dir='ltr'><strong>Unde</strong></span> <span class='ocrx_word' id='word_1_166' title='bbox 1699 2284 1775 2340; x_wconf 90' lang='lat' dir='ltr'><strong>illi</strong></span> <span class='ocrx_word' id='word_1_167' title='bbox 1813 2285 1991 2354; x_wconf 83' lang='lat' dir='ltr'><strong>impu-</strong></span> 
     </span>
    </p>
   </div>
   <div class='ocr_carea' id='block_1_23' title="bbox 395 2375 1992 2461">
    <p class='ocr_par' dir='ltr' id='par_1_23' title="bbox 395 2375 1992 2461">
     <span class='ocr_line' id='line_1_23' title="bbox 395 2375 1992 2461; baseline -0.003 -24"><span class='ocrx_word' id='word_1_168' title='bbox 395 2381 504 2437; x_wconf 88' lang='lat' dir='ltr'><strong>dici</strong></span> <span class='ocrx_word' id='word_1_169' title='bbox 533 2380 780 2454; x_wconf 84' lang='lat' dir='ltr'><strong>pudicam</strong></span> <span class='ocrx_word' id='word_1_170' title='bbox 807 2378 1128 2461; x_wconf 73' lang='lat' dir='ltr'><strong>Susannam,</strong></span> <span class='ocrx_word' id='word_1_171' title='bbox 1155 2387 1412 2448; x_wconf 89' lang='lat' dir='ltr'><strong>quantum</strong></span> <span class='ocrx_word' id='word_1_172' title='bbox 1450 2383 1760 2448; x_wconf 88' lang='lat' dir='ltr'><strong>potuerunt,</strong></span> <span class='ocrx_word' id='word_1_173' title='bbox 1789 2375 1992 2432; x_wconf 87' lang='lat' dir='ltr'><strong>nudare</strong></span> 
     </span>
    </p>
   </div>
   <div class='ocr_carea' id='block_1_24' title="bbox 400 2465 1991 2544">
    <p class='ocr_par' dir='ltr' id='par_1_24' title="bbox 400 2465 1991 2544">
     <span class='ocr_line' id='line_1_24' title="bbox 400 2465 1991 2544; baseline -0.005 -16"><span class='ocrx_word' id='word_1_174' title='bbox 400 2471 684 2528; x_wconf 85' lang='lat' dir='ltr'><strong>voluerunt</strong></span> <span class='ocrx_word' id='word_1_175' title='bbox 707 2469 870 2544; x_wconf 87' lang='lat' dir='ltr'><strong>(Dan.</strong></span> <span class='ocrx_word' id='word_1_176' title='bbox 901 2485 1016 2538; x_wconf 92' lang='lat' dir='ltr'><strong>xut,</strong></span> <span class='ocrx_word' id='word_1_177' title='bbox 1039 2470 1154 2540; x_wconf 73' lang='lat'><strong>&#39;52).</strong></span> <span class='ocrx_word' id='word_1_178' title='bbox 1196 2468 1382 2524; x_wconf 88' lang='lat' dir='ltr'><strong>Potest</strong></span> <span class='ocrx_word' id='word_1_179' title='bbox 1413 2481 1547 2538; x_wconf 86' lang='lat' dir='ltr'><strong>ergo</strong></span> <span class='ocrx_word' id='word_1_180' title='bbox 1588 2466 1728 2522; x_wconf 83' lang='lat' dir='ltr'><strong>bene</strong></span> <span class='ocrx_word' id='word_1_181' title='bbox 1769 2465 1991 2538; x_wconf 70' lang='lat' dir='ltr'><strong>intelligi</strong></span> 
     </span>
    </p>
   </div>
   <div class='ocr_carea' id='block_1_25' title="bbox 399 2557 1993 2634">
    <p class='ocr_par' dir='ltr' id='par_1_25' title="bbox 399 2557 1993 2634">
     <span class='ocr_line' id='line_1_25' title="bbox 399 2557 1993 2634; baseline -0.004 -12"><span class='ocrx_word' id='word_1_182' title='bbox 399 2565 558 2622; x_wconf 87' lang='lat' dir='ltr'><strong>etiam</strong></span> <span class='ocrx_word' id='word_1_183' title='bbox 599 2563 764 2630; x_wconf 82' lang='lat' dir='ltr'><strong>Deus,</strong></span> <span class='ocrx_word' id='word_1_184' title='bbox 799 2561 1041 2634; x_wconf 78' lang='lat' dir='ltr'><strong>ejusdem</strong></span> <span class='ocrx_word' id='word_1_185' title='bbox 1067 2575 1281 2633; x_wconf 82' lang='lat' dir='ltr'><strong>quoque</strong></span> <span class='ocrx_word' id='word_1_186' title='bbox 1322 2559 1544 2632; x_wconf 90' lang='lat' dir='ltr'><strong>pudoris</strong></span> <span class='ocrx_word' id='word_1_187' title='bbox 1586 2557 1993 2615; x_wconf 82' lang='lat' dir='ltr'><strong>commendasse</strong></span> 
     </span>
    </p>
   </div>
   <div class='ocr_carea' id='block_1_26' title="bbox 398 2649 1988 2728">
    <p class='ocr_par' dir='ltr' id='par_1_26' title="bbox 398 2649 1988 2728">
     <span class='ocr_line' id='line_1_26' title="bbox 398 2649 1988 2728; baseline -0.006 -16"><span class='ocrx_word' id='word_1_188' title='bbox 398 2667 606 2722; x_wconf 73' lang='lat' dir='ltr'><strong>Curam,</strong></span> <span class='ocrx_word' id='word_1_189' title='bbox 644 2655 859 2728; x_wconf 87' lang='lat' dir='ltr'><strong>quando</strong></span> <span class='ocrx_word' id='word_1_190' title='bbox 902 2654 1027 2710; x_wconf 89' lang='lat' dir='ltr'><strong>illos</strong></span> <span class='ocrx_word' id='word_1_191' title='bbox 1064 2655 1156 2725; x_wconf 85' lang='lat' dir='ltr'><strong>qui</strong></span> <span class='ocrx_word' id='word_1_192' title='bbox 1183 2652 1286 2709; x_wconf 88' lang='lat' dir='ltr'><strong>sibi</strong></span> <span class='ocrx_word' id='word_1_193' title='bbox 1332 2651 1682 2709; x_wconf 86' lang='lat' dir='ltr'><strong>succinctoria</strong></span> <span class='ocrx_word' id='word_1_194' title='bbox 1731 2649 1988 2717; x_wconf 80' lang='lat' dir='ltr'><strong>fecerant,</strong></span> 
     </span>
    </p>
   </div>
   <div class='ocr_carea' id='block_1_27' title="bbox 397 2741 1993 2811">
    <p class='ocr_par' dir='ltr' id='par_1_27' title="bbox 397 2741 1993 2811">
     <span class='ocr_line' id='line_1_27' title="bbox 397 2741 1993 2811; baseline -0.006 -7"><span class='ocrx_word' id='word_1_195' title='bbox 397 2745 468 2804; x_wconf 82' lang='lat' dir='ltr'><strong>de</strong></span> <span class='ocrx_word' id='word_1_196' title='bbox 483 2764 578 2804; x_wconf 89' lang='lat' dir='ltr'><strong>sua</strong></span> <span class='ocrx_word' id='word_1_197' title='bbox 595 2746 836 2803; x_wconf 86' lang='lat' dir='ltr'><strong>nuditate</strong></span> <span class='ocrx_word' id='word_1_198' title='bbox 855 2744 1086 2810; x_wconf 88' lang='lat' dir='ltr'><strong>confusi,</strong></span> <span class='ocrx_word' id='word_1_199' title='bbox 1109 2745 1267 2801; x_wconf 88' lang='lat' dir='ltr'><strong>etiam</strong></span> <span class='ocrx_word' id='word_1_200' title='bbox 1301 2743 1494 2799; x_wconf 85' lang='lat' dir='ltr'><strong>tunicis</strong></span> <span class='ocrx_word' id='word_1_201' title='bbox 1517 2741 1724 2807; x_wconf 90' lang='lat' dir='ltr'><strong>induit;</strong></span> <span class='ocrx_word' id='word_1_202' title='bbox 1747 2749 1993 2811; x_wconf 80' lang='lat' dir='ltr'><strong>propter-</strong></span> 
     </span>
    </p>
   </div>
   <div class='ocr_carea' id='block_1_28' title="bbox 400 2831 1992 2910">
    <p class='ocr_par' dir='ltr' id='par_1_28' title="bbox 400 2831 1992 2910">
     <span class='ocr_line' id='line_1_28' title="bbox 400 2831 1992 2910; baseline -0.004 -15"><span class='ocrx_word' id='word_1_203' title='bbox 400 2853 466 2896; x_wconf 83' lang='lat' dir='ltr'><strong>ea</strong></span> <span class='ocrx_word' id='word_1_204' title='bbox 493 2839 708 2910; x_wconf 87' lang='lat' dir='ltr'><strong>quidem</strong></span> <span class='ocrx_word' id='word_1_205' title='bbox 735 2837 972 2908; x_wconf 91' lang='lat' dir='ltr'><strong>pelliceis</strong></span> <span class='ocrx_word' id='word_1_206' title='bbox 996 2834 1150 2908; x_wconf 79' lang='lat' dir='ltr'><strong>(Gen.</strong></span> <span class='ocrx_word' id='word_1_207' title='bbox 1179 2850 1255 2900; x_wconf 87' lang='lat' dir='ltr'><strong>ttt,</strong></span> <span class='ocrx_word' id='word_1_208' title='bbox 1285 2831 1402 2906; x_wconf 73' lang='lat' dir='ltr'><strong>2i),</strong></span> <span class='ocrx_word' id='word_1_209' title='bbox 1461 2843 1518 2888; x_wconf 91' lang='lat' dir='ltr'><strong>ut</strong></span> <span class='ocrx_word' id='word_1_210' title='bbox 1559 2833 1992 2903; x_wconf 87' lang='lat' dir='ltr'><strong>corruptibilibus</strong></span> 
     </span>
    </p>
   </div>
   <div class='ocr_carea' id='block_1_29' title="bbox 395 2921 1993 3000">
    <p class='ocr_par' dir='ltr' id='par_1_29' title="bbox 395 2921 1993 3000">
     <span class='ocr_line' id='line_1_29' title="bbox 395 2921 1993 3000; baseline -0.006 -14"><span class='ocrx_word' id='word_1_211' title='bbox 395 2930 506 3000; x_wconf 74' lang='lat' dir='ltr'><strong>iam</strong></span> <span class='ocrx_word' id='word_1_212' title='bbox 536 2927 852 2999; x_wconf 82' lang='lat' dir='ltr'><strong>corporibus</strong></span> <span class='ocrx_word' id='word_1_213' title='bbox 878 2940 1025 2978; x_wconf 89' lang='lat' dir='ltr'><strong>mors</strong></span> <span class='ocrx_word' id='word_1_214' title='bbox 1046 2924 1349 2994; x_wconf 82' lang='lat' dir='ltr'><strong>signaretur</strong></span> <span class='ocrx_word' id='word_1_215' title='bbox 1376 2922 1650 2992; x_wconf 82' lang='lat' dir='ltr'><strong>adjuncta.</strong></span> <span class='ocrx_word' id='word_1_216' title='bbox 1678 2921 1734 2976; x_wconf 94' lang='lat' dir='ltr'><strong>In</strong></span> <span class='ocrx_word' id='word_1_217' title='bbox 1781 2922 1993 2992; x_wconf 87' lang='lat' dir='ltr'><strong>publico</strong></span> 
     </span>
    </p>
   </div>
   <div class='ocr_carea' id='block_1_30' title="bbox 401 3011 1994 3085">
    <p class='ocr_par' dir='ltr' id='par_1_30' title="bbox 401 3011 1994 3085">
     <span class='ocr_line' id='line_1_30' title="bbox 401 3011 1994 3085; baseline -0.004 -11"><span class='ocrx_word' id='word_1_218' title='bbox 401 3032 580 3076; x_wconf 91' lang='lat' dir='ltr'><strong>autem</strong></span> <span class='ocrx_word' id='word_1_219' title='bbox 623 3016 769 3073; x_wconf 80' lang='lat' dir='ltr'><strong>vesci</strong></span> <span class='ocrx_word' id='word_1_220' title='bbox 796 3029 913 3071; x_wconf 90' lang='lat' dir='ltr'><strong>mos</strong></span> <span class='ocrx_word' id='word_1_221' title='bbox 938 3012 1208 3085; x_wconf 88' lang='lat' dir='ltr'><strong>prohibet,</strong></span> <span class='ocrx_word' id='word_1_222' title='bbox 1250 3027 1617 3083; x_wconf 83' lang='lat' dir='ltr'><strong>quoscumque</strong></span> <span class='ocrx_word' id='word_1_223' title='bbox 1644 3011 1912 3082; x_wconf 85' lang='lat' dir='ltr'><strong>prohibet,</strong></span> <span class='ocrx_word' id='word_1_224' title='bbox 1939 3020 1994 3067; x_wconf 91' lang='lat' dir='ltr'><strong>et</strong></span> 
     </span>
    </p>
   </div>
   <div class='ocr_carea' id='block_1_31' title="bbox 400 3102 1991 3174">
    <p class='ocr_par' dir='ltr' id='par_1_31' title="bbox 400 3102 1991 3174">
     <span class='ocr_line' id='line_1_31' title="bbox 400 3102 1991 3174; baseline -0.004 -9"><span class='ocrx_word' id='word_1_225' title='bbox 400 3111 578 3165; x_wconf 85' lang='lat' dir='ltr'><strong>facere</strong></span> <span class='ocrx_word' id='word_1_226' title='bbox 600 3115 790 3164; x_wconf 84' lang='lat' dir='ltr'><strong>contra</strong></span> <span class='ocrx_word' id='word_1_227' title='bbox 810 3120 1016 3163; x_wconf 88' lang='lat' dir='ltr'><strong>morem</strong></span> <span class='ocrx_word' id='word_1_228' title='bbox 1032 3104 1224 3160; x_wconf 89' lang='lat' dir='ltr'><strong>merito</strong></span> <span class='ocrx_word' id='word_1_229' title='bbox 1244 3102 1430 3174; x_wconf 86' lang='lat' dir='ltr'><strong>pudet.</strong></span> <span class='ocrx_word' id='word_1_230' title='bbox 1455 3102 1589 3158; x_wconf 83' lang='lat' dir='ltr'><strong>Nam</strong></span> <span class='ocrx_word' id='word_1_231' title='bbox 1611 3102 1842 3159; x_wconf 79' lang='lat' dir='ltr'><strong>Romani</strong></span> <span class='ocrx_word' id='word_1_232' title='bbox 1889 3118 1991 3159; x_wconf 86' lang='lat' dir='ltr'><strong>an-</strong></span> 
     </span>
    </p>
   </div>
   <div class='ocr_carea' id='block_1_32' title="bbox 401 3195 1993 3274">
    <p class='ocr_par' dir='ltr' id='par_1_32' title="bbox 401 3195 1993 3274">
     <span class='ocr_line' id='line_1_32' title="bbox 401 3195 1993 3274; baseline -0.003 -17"><span class='ocrx_word' id='word_1_233' title='bbox 401 3202 556 3274; x_wconf 90' lang='lat' dir='ltr'><strong>tiqui,</strong></span> <span class='ocrx_word' id='word_1_234' title='bbox 581 3198 725 3272; x_wconf 89' lang='lat' dir='ltr'><strong>quod</strong></span> <span class='ocrx_word' id='word_1_235' title='bbox 752 3199 914 3255; x_wconf 89' lang='lat' dir='ltr'><strong>etiam</strong></span> <span class='ocrx_word' id='word_1_236' title='bbox 931 3198 1047 3269; x_wconf 84' lang='lat' dir='ltr'><strong>ipse</strong></span> <span class='ocrx_word' id='word_1_237' title='bbox 1061 3196 1257 3268; x_wconf 80' lang='lat' dir='ltr'><strong>legisti,</strong></span> <span class='ocrx_word' id='word_1_238' title='bbox 1286 3195 1340 3250; x_wconf 84' lang='lat' dir='ltr'><strong>in</strong></span> <span class='ocrx_word' id='word_1_239' title='bbox 1363 3195 1643 3267; x_wconf 88' lang='lat' dir='ltr'><strong>propatulo</strong></span> <span class='ocrx_word' id='word_1_240' title='bbox 1663 3195 1993 3254; x_wconf 73' lang='lat' dir='ltr'><strong>ctnuitabant</strong></span> 
     </span>
    </p>
   </div>
   <div class='ocr_carea' id='block_1_33' title="bbox 399 3288 1994 3367">
    <p class='ocr_par' dir='ltr' id='par_1_33' title="bbox 399 3288 1994 3367">
     <span class='ocr_line' id='line_1_33' title="bbox 399 3288 1994 3367; baseline -0.002 -18"><span class='ocrx_word' id='word_1_241' title='bbox 399 3304 561 3366; x_wconf 86' lang='lat' dir='ltr'><strong>atque</strong></span> <span class='ocrx_word' id='word_1_242' title='bbox 591 3292 979 3367; x_wconf 87' lang='lat' dir='ltr'><strong>pransitabant.</strong></span> <span class='ocrx_word' id='word_1_243' title='bbox 1009 3289 1148 3360; x_wconf 84' lang='lat' dir='ltr'><strong>Quid</strong></span> <span class='ocrx_word' id='word_1_244' title='bbox 1172 3297 1257 3347; x_wconf 89' lang='lat' dir='ltr'><strong>est</strong></span> <span class='ocrx_word' id='word_1_245' title='bbox 1277 3304 1407 3362; x_wconf 89' lang='lat' dir='ltr'><strong>ergo</strong></span> <span class='ocrx_word' id='word_1_246' title='bbox 1435 3288 1595 3361; x_wconf 91' lang='lat' dir='ltr'><strong>quod,</strong></span> <span class='ocrx_word' id='word_1_247' title='bbox 1637 3305 1746 3345; x_wconf 90' lang='lat' dir='ltr'><strong>non</strong></span> <span class='ocrx_word' id='word_1_248' title='bbox 1785 3289 1994 3346; x_wconf 88' lang='lat' dir='ltr'><strong>ratioci-</strong></span> 
     </span>
    </p>
   </div>
   <div class='ocr_carea' id='block_1_34' title="bbox 399 3381 1993 3453">
    <p class='ocr_par' dir='ltr' id='par_1_34' title="bbox 399 3381 1993 3453">
     <span class='ocr_line' id='line_1_34' title="bbox 399 3381 1993 3453; baseline -0.004 -10"><span class='ocrx_word' id='word_1_249' title='bbox 399 3385 610 3453; x_wconf 88' lang='lat' dir='ltr'><strong>nando,</strong></span> <span class='ocrx_word' id='word_1_250' title='bbox 657 3385 753 3442; x_wconf 88' lang='lat' dir='ltr'><strong>sed</strong></span> <span class='ocrx_word' id='word_1_251' title='bbox 801 3382 1150 3440; x_wconf 79' lang='lat' dir='ltr'><strong>conviciando</strong></span> <span class='ocrx_word' id='word_1_252' title='bbox 1184 3382 1435 3453; x_wconf 83' lang='lat' dir='ltr'><strong>spatiaris</strong></span> <span class='ocrx_word' id='word_1_253' title='bbox 1475 3381 1530 3436; x_wconf 90' lang='lat' dir='ltr'><strong>in</strong></span> <span class='ocrx_word' id='word_1_254' title='bbox 1587 3381 1852 3436; x_wconf 84' lang='lat' dir='ltr'><strong>vacuum?</strong></span> <span class='ocrx_word' id='word_1_255' title='bbox 1897 3381 1993 3437; x_wconf 77' lang='lat' dir='ltr'><strong>lie-</strong></span> 
     </span>
    </p>
   </div>
   <div class='ocr_carea' id='block_1_35' title="bbox 397 3470 1989 3550">
    <p class='ocr_par' dir='ltr' id='par_1_35' title="bbox 397 3470 1989 3550">
     <span class='ocr_line' id='line_1_35' title="bbox 397 3470 1989 3550; baseline -0.005 -16"><span class='ocrx_word' id='word_1_256' title='bbox 397 3478 548 3550; x_wconf 87' lang='lat' dir='ltr'><strong>spice</strong></span> <span class='ocrx_word' id='word_1_257' title='bbox 574 3475 695 3532; x_wconf 87' lang='lat' dir='ltr'><strong>illos</strong></span> <span class='ocrx_word' id='word_1_258' title='bbox 723 3474 924 3546; x_wconf 88' lang='lat' dir='ltr'><strong>primos</strong></span> <span class='ocrx_word' id='word_1_259' title='bbox 945 3479 1216 3544; x_wconf 86' lang='lat' dir='ltr'><strong>parentes,</strong></span> <span class='ocrx_word' id='word_1_260' title='bbox 1262 3472 1353 3544; x_wconf 86' lang='lat' dir='ltr'><strong>qui</strong></span> <span class='ocrx_word' id='word_1_261' title='bbox 1397 3470 1525 3526; x_wconf 88' lang='lat' dir='ltr'><strong>nudi</strong></span> <span class='ocrx_word' id='word_1_262' title='bbox 1559 3478 1734 3538; x_wconf 87' lang='lat' dir='ltr'><strong>erant,</strong></span> <span class='ocrx_word' id='word_1_263' title='bbox 1780 3481 1836 3526; x_wconf 91' lang='lat' dir='ltr'><strong>et</strong></span> <span class='ocrx_word' id='word_1_264' title='bbox 1884 3487 1989 3528; x_wconf 88' lang='lat' dir='ltr'><strong>nou</strong></span> 
     </span>
    </p>
   </div>
   <div class='ocr_carea' id='block_1_36' title="bbox 398 3564 1991 3637">
    <p class='ocr_par' dir='ltr' id='par_1_36' title="bbox 398 3564 1991 3637">
     <span class='ocr_line' id='line_1_36' title="bbox 398 3564 1991 3637; baseline -0.003 -12"><span class='ocrx_word' id='word_1_265' title='bbox 398 3567 864 3625; x_wconf 79' lang='lat' dir='ltr'><strong>confundebantur</strong></span> <span class='ocrx_word' id='word_1_266' title='bbox 893 3585 909 3623; x_wconf 90' lang='lat'><strong>:</strong></span> <span class='ocrx_word' id='word_1_267' title='bbox 936 3565 1154 3622; x_wconf 84' lang='lat' dir='ltr'><strong>attende</strong></span> <span class='ocrx_word' id='word_1_268' title='bbox 1191 3564 1320 3637; x_wconf 91' lang='lat' dir='ltr'><strong>quid</strong></span> <span class='ocrx_word' id='word_1_269' title='bbox 1356 3565 1608 3630; x_wconf 77' lang='lat' dir='ltr'><strong>texerint,</strong></span> <span class='ocrx_word' id='word_1_270' title='bbox 1651 3573 1706 3620; x_wconf 92' lang='lat' dir='ltr'><strong>ct</strong></span> <span class='ocrx_word' id='word_1_271' title='bbox 1733 3565 1991 3621; x_wconf 81' lang='lat' dir='ltr'><strong>confitere</strong></span> 
     </span>
    </p>
   </div>
   <div class='ocr_carea' id='block_1_37' title="bbox 399 3657 1989 3735">
    <p class='ocr_par' dir='ltr' id='par_1_37' title="bbox 399 3657 1989 3735">
     <span class='ocr_line' id='line_1_37' title="bbox 399 3657 1989 3735; baseline -0.003 -18"><span class='ocrx_word' id='word_1_272' title='bbox 399 3665 525 3735; x_wconf 87' lang='lat' dir='ltr'><strong>quid</strong></span> <span class='ocrx_word' id='word_1_273' title='bbox 571 3662 859 3720; x_wconf 85' lang='lat' dir='ltr'><strong>senserint.</strong></span> <span class='ocrx_word' id='word_1_274' title='bbox 897 3660 942 3716; x_wconf 83' lang='lat' dir='ltr'><strong>A</strong></span> <span class='ocrx_word' id='word_1_275' title='bbox 979 3659 1350 3716; x_wconf 84' lang='lat' dir='ltr'><strong>suceinetoriis</strong></span> <span class='ocrx_word' id='word_1_276' title='bbox 1405 3657 1474 3714; x_wconf 84' lang='lat' dir='ltr'><strong>ad</strong></span> <span class='ocrx_word' id='word_1_277' title='bbox 1515 3658 1722 3714; x_wconf 88' lang='lat' dir='ltr'><strong>tunicas</strong></span> <span class='ocrx_word' id='word_1_278' title='bbox 1771 3667 1989 3714; x_wconf 84' lang='lat' dir='ltr'><strong>ventum</strong></span> 
     </span>
    </p>
   </div>
   <div class='ocr_carea' id='block_1_38' title="bbox 399 3749 1989 3825">
    <p class='ocr_par' dir='ltr' id='par_1_38' title="bbox 399 3749 1989 3825">
     <span class='ocr_line' id='line_1_38' title="bbox 399 3749 1989 3825; baseline -0.004 -14"><span class='ocrx_word' id='word_1_279' title='bbox 399 3765 514 3810; x_wconf 82' lang='lat' dir='ltr'><strong>cst:</strong></span> <span class='ocrx_word' id='word_1_280' title='bbox 539 3755 666 3811; x_wconf 89' lang='lat' dir='ltr'><strong>inde</strong></span> <span class='ocrx_word' id='word_1_281' title='bbox 704 3753 888 3825; x_wconf 68' lang='lat' dir='ltr'><strong>erepit,</strong></span> <span class='ocrx_word' id='word_1_282' title='bbox 919 3760 972 3808; x_wconf 91' lang='lat' dir='ltr'><strong>et</strong></span> <span class='ocrx_word' id='word_1_283' title='bbox 997 3751 1168 3808; x_wconf 87' lang='lat' dir='ltr'><strong>crevit</strong></span> <span class='ocrx_word' id='word_1_284' title='bbox 1185 3749 1405 3806; x_wconf 86' lang='lat' dir='ltr'><strong>humani</strong></span> <span class='ocrx_word' id='word_1_285' title='bbox 1444 3749 1689 3820; x_wconf 85' lang='lat' dir='ltr'><strong>corporis</strong></span> <span class='ocrx_word' id='word_1_286' title='bbox 1733 3749 1989 3821; x_wconf 85' lang='lat' dir='ltr'><strong>tegimen,</strong></span> 
     </span>
    </p>
   </div>
   <div class='ocr_carea' id='block_1_39' title="bbox 397 3840 1989 3914">
    <p class='ocr_par' dir='ltr' id='par_1_39' title="bbox 397 3840 1989 3914">
     <span class='ocr_line' id='line_1_39' title="bbox 397 3840 1989 3914; baseline -0.006 -10"><span class='ocrx_word' id='word_1_287' title='bbox 397 3848 486 3906; x_wconf 90' lang='lat' dir='ltr'><strong>ubi</strong></span> <span class='ocrx_word' id='word_1_288' title='bbox 517 3845 764 3904; x_wconf 86' lang='lat' dir='ltr'><strong>humanis</strong></span> <span class='ocrx_word' id='word_1_289' title='bbox 801 3844 1057 3901; x_wconf 89' lang='lat' dir='ltr'><strong>membris</strong></span> <span class='ocrx_word' id='word_1_290' title='bbox 1096 3842 1465 3914; x_wconf 89' lang='lat' dir='ltr'><strong>pudendorum</strong></span> <span class='ocrx_word' id='word_1_291' title='bbox 1501 3847 1587 3897; x_wconf 89' lang='lat' dir='ltr'><strong>est</strong></span> <span class='ocrx_word' id='word_1_292' title='bbox 1623 3840 1848 3896; x_wconf 90' lang='lat' dir='ltr'><strong>inditum</strong></span> <span class='ocrx_word' id='word_1_293' title='bbox 1886 3856 1989 3896; x_wconf 86' lang='lat' dir='ltr'><strong>no-</strong></span> 
     </span>
    </p>
   </div>
   <div class='ocr_carea' id='block_1_40' title="bbox 399 3931 1990 4010">
    <p class='ocr_par' dir='ltr' id='par_1_40' title="bbox 399 3931 1990 4010">
     <span class='ocr_line' id='line_1_40' title="bbox 399 3931 1990 4010; baseline -0.006 -14"><span class='ocrx_word' id='word_1_294' title='bbox 399 3956 543 3996; x_wconf 88' lang='lat' dir='ltr'><strong>tuen.</strong></span> <span class='ocrx_word' id='word_1_295' title='bbox 573 3938 646 3995; x_wconf 89' lang='lat' dir='ltr'><strong>lbi</strong></span> <span class='ocrx_word' id='word_1_296' title='bbox 668 3936 888 4010; x_wconf 88' lang='lat' dir='ltr'><strong>pudoris</strong></span> <span class='ocrx_word' id='word_1_297' title='bbox 915 3934 1088 4006; x_wconf 84' lang='lat' dir='ltr'><strong>major</strong></span> <span class='ocrx_word' id='word_1_298' title='bbox 1115 3943 1198 3990; x_wconf 89' lang='lat' dir='ltr'><strong>est</strong></span> <span class='ocrx_word' id='word_1_299' title='bbox 1219 3948 1367 4002; x_wconf 91' lang='lat' dir='ltr'><strong>cura,</strong></span> <span class='ocrx_word' id='word_1_300' title='bbox 1392 3931 1481 3989; x_wconf 91' lang='lat' dir='ltr'><strong>ubi</strong></span> <span class='ocrx_word' id='word_1_301' title='bbox 1510 3932 1711 3988; x_wconf 86' lang='lat' dir='ltr'><strong>resistit</strong></span> <span class='ocrx_word' id='word_1_302' title='bbox 1731 3933 1990 4003; x_wconf 86' lang='lat' dir='ltr'><strong>concupi-</strong></span> 
     </span>
    </p>
   </div>
   <div class='ocr_carea' id='block_1_41' title="bbox 398 4022 1989 4102">
    <p class='ocr_par' dir='ltr' id='par_1_41' title="bbox 398 4022 1989 4102">
     <span class='ocr_line' id='line_1_41' title="bbox 398 4022 1989 4102; baseline -0.005 -14"><span class='ocrx_word' id='word_1_303' title='bbox 398 4032 615 4089; x_wconf 65' lang='lat' dir='ltr'><strong>scentia:</strong></span> <span class='ocrx_word' id='word_1_304' title='bbox 640 4029 913 4102; x_wconf 85' lang='lat' dir='ltr'><strong>pudicitia.</strong></span> <span class='ocrx_word' id='word_1_305' title='bbox 958 4027 1131 4084; x_wconf 87' lang='lat' dir='ltr'><strong>Pudet</strong></span> <span class='ocrx_word' id='word_1_306' title='bbox 1169 4022 1314 4083; x_wconf 84' lang='lat' dir='ltr'><strong>enim</strong></span> <span class='ocrx_word' id='word_1_307' title='bbox 1361 4034 1609 4081; x_wconf 87' lang='lat' dir='ltr'><strong>naturam</strong></span> <span class='ocrx_word' id='word_1_308' title='bbox 1672 4026 1989 4082; x_wconf 82' lang='lat' dir='ltr'><strong>rationalem</strong></span> 
     </span>
    </p>
   </div>
   <div class='ocr_carea' id='block_1_42' title="bbox 398 4117 1990 4197">
    <p class='ocr_par' dir='ltr' id='par_1_42' title="bbox 398 4117 1990 4197">
     <span class='ocr_line' id='line_1_42' title="bbox 398 4117 1990 4197; baseline -0.006 -16"><span class='ocrx_word' id='word_1_309' title='bbox 398 4124 598 4197; x_wconf 88' lang='lat' dir='ltr'><strong>aliquid</strong></span> <span class='ocrx_word' id='word_1_310' title='bbox 628 4123 825 4179; x_wconf 88' lang='lat' dir='ltr'><strong>habere</strong></span> <span class='ocrx_word' id='word_1_311' title='bbox 853 4122 908 4178; x_wconf 91' lang='lat' dir='ltr'><strong>in</strong></span> <span class='ocrx_word' id='word_1_312' title='bbox 935 4135 1097 4176; x_wconf 89' lang='lat' dir='ltr'><strong>carne</strong></span> <span class='ocrx_word' id='word_1_313' title='bbox 1123 4134 1243 4188; x_wconf 88' lang='lat' dir='ltr'><strong>sua,</strong></span> <span class='ocrx_word' id='word_1_314' title='bbox 1266 4117 1355 4174; x_wconf 92' lang='lat' dir='ltr'><strong>ubi</strong></span> <span class='ocrx_word' id='word_1_315' title='bbox 1385 4118 1429 4173; x_wconf 91' lang='lat' dir='ltr'><strong>si</strong></span> <span class='ocrx_word' id='word_1_316' title='bbox 1461 4133 1566 4173; x_wconf 90' lang='lat' dir='ltr'><strong>non</strong></span> <span class='ocrx_word' id='word_1_317' title='bbox 1609 4118 1726 4173; x_wconf 86' lang='lat' dir='ltr'><strong>vult</strong></span> <span class='ocrx_word' id='word_1_318' title='bbox 1749 4132 1846 4189; x_wconf 86' lang='lat' dir='ltr'><strong>per</strong></span> <span class='ocrx_word' id='word_1_319' title='bbox 1884 4117 1990 4172; x_wconf 84' lang='lat' dir='ltr'><strong>im-</strong></span> 
     </span>
    </p>
   </div>
   <div class='ocr_carea' id='block_1_43' title="bbox 397 4197 1989 4288">
    <p class='ocr_par' dir='ltr' id='par_1_43' title="bbox 397 4197 1989 4288">
     <span class='ocr_line' id='line_1_43' title="bbox 397 4197 1989 4288; baseline -0.003 -15"><span class='ocrx_word' id='word_1_320' title='bbox 397 4217 703 4288; x_wconf 88' lang='lat' dir='ltr'><strong>pudicitiam</strong></span> <span class='ocrx_word' id='word_1_321' title='bbox 724 4213 1085 4281; x_wconf 89' lang='lat' dir='ltr'><strong>dehonestari,</strong></span> <span class='ocrx_word' id='word_1_322' title='bbox 1105 4225 1327 4270; x_wconf 87' lang='lat' dir='ltr'><strong>necesse</strong></span> <span class='ocrx_word' id='word_1_323' title='bbox 1351 4211 1423 4267; x_wconf 85' lang='lat' dir='ltr'><strong>sit</strong></span> <span class='ocrx_word' id='word_1_324' title='bbox 1438 4197 1708 4279; x_wconf 75' lang='lat' dir='ltr'><strong>reluctari,</strong></span> <span class='ocrx_word' id='word_1_325' title='bbox 1727 4219 1837 4265; x_wconf 88' lang='lat' dir='ltr'><strong>tam</strong></span> <span class='ocrx_word' id='word_1_326' title='bbox 1855 4224 1989 4268; x_wconf 78' lang='lat' dir='ltr'><strong>con-</strong></span> 
     </span>
    </p>
   </div>
   <div class='ocr_carea' id='block_1_44' title="bbox 392 4302 1990 4382">
    <p class='ocr_par' dir='ltr' id='par_1_44' title="bbox 392 4302 1990 4382">
     <span class='ocr_line' id='line_1_44' title="bbox 392 4302 1990 4382; baseline -0.005 -16"><span class='ocrx_word' id='word_1_327' title='bbox 392 4309 592 4382; x_wconf 72' lang='lat' dir='ltr'><strong>iugatis</strong></span> <span class='ocrx_word' id='word_1_328' title='bbox 614 4323 684 4364; x_wconf 91' lang='lat' dir='ltr'><strong>ne</strong></span> <span class='ocrx_word' id='word_1_329' title='bbox 709 4306 917 4375; x_wconf 90' lang='lat' dir='ltr'><strong>illicito,</strong></span> <span class='ocrx_word' id='word_1_330' title='bbox 949 4319 1111 4377; x_wconf 88' lang='lat' dir='ltr'><strong>quam</strong></span> <span class='ocrx_word' id='word_1_331' title='bbox 1135 4302 1533 4360; x_wconf 83' lang='lat' dir='ltr'><strong>continentibus</strong></span> <span class='ocrx_word' id='word_1_332' title='bbox 1560 4317 1628 4358; x_wconf 92' lang='lat' dir='ltr'><strong>ue</strong></span> <span class='ocrx_word' id='word_1_333' title='bbox 1657 4302 1767 4358; x_wconf 91' lang='lat' dir='ltr'><strong>ullo</strong></span> <span class='ocrx_word' id='word_1_334' title='bbox 1791 4316 1990 4358; x_wconf 87' lang='lat' dir='ltr'><strong>concu-</strong></span> 
     </span>
    </p>
   </div>
   <div class='ocr_carea' id='block_1_45' title="bbox 397 4393 1988 4465">
    <p class='ocr_par' dir='ltr' id='par_1_45' title="bbox 397 4393 1988 4465">
     <span class='ocr_line' id='line_1_45' title="bbox 397 4393 1988 4465; baseline -0.005 -7"><span class='ocrx_word' id='word_1_335' title='bbox 397 4402 512 4458; x_wconf 89' lang='lat' dir='ltr'><strong>bitu</strong></span> <span class='ocrx_word' id='word_1_336' title='bbox 539 4399 902 4457; x_wconf 86' lang='lat' dir='ltr'><strong>sordidentur.</strong></span> <span class='ocrx_word' id='word_1_337' title='bbox 931 4397 1059 4454; x_wconf 65' lang='lat' dir='ltr'><strong>Haec</strong></span> <span class='ocrx_word' id='word_1_338' title='bbox 1086 4395 1354 4452; x_wconf 83' lang='lat' dir='ltr'><strong>discordia</strong></span> <span class='ocrx_word' id='word_1_339' title='bbox 1381 4396 1559 4451; x_wconf 90' lang='lat' dir='ltr'><strong>carnis</strong></span> <span class='ocrx_word' id='word_1_340' title='bbox 1593 4404 1648 4450; x_wconf 89' lang='lat' dir='ltr'><strong>et</strong></span> <span class='ocrx_word' id='word_1_341' title='bbox 1686 4393 1906 4465; x_wconf 87' lang='lat' dir='ltr'><strong>spiritus</strong></span> <span class='ocrx_word' id='word_1_342' title='bbox 1936 4395 1988 4450; x_wconf 91' lang='lat' dir='ltr'><strong>in</strong></span> 
     </span>
    </p>
   </div>
   <div class='ocr_carea' id='block_1_46' title="bbox 395 4487 1988 4563">
    <p class='ocr_par' dir='ltr' id='par_1_46' title="bbox 395 4487 1988 4563">
     <span class='ocr_line' id='line_1_46' title="bbox 395 4487 1988 4563; baseline -0.004 -14"><span class='ocrx_word' id='word_1_343' title='bbox 395 4489 666 4563; x_wconf 82' lang='lat' dir='ltr'><strong>paradiso,</strong></span> <span class='ocrx_word' id='word_1_344' title='bbox 697 4491 744 4547; x_wconf 92' lang='lat' dir='ltr'><strong>si</strong></span> <span class='ocrx_word' id='word_1_345' title='bbox 765 4505 924 4546; x_wconf 91' lang='lat' dir='ltr'><strong>nemo</strong></span> <span class='ocrx_word' id='word_1_346' title='bbox 951 4495 1250 4562; x_wconf 87' lang='lat' dir='ltr'><strong>peccasset,</strong></span> <span class='ocrx_word' id='word_1_347' title='bbox 1288 4487 1427 4543; x_wconf 89' lang='lat' dir='ltr'><strong>absit</strong></span> <span class='ocrx_word' id='word_1_348' title='bbox 1461 4495 1520 4541; x_wconf 92' lang='lat' dir='ltr'><strong>ut</strong></span> <span class='ocrx_word' id='word_1_349' title='bbox 1553 4501 1676 4543; x_wconf 88' lang='lat' dir='ltr'><strong>esse</strong></span> <span class='ocrx_word' id='word_1_350' title='bbox 1715 4487 1988 4557; x_wconf 86' lang='lat' dir='ltr'><strong>potuerit:</strong></span> 
     </span>
    </p>
   </div>
   <div class='ocr_carea' id='block_1_47' title="bbox 395 4579 1989 4650">
    <p class='ocr_par' dir='ltr' id='par_1_47' title="bbox 395 4579 1989 4650">
     <span class='ocr_line' id='line_1_47' title="bbox 395 4579 1989 4650; baseline -0.003 -10"><span class='ocrx_word' id='word_1_351' title='bbox 395 4595 505 4640; x_wconf 85' lang='lat' dir='ltr'><strong>non</strong></span> <span class='ocrx_word' id='word_1_352' title='bbox 529 4593 708 4640; x_wconf 87' lang='lat' dir='ltr'><strong>autem</strong></span> <span class='ocrx_word' id='word_1_353' title='bbox 738 4597 837 4638; x_wconf 89' lang='lat' dir='ltr'><strong>nos</strong></span> <span class='ocrx_word' id='word_1_354' title='bbox 862 4597 929 4638; x_wconf 89' lang='lat' dir='ltr'><strong>ex</strong></span> <span class='ocrx_word' id='word_1_355' title='bbox 948 4579 1138 4637; x_wconf 77' lang='lat' dir='ltr'><strong>aliena:</strong></span> <span class='ocrx_word' id='word_1_356' title='bbox 1166 4588 1372 4634; x_wconf 73' lang='lat' dir='ltr'><strong>natum</strong></span> <span class='ocrx_word' id='word_1_357' title='bbox 1391 4579 1774 4635; x_wconf 83' lang='lat' dir='ltr'><strong>commixtione</strong></span> <span class='ocrx_word' id='word_1_358' title='bbox 1800 4593 1989 4650; x_wconf 85' lang='lat' dir='ltr'><strong>posse-</strong></span> 
     </span>
    </p>
   </div>
   <div class='ocr_carea' id='block_1_48' title="bbox 396 4669 1988 4744">
    <p class='ocr_par' dir='ltr' id='par_1_48' title="bbox 396 4669 1988 4744">
     <span class='ocr_line' id='line_1_48' title="bbox 396 4669 1988 4744; baseline -0.004 -14"><span class='ocrx_word' id='word_1_359' title='bbox 396 4673 474 4730; x_wconf 87' lang='lat' dir='ltr'><strong>dit</strong></span> <span class='ocrx_word' id='word_1_360' title='bbox 503 4692 518 4728; x_wconf 91' lang='lat'>:</span> <span class='ocrx_word' id='word_1_361' title='bbox 540 4673 682 4730; x_wconf 90' lang='lat' dir='ltr'><strong>unde</strong></span> <span class='ocrx_word' id='word_1_362' title='bbox 701 4687 831 4744; x_wconf 89' lang='lat' dir='ltr'><strong>ergo</strong></span> <span class='ocrx_word' id='word_1_363' title='bbox 856 4671 924 4727; x_wconf 88' lang='lat' dir='ltr'><strong>ad</strong></span> <span class='ocrx_word' id='word_1_364' title='bbox 949 4685 1068 4740; x_wconf 91' lang='lat' dir='ltr'><strong>nos,</strong></span> <span class='ocrx_word' id='word_1_365' title='bbox 1097 4669 1202 4725; x_wconf 88' lang='lat' dir='ltr'><strong>nisi</strong></span> <span class='ocrx_word' id='word_1_366' title='bbox 1228 4684 1295 4724; x_wconf 81' lang='lat' dir='ltr'><strong>ex</strong></span> <span class='ocrx_word' id='word_1_367' title='bbox 1330 4669 1490 4739; x_wconf 87' lang='lat' dir='ltr'><strong>primi</strong></span> <span class='ocrx_word' id='word_1_368' title='bbox 1524 4669 1756 4725; x_wconf 88' lang='lat' dir='ltr'><strong>hominis</strong></span> <span class='ocrx_word' id='word_1_369' title='bbox 1778 4683 1988 4741; x_wconf 74' lang='lat' dir='ltr'><strong>pmo-</strong></span> 
     </span>
    </p>
   </div>
   <div class='ocr_carea' id='block_1_49' title="bbox 396 4761 994 4822">
    <p class='ocr_par' dir='ltr' id='par_1_49' title="bbox 396 4761 994 4822">
     <span class='ocr_line' id='line_1_49' title="bbox 396 4761 994 4822; baseline -0.012 0"><span class='ocrx_word' id='word_1_370' title='bbox 396 4766 655 4822; x_wconf 83' lang='lat' dir='ltr'><strong>ricatione</strong></span> <span class='ocrx_word' id='word_1_371' title='bbox 683 4761 994 4820; x_wconf 74' lang='lat' dir='ltr'><strong>descendit?</strong></span> 
     </span>
    </p>
   </div>
   <div class='ocr_carea' id='block_1_50' title="bbox 465 4851 1990 4925">
    <p class='ocr_par' dir='ltr' id='par_1_50' title="bbox 465 4851 1990 4925">
     <span class='ocr_line' id='line_1_50' title="bbox 465 4851 1990 4925; baseline -0.005 -11"><span class='ocrx_word' id='word_1_372' title='bbox 465 4855 758 4914; x_wconf 73' lang='lat' dir='ltr'><strong>XXXVIII.</strong></span> <span class='ocrx_word' id='word_1_373' title='bbox 813 4855 935 4912; x_wconf 70' lang='lat' dir='ltr'><strong>Jun.</strong></span> <span class='ocrx_word' id='word_1_374' title='bbox 989 4853 1098 4910; x_wconf 80' lang='lat' dir='ltr'><strong>Res</strong></span> <span class='ocrx_word' id='word_1_375' title='bbox 1139 4851 1337 4925; x_wconf 63' lang='lat' dir='ltr'><strong>ineptae</strong></span> <span class='ocrx_word' id='word_1_376' title='bbox 1389 4857 1548 4920; x_wconf 86' lang='lat' dir='ltr'><strong>sunt,</strong></span> <span class='ocrx_word' id='word_1_377' title='bbox 1595 4859 1652 4908; x_wconf 89' lang='lat' dir='ltr'><strong>et</strong></span> <span class='ocrx_word' id='word_1_378' title='bbox 1699 4865 1818 4924; x_wconf 68' lang='lat' dir='ltr'><strong>quae</strong></span> <span class='ocrx_word' id='word_1_379' title='bbox 1864 4851 1990 4907; x_wconf 85' lang='lat' dir='ltr'><strong>stilo</strong></span> 
     </span>
    </p>
   </div>
   <div class='ocr_carea' id='block_1_51' title="bbox 396 4939 1986 5016">
    <p class='ocr_par' dir='ltr' id='par_1_51' title="bbox 396 4939 1986 5016">
     <span class='ocr_line' id='line_1_51' title="bbox 396 4939 1986 5016; baseline -0.004 -11"><span class='ocrx_word' id='word_1_380' title='bbox 396 4957 584 5006; x_wconf 90' lang='lat' dir='ltr'><strong>nostro</strong></span> <span class='ocrx_word' id='word_1_381' title='bbox 610 4947 910 5006; x_wconf 79' lang='lat' dir='ltr'><strong>convicium</strong></span> <span class='ocrx_word' id='word_1_382' title='bbox 934 4945 1102 5016; x_wconf 87' lang='lat' dir='ltr'><strong>magis</strong></span> <span class='ocrx_word' id='word_1_383' title='bbox 1122 4942 1323 4999; x_wconf 82' lang='lat' dir='ltr'><strong>faciant</strong></span> <span class='ocrx_word' id='word_1_384' title='bbox 1368 4957 1530 5013; x_wconf 87' lang='lat' dir='ltr'><strong>quam</strong></span> <span class='ocrx_word' id='word_1_385' title='bbox 1579 4939 1818 4998; x_wconf 85' lang='lat' dir='ltr'><strong>laborem</strong></span> <span class='ocrx_word' id='word_1_386' title='bbox 1847 4959 1862 4996; x_wconf 90' lang='lat'><strong>:</strong></span> <span class='ocrx_word' id='word_1_387' title='bbox 1893 4943 1986 4998; x_wconf 87' lang='lat' dir='ltr'><strong>sed</strong></span> 
     </span>
    </p>
   </div>
   <div class='ocr_carea' id='block_1_52' title="bbox 399 5032 1987 5105">
    <p class='ocr_par' dir='ltr' id='par_1_52' title="bbox 399 5032 1987 5105">
     <span class='ocr_line' id='line_1_52' title="bbox 399 5032 1987 5105; baseline -0.006 -9"><span class='ocrx_word' id='word_1_388' title='bbox 399 5041 558 5098; x_wconf 81' lang='lat' dir='ltr'><strong>fidem</strong></span> <span class='ocrx_word' id='word_1_389' title='bbox 585 5049 730 5096; x_wconf 83' lang='lat' dir='ltr'><strong>tuam</strong></span> <span class='ocrx_word' id='word_1_390' title='bbox 756 5042 779 5073; x_wconf 86' lang='grc'><strong>¹¹</strong></span> <span class='ocrx_word' id='word_1_391' title='bbox 811 5037 1116 5095; x_wconf 83' lang='lat' dir='ltr'><strong>necessario</strong></span> <span class='ocrx_word' id='word_1_392' title='bbox 1158 5040 1577 5105; x_wconf 81' lang='lat' dir='ltr'><strong>consequuntur.</strong></span> <span class='ocrx_word' id='word_1_393' title='bbox 1604 5032 1987 5090; x_wconf 70' lang='lat' dir='ltr'><strong>Verumtamen</strong></span> 
     </span>
    </p>
   </div>
   <div class='ocr_carea' id='block_1_53' title="bbox 396 5125 1989 5198">
    <p class='ocr_par' dir='ltr' id='par_1_53' title="bbox 396 5125 1989 5198">
     <span class='ocr_line' id='line_1_53' title="bbox 396 5125 1989 5198; baseline -0.003 -11"><span class='ocrx_word' id='word_1_394' title='bbox 396 5132 592 5198; x_wconf 74' lang='lat' dir='ltr'><strong>adhuc,</strong></span> <span class='ocrx_word' id='word_1_395' title='bbox 636 5139 698 5188; x_wconf 85' lang='lat' dir='ltr'><strong>ut</strong></span> <span class='ocrx_word' id='word_1_396' title='bbox 736 5131 808 5187; x_wconf 87' lang='lat' dir='ltr'><strong>sit</strong></span> <span class='ocrx_word' id='word_1_397' title='bbox 842 5131 1079 5186; x_wconf 85' lang='lat' dir='ltr'><strong>intentus</strong></span> <span class='ocrx_word' id='word_1_398' title='bbox 1119 5129 1308 5194; x_wconf 80' lang='lat' dir='ltr'><strong>lector,</strong></span> <span class='ocrx_word' id='word_1_399' title='bbox 1334 5125 1618 5182; x_wconf 82' lang='lat' dir='ltr'><strong>admoneo.</strong></span> <span class='ocrx_word' id='word_1_400' title='bbox 1667 5125 1904 5181; x_wconf 82' lang='lat' dir='ltr'><strong>Conatus</strong></span> <span class='ocrx_word' id='word_1_401' title='bbox 1927 5141 1989 5182; x_wconf 89' lang='lat' dir='ltr'><strong>es</strong></span> 
     </span>
    </p>
   </div>
   <div class='ocr_carea' id='block_1_54' title="bbox 399 5218 1986 5298">
    <p class='ocr_par' dir='ltr' id='par_1_54' title="bbox 399 5218 1986 5298">
     <span class='ocr_line' id='line_1_54' title="bbox 399 5218 1986 5298; baseline -0.005 -16"><span class='ocrx_word' id='word_1_402' title='bbox 399 5240 591 5298; x_wconf 87' lang='lat' dir='ltr'><strong>nempe</strong></span> <span class='ocrx_word' id='word_1_403' title='bbox 611 5239 874 5290; x_wconf 86' lang='lat' dir='ltr'><strong>asserere,</strong></span> <span class='ocrx_word' id='word_1_404' title='bbox 900 5222 1046 5295; x_wconf 85' lang='lat' dir='ltr'><strong>quod</strong></span> <span class='ocrx_word' id='word_1_405' title='bbox 1071 5221 1168 5278; x_wconf 85' lang='lat' dir='ltr'><strong>Dei</strong></span> <span class='ocrx_word' id='word_1_406' title='bbox 1212 5233 1348 5292; x_wconf 81' lang='lat' dir='ltr'><strong>opus</strong></span> <span class='ocrx_word' id='word_1_407' title='bbox 1390 5219 1645 5290; x_wconf 83' lang='lat' dir='ltr'><strong>probetur</strong></span> <span class='ocrx_word' id='word_1_408' title='bbox 1682 5218 1986 5290; x_wconf 77' lang='lat' dir='ltr'><strong>pudendum</strong></span> 
     </span>
    </p>
   </div>
   <div class='ocr_carea' id='block_1_55' title="bbox 401 5310 1988 5383">
    <p class='ocr_par' dir='ltr' id='par_1_55' title="bbox 401 5310 1988 5383">
     <span class='ocr_line' id='line_1_55' title="bbox 401 5310 1988 5383; baseline -0.004 -11"><span class='ocrx_word' id='word_1_409' title='bbox 401 5333 506 5373; x_wconf 90' lang='lat' dir='ltr'><strong>non</strong></span> <span class='ocrx_word' id='word_1_410' title='bbox 531 5331 682 5383; x_wconf 83' lang='lat' dir='ltr'><strong>esse;</strong></span> <span class='ocrx_word' id='word_1_411' title='bbox 713 5315 809 5372; x_wconf 88' lang='lat' dir='ltr'><strong>sed</strong></span> <span class='ocrx_word' id='word_1_412' title='bbox 837 5323 896 5370; x_wconf 87' lang='lat' dir='ltr'><strong>ut</strong></span> <span class='ocrx_word' id='word_1_413' title='bbox 923 5315 1026 5370; x_wconf 90' lang='lat' dir='ltr'><strong>hoc</strong></span> <span class='ocrx_word' id='word_1_414' title='bbox 1053 5313 1267 5370; x_wconf 76' lang='lat' dir='ltr'><strong>efﬁcere</strong></span> <span class='ocrx_word' id='word_1_415' title='bbox 1311 5311 1614 5382; x_wconf 88' lang='lat' dir='ltr'><strong>nequivist-i,</strong></span> <span class='ocrx_word' id='word_1_416' title='bbox 1649 5310 1720 5365; x_wconf 84' lang='lat' dir='ltr'><strong>ita</strong></span> <span class='ocrx_word' id='word_1_417' title='bbox 1750 5325 1988 5381; x_wconf 82' lang='lat' dir='ltr'><strong>spopon-</strong></span> 
     </span>
    </p>
   </div>
   <div class='ocr_carea' id='block_1_56' title="bbox 398 5401 1990 5469">
    <p class='ocr_par' dir='ltr' id='par_1_56' title="bbox 398 5401 1990 5469">
     <span class='ocr_line' id='line_1_56' title="bbox 398 5401 1990 5469; baseline -0.004 -6"><span class='ocrx_word' id='word_1_418' title='bbox 398 5407 522 5464; x_wconf 87' lang='lat' dir='ltr'><strong>disti</strong></span> <span class='ocrx_word' id='word_1_419' title='bbox 542 5406 670 5467; x_wconf 82' lang='lat' dir='ltr'><strong>illud</strong></span> <span class='ocrx_word' id='word_1_420' title='bbox 699 5404 1114 5469; x_wconf 82' lang='lat' dir='ltr'><strong>absolutissime,</strong></span> <span class='ocrx_word' id='word_1_421' title='bbox 1161 5403 1380 5460; x_wconf 85' lang='lat' dir='ltr'><strong>demere</strong></span> <span class='ocrx_word' id='word_1_422' title='bbox 1401 5409 1458 5458; x_wconf 79' lang='lat' dir='ltr'><strong>te</strong></span> <span class='ocrx_word' id='word_1_423' title='bbox 1505 5415 1537 5458; x_wconf 89' lang='lat' dir='ltr'><strong>tt</strong></span> <span class='ocrx_word' id='word_1_424' title='bbox 1579 5401 1800 5458; x_wconf 75' lang='lat' dir='ltr'><strong>libidine</strong></span> <span class='ocrx_word' id='word_1_425' title='bbox 1835 5416 1990 5458; x_wconf 82' lang='lat' dir='ltr'><strong>vere-</strong></span> 
     </span>
    </p>
   </div>
   <div class='ocr_carea' id='block_1_57' title="bbox 393 5491 1988 5566">
    <p class='ocr_par' dir='ltr' id='par_1_57' title="bbox 393 5491 1988 5566">
     <span class='ocr_line' id='line_1_57' title="bbox 393 5491 1988 5566; baseline -0.003 -13"><span class='ocrx_word' id='word_1_426' title='bbox 393 5497 670 5563; x_wconf 73' lang='lat' dir='ltr'><strong>cundiam,</strong></span> <span class='ocrx_word' id='word_1_427' title='bbox 713 5495 758 5551; x_wconf 88' lang='lat' dir='ltr'><strong>si</strong></span> <span class='ocrx_word' id='word_1_428' title='bbox 785 5507 922 5566; x_wconf 88' lang='lat' dir='ltr'><strong>opus</strong></span> <span class='ocrx_word' id='word_1_429' title='bbox 948 5494 1044 5551; x_wconf 86' lang='lat' dir='ltr'><strong>Dei</strong></span> <span class='ocrx_word' id='word_1_430' title='bbox 1067 5503 1206 5551; x_wconf 86' lang='lat' dir='ltr'><strong>esse</strong></span> <span class='ocrx_word' id='word_1_431' title='bbox 1232 5491 1517 5558; x_wconf 81' lang='lat' dir='ltr'><strong>doceatur;</strong></span> <span class='ocrx_word' id='word_1_432' title='bbox 1549 5491 1692 5565; x_wconf 80' lang='lat' dir='ltr'><strong>quod</strong></span> <span class='ocrx_word' id='word_1_433' title='bbox 1732 5493 1786 5548; x_wconf 88' lang='lat' dir='ltr'><strong>in</strong></span> <span class='ocrx_word' id='word_1_434' title='bbox 1817 5493 1988 5565; x_wconf 90' lang='lat' dir='ltr'><strong>primo</strong></span> 
     </span>
    </p>
   </div>
   <div class='ocr_carea' id='block_1_58' title="bbox 397 5583 1982 5660">
    <p class='ocr_par' dir='ltr' id='par_1_58' title="bbox 397 5583 1982 5660">
     <span class='ocr_line' id='line_1_58' title="bbox 397 5583 1982 5660; baseline -0.002 -15"><span class='ocrx_word' id='word_1_435' title='bbox 397 5601 564 5660; x_wconf 69' lang='lat' dir='ltr'><strong>Opere</strong></span> <span class='ocrx_word' id='word_1_436' title='bbox 585 5587 660 5645; x_wconf 82' lang='lat' dir='ltr'><strong>ita</strong></span> <span class='ocrx_word' id='word_1_437' title='bbox 685 5585 996 5659; x_wconf 70' lang='lat' dir='ltr'><strong>approbavi,</strong></span> <span class='ocrx_word' id='word_1_438' title='bbox 1025 5593 1088 5642; x_wconf 80' lang='lat' dir='ltr'><strong>ut</strong></span> <span class='ocrx_word' id='word_1_439' title='bbox 1109 5600 1214 5643; x_wconf 73' lang='lat' dir='ltr'><strong>nec</strong></span> <span class='ocrx_word' id='word_1_440' title='bbox 1251 5593 1307 5641; x_wconf 86' lang='lat' dir='ltr'><strong>te</strong></span> <span class='ocrx_word' id='word_1_441' title='bbox 1329 5583 1457 5641; x_wconf 73' lang='lat' dir='ltr'><strong>inde</strong></span> <span class='ocrx_word' id='word_1_442' title='bbox 1485 5595 1666 5657; x_wconf 73' lang='lat' dir='ltr'><strong>putem</strong></span> <span class='ocrx_word' id='word_1_443' title='bbox 1710 5585 1982 5643; x_wconf 57' lang='lat' dir='ltr'><strong>dubitatur</strong></span> 
     </span>
    </p>
   </div>
   <div class='ocr_carea' id='block_1_59' title="bbox 462 5717 1311 5786">
    <p class='ocr_par' dir='ltr' id='par_1_59' title="bbox 462 5717 1311 5786">
     <span class='ocr_line' id='line_1_59' title="bbox 462 5717 1311 5786; baseline -0.009 -11"><span class='ocrx_word' id='word_1_444' title='bbox 462 5723 482 5756; x_wconf 79' lang='grc' dir='ltr'>ί</span> <span class='ocrx_word' id='word_1_445' title='bbox 513 5722 591 5786; x_wconf 76' lang='lat' dir='ltr'><strong>sic</strong></span> <span class='ocrx_word' id='word_1_446' title='bbox 607 5729 728 5786; x_wconf 15' lang='lat' dir='ltr'><strong>ratas.</strong></span> <span class='ocrx_word' id='word_1_447' title='bbox 741 5727 795 5772; x_wconf 80' lang='lat' dir='ltr'><strong>At</strong></span> <span class='ocrx_word' id='word_1_448' title='bbox 810 5720 974 5785; x_wconf 59' lang='grc' dir='ltr'>νισι,</span> <span class='ocrx_word' id='word_1_449' title='bbox 996 5717 1311 5786; x_wconf 67' lang='lat' dir='ltr'><strong>perﬁciendo.</strong></span> 
     </span>
    </p>
   </div>
   <div class='ocr_carea' id='block_1_60' title="bbox 460 5779 1738 5854">
    <p class='ocr_par' dir='ltr' id='par_1_60' title="bbox 460 5779 1738 5854">
     <span class='ocr_line' id='line_1_60' title="bbox 460 5779 1738 5854; baseline -0.007 -17"><span class='ocrx_word' id='word_1_450' title='bbox 460 5786 484 5818; x_wconf 75' lang='grc' dir='ltr'><strong>ι</strong></span> <span class='ocrx_word' id='word_1_451' title='bbox 505 5784 646 5849; x_wconf 70' lang='lat' dir='ltr'><strong>adut,</strong></span> <span class='ocrx_word' id='word_1_452' title='bbox 664 5783 809 5838; x_wconf 70' lang='lat' dir='ltr'><strong>eam</strong></span> <span class='ocrx_word' id='word_1_453' title='bbox 822 5796 842 5848; x_wconf 87' lang='lat'><strong>;</strong></span> <span class='ocrx_word' id='word_1_454' title='bbox 867 5779 1164 5847; x_wconf 75' lang='lat' dir='ltr'><strong>&#39;nro,&#39;tudm.</strong></span> <span class='ocrx_word' id='word_1_455' title='bbox 1198 5779 1519 5832; x_wconf 71' lang='lat' dir='ltr'><strong>Enendantur</strong></span> <span class='ocrx_word' id='word_1_456' title='bbox 1543 5790 1607 5829; x_wconf 84' lang='lat' dir='ltr'><strong>ex</strong></span> <span class='ocrx_word' id='word_1_457' title='bbox 1629 5785 1738 5854; x_wconf 69' lang='lat' dir='ltr'><strong>uss.</strong></span> 
     </span>
    </p>
   </div>
   <div class='ocr_carea' id='block_1_61' title="bbox 1749 320 2333 390">
    <p class='ocr_par' dir='ltr' id='par_1_61' title="bbox 1749 320 2333 390">
     <span class='ocr_line' id='line_1_61' title="bbox 1749 320 2333 390; baseline 0.005 -13"><span class='ocrx_word' id='word_1_458' title='bbox 1749 320 1950 378; x_wconf 80' lang='lat' dir='ltr'><strong>LIBER</strong></span> <span class='ocrx_word' id='word_1_459' title='bbox 1991 321 2333 390; x_wconf 74' lang='lat' dir='ltr'><strong>QUARTUS.</strong></span> 
     </span>
    </p>
   </div>
   <div class='ocr_carea' id='block_1_62' title="bbox 3553 329 3692 384">
    <p class='ocr_par' dir='ltr' id='par_1_62' title="bbox 3553 329 3692 384">
     <span class='ocr_line' id='line_1_62' title="bbox 3553 329 3692 384; baseline 0 0"><span class='ocrx_word' id='word_1_460' title='bbox 3553 329 3692 384; x_wconf 57' lang='lat'><strong>€318</strong></span> 
     </span>
    </p>
   </div>
   <div class='ocr_carea' id='block_1_63' title="bbox 2103 437 3691 510">
    <p class='ocr_par' dir='ltr' id='par_1_63' title="bbox 2103 437 3691 510">
     <span class='ocr_line' id='line_1_63' title="bbox 2103 437 3691 510; baseline 0 -16"><span class='ocrx_word' id='word_1_461' title='bbox 2103 452 2221 494; x_wconf 87' lang='lat' dir='ltr'><strong>rum</strong></span> <span class='ocrx_word' id='word_1_462' title='bbox 2249 450 2390 501; x_wconf 87' lang='lat' dir='ltr'><strong>esse,</strong></span> <span class='ocrx_word' id='word_1_463' title='bbox 2420 451 2540 492; x_wconf 89' lang='lat' dir='ltr'><strong>cum</strong></span> <span class='ocrx_word' id='word_1_464' title='bbox 2571 437 2797 510; x_wconf 80' lang='lat' dir='ltr'><strong>legeris:</strong></span> <span class='ocrx_word' id='word_1_465' title='bbox 2826 447 3001 494; x_wconf 64' lang='lat' dir='ltr'><strong>tamen</strong></span> <span class='ocrx_word' id='word_1_466' title='bbox 3017 437 3266 509; x_wconf 81' lang='lat' dir='ltr'><strong>quoniam</strong></span> <span class='ocrx_word' id='word_1_467' title='bbox 3297 437 3397 496; x_wconf 92' lang='lat' dir='ltr'><strong>hoc</strong></span> <span class='ocrx_word' id='word_1_468' title='bbox 3415 442 3691 496; x_wconf 78' lang='lat' dir='ltr'><strong>eontmcn-</strong></span> 
     </span>
    </p>
   </div>
   <div class='ocr_carea' id='block_1_64' title="bbox 2101 527 3690 601">
    <p class='ocr_par' dir='ltr' id='par_1_64' title="bbox 2101 527 3690 601">
     <span class='ocr_line' id='line_1_64' title="bbox 2101 527 3690 601; baseline 0.004 -19"><span class='ocrx_word' id='word_1_469' title='bbox 2101 535 2210 582; x_wconf 92' lang='lat' dir='ltr'><strong>tum</strong></span> <span class='ocrx_word' id='word_1_470' title='bbox 2242 538 2390 584; x_wconf 86' lang='lat' dir='ltr'><strong>tuum</strong></span> <span class='ocrx_word' id='word_1_471' title='bbox 2419 528 2703 601; x_wconf 73' lang='lat' dir='ltr'><strong>significat,</strong></span> <span class='ocrx_word' id='word_1_472' title='bbox 2733 527 2958 586; x_wconf 87' lang='lat' dir='ltr'><strong>necdum</strong></span> <span class='ocrx_word' id='word_1_473' title='bbox 2988 529 3055 585; x_wconf 89' lang='lat' dir='ltr'><strong>ad</strong></span> <span class='ocrx_word' id='word_1_474' title='bbox 3087 545 3275 586; x_wconf 89' lang='lat' dir='ltr'><strong>manus</strong></span> <span class='ocrx_word' id='word_1_475' title='bbox 3299 540 3418 587; x_wconf 86' lang='lat' dir='ltr'><strong>tuas</strong></span> <span class='ocrx_word' id='word_1_476' title='bbox 3442 531 3562 589; x_wconf 87' lang='lat' dir='ltr'><strong>illos</strong></span> <span class='ocrx_word' id='word_1_477' title='bbox 3592 547 3690 588; x_wconf 85' lang='lat' dir='ltr'><strong>ve-</strong></span> 
     </span>
    </p>
   </div>
   <div class='ocr_carea' id='block_1_65' title="bbox 2100 619 3692 694">
    <p class='ocr_par' dir='ltr' id='par_1_65' title="bbox 2100 619 3692 694">
     <span class='ocr_line' id='line_1_65' title="bbox 2100 619 3692 694; baseline 0.006 -21"><span class='ocrx_word' id='word_1_478' title='bbox 2100 619 2244 675; x_wconf 87' lang='lat' dir='ltr'><strong>nisse</strong></span> <span class='ocrx_word' id='word_1_479' title='bbox 2273 619 2456 686; x_wconf 89' lang='lat' dir='ltr'><strong>libros,</strong></span> <span class='ocrx_word' id='word_1_480' title='bbox 2502 619 2554 676; x_wconf 90' lang='lat' dir='ltr'><strong>id</strong></span> <span class='ocrx_word' id='word_1_481' title='bbox 2598 621 2769 690; x_wconf 89' lang='lat' dir='ltr'><strong>ipsum</strong></span> <span class='ocrx_word' id='word_1_482' title='bbox 2801 619 2854 676; x_wconf 90' lang='lat' dir='ltr'><strong>in</strong></span> <span class='ocrx_word' id='word_1_483' title='bbox 2885 622 3134 691; x_wconf 71' lang='lat' dir='ltr'><strong>praesenti</strong></span> <span class='ocrx_word' id='word_1_484' title='bbox 3159 637 3370 694; x_wconf 88' lang='lat' dir='ltr'><strong>quoque</strong></span> <span class='ocrx_word' id='word_1_485' title='bbox 3405 623 3692 682; x_wconf 78' lang='lat' dir='ltr'><strong>ostendero</strong></span> 
     </span>
    </p>
   </div>
   <div class='ocr_carea' id='block_1_66' title="bbox 2100 711 3692 785">
    <p class='ocr_par' dir='ltr' id='par_1_66' title="bbox 2100 711 3692 785">
     <span class='ocr_line' id='line_1_66' title="bbox 2100 711 3692 785; baseline 0.003 -19"><span class='ocrx_word' id='word_1_486' title='bbox 2100 725 2207 766; x_wconf 88' lang='lat' dir='ltr'><strong>non</strong></span> <span class='ocrx_word' id='word_1_487' title='bbox 2245 711 2464 784; x_wconf 75' lang='lat' dir='ltr'><strong>pigebit.</strong></span> <span class='ocrx_word' id='word_1_488' title='bbox 2510 711 2906 767; x_wconf 85' lang='lat' dir='ltr'><strong>lrrationabiles</strong></span> <span class='ocrx_word' id='word_1_489' title='bbox 2935 711 3096 783; x_wconf 77' lang='lat' dir='ltr'><strong>igitur</strong></span> <span class='ocrx_word' id='word_1_490' title='bbox 3133 713 3451 781; x_wconf 82' lang='lat' dir='ltr'><strong>animantes,</strong></span> <span class='ocrx_word' id='word_1_491' title='bbox 3499 730 3529 768; x_wconf 86' lang='lat' dir='ltr'><strong>a</strong></span> <span class='ocrx_word' id='word_1_492' title='bbox 3582 729 3692 785; x_wconf 87' lang='lat' dir='ltr'><strong>quo</strong></span> 
     </span>
    </p>
   </div>
   <div class='ocr_carea' id='block_1_67' title="bbox 2099 801 3688 874">
    <p class='ocr_par' dir='ltr' id='par_1_67' title="bbox 2099 801 3688 874">
     <span class='ocr_line' id='line_1_67' title="bbox 2099 801 3688 874; baseline 0.003 -18"><span class='ocrx_word' id='word_1_493' title='bbox 2099 801 2342 858; x_wconf 87' lang='lat' dir='ltr'><strong>conditas</strong></span> <span class='ocrx_word' id='word_1_494' title='bbox 2364 812 2539 874; x_wconf 88' lang='lat' dir='ltr'><strong>putas,</strong></span> <span class='ocrx_word' id='word_1_495' title='bbox 2567 818 2689 874; x_wconf 65' lang='lat' dir='ltr'><strong>quae</strong></span> <span class='ocrx_word' id='word_1_496' title='bbox 2733 803 2895 858; x_wconf 83' lang='lat' dir='ltr'><strong>certis</strong></span> <span class='ocrx_word' id='word_1_497' title='bbox 2933 802 3267 873; x_wconf 87' lang='lat' dir='ltr'><strong>temporibus</strong></span> <span class='ocrx_word' id='word_1_498' title='bbox 3311 805 3688 861; x_wconf 85' lang='lat' dir='ltr'><strong>ardentissima</strong></span> 
     </span>
    </p>
   </div>
   <div class='ocr_carea' id='block_1_68' title="bbox 2099 892 3690 962">
    <p class='ocr_par' dir='ltr' id='par_1_68' title="bbox 2099 892 3690 962">
     <span class='ocr_line' id='line_1_68' title="bbox 2099 892 3690 962; baseline 0.002 -14"><span class='ocrx_word' id='word_1_499' title='bbox 2099 892 2316 950; x_wconf 88' lang='lat' dir='ltr'><strong>libidine</strong></span> <span class='ocrx_word' id='word_1_500' title='bbox 2343 903 2774 962; x_wconf 79' lang='lat' dir='ltr'><strong>commoventur,</strong></span> <span class='ocrx_word' id='word_1_501' title='bbox 2822 893 2894 949; x_wconf 89' lang='lat' dir='ltr'><strong>ita</strong></span> <span class='ocrx_word' id='word_1_502' title='bbox 2943 901 3002 949; x_wconf 90' lang='lat' dir='ltr'><strong>ut</strong></span> <span class='ocrx_word' id='word_1_503' title='bbox 3043 893 3202 949; x_wconf 88' lang='lat' dir='ltr'><strong>etiam</strong></span> <span class='ocrx_word' id='word_1_504' title='bbox 3252 892 3492 950; x_wconf 88' lang='lat' dir='ltr'><strong>feritates</strong></span> <span class='ocrx_word' id='word_1_505' title='bbox 3533 907 3690 952; x_wconf 89' lang='lat' dir='ltr'><strong>acuat</strong></span> 
     </span>
    </p>
   </div>
   <div class='ocr_carea' id='block_1_69' title="bbox 2099 985 3687 1061">
    <p class='ocr_par' dir='ltr' id='par_1_69' title="bbox 2099 985 3687 1061">
     <span class='ocr_line' id='line_1_69' title="bbox 2099 985 3687 1061; baseline 0.003 -21"><span class='ocrx_word' id='word_1_506' title='bbox 2099 985 2464 1055; x_wconf 72' lang='lat' dir='ltr'><strong>singularum?</strong></span> <span class='ocrx_word' id='word_1_507' title='bbox 2493 986 2644 1042; x_wconf 89' lang='lat' dir='ltr'><strong>Tunc</strong></span> <span class='ocrx_word' id='word_1_508' title='bbox 2685 1000 2861 1043; x_wconf 83' lang='lat' dir='ltr'><strong>saevus</strong></span> <span class='ocrx_word' id='word_1_509' title='bbox 2897 1002 3050 1057; x_wconf 85' lang='lat' dir='ltr'><strong>aper,</strong></span> <span class='ocrx_word' id='word_1_510' title='bbox 3082 994 3209 1043; x_wconf 91' lang='lat' dir='ltr'><strong>tunc</strong></span> <span class='ocrx_word' id='word_1_511' title='bbox 3237 986 3470 1058; x_wconf 89' lang='lat' dir='ltr'><strong>pessima</strong></span> <span class='ocrx_word' id='word_1_512' title='bbox 3513 988 3687 1061; x_wconf 83' lang='lat' dir='ltr'><strong>tigris.</strong></span> 
     </span>
    </p>
   </div>
   <div class='ocr_carea' id='block_1_70' title="bbox 2099 1076 3689 1152">
    <p class='ocr_par' dir='ltr' id='par_1_70' title="bbox 2099 1076 3689 1152">
     <span class='ocr_line' id='line_1_70' title="bbox 2099 1076 3689 1152; baseline 0.001 -20"><span class='ocrx_word' id='word_1_513' title='bbox 2099 1078 2238 1133; x_wconf 84' lang='lat' dir='ltr'><strong>Ante</strong></span> <span class='ocrx_word' id='word_1_514' title='bbox 2263 1092 2450 1150; x_wconf 85' lang='lat' dir='ltr'><strong>omnes</strong></span> <span class='ocrx_word' id='word_1_515' title='bbox 2496 1076 2646 1133; x_wconf 83' lang='lat' dir='ltr'><strong>furor</strong></span> <span class='ocrx_word' id='word_1_516' title='bbox 2689 1086 2776 1134; x_wconf 90' lang='lat' dir='ltr'><strong>est</strong></span> <span class='ocrx_word' id='word_1_517' title='bbox 2817 1077 3042 1150; x_wconf 88' lang='lat' dir='ltr'><strong>insignis</strong></span> <span class='ocrx_word' id='word_1_518' title='bbox 3092 1093 3348 1149; x_wconf 88' lang='lat' dir='ltr'><strong>equarum</strong></span> <span class='ocrx_word' id='word_1_519' title='bbox 3390 1077 3689 1152; x_wconf 76' lang='lat' dir='ltr'><strong>(Virgilius,</strong></span> 
     </span>
    </p>
   </div>
   <div class='ocr_carea' id='block_1_71' title="bbox 2101 1168 3687 1244">
    <p class='ocr_par' dir='ltr' id='par_1_71' title="bbox 2101 1168 3687 1244">
     <span class='ocr_line' id='line_1_71' title="bbox 2101 1168 3687 1244; baseline 0.001 -19"><span class='ocrx_word' id='word_1_520' title='bbox 2101 1168 2285 1243; x_wconf 81' lang='lat' dir='ltr'><strong>Georg.</strong></span> <span class='ocrx_word' id='word_1_521' title='bbox 2314 1169 2402 1226; x_wconf 77' lang='lat' dir='ltr'><strong>lib.</strong></span> <span class='ocrx_word' id='word_1_522' title='bbox 2432 1171 2487 1236; x_wconf 77' lang='lat'><strong>5,</strong></span> <span class='ocrx_word' id='word_1_523' title='bbox 2540 1187 2671 1226; x_wconf 73' lang='lat' dir='ltr'><strong>vera.</strong></span> <span class='ocrx_word' id='word_1_524' title='bbox 2715 1170 2843 1238; x_wconf 63' lang='grc' dir='ltr'><strong>ειε,</strong></span> <span class='ocrx_word' id='word_1_525' title='bbox 2873 1171 3027 1244; x_wconf 74' lang='grc'><strong>266).</strong></span> <span class='ocrx_word' id='word_1_526' title='bbox 3062 1172 3200 1228; x_wconf 84' lang='lat' dir='ltr'><strong>Vere</strong></span> <span class='ocrx_word' id='word_1_527' title='bbox 3233 1180 3441 1230; x_wconf 89' lang='lat' dir='ltr'><strong>tument</strong></span> <span class='ocrx_word' id='word_1_528' title='bbox 3484 1172 3687 1230; x_wconf 66' lang='lat' dir='ltr'><strong>herbae.</strong></span> 
     </span>
    </p>
   </div>
   <div class='ocr_carea' id='block_1_72' title="bbox 2100 1259 3687 1322">
    <p class='ocr_par' dir='ltr' id='par_1_72' title="bbox 2100 1259 3687 1322">
     <span class='ocr_line' id='line_1_72' title="bbox 2100 1259 3687 1322; baseline 0.004 -6"><span class='ocrx_word' id='word_1_529' title='bbox 2100 1259 2238 1317; x_wconf 80' lang='lat' dir='ltr'><strong>Vere</strong></span> <span class='ocrx_word' id='word_1_530' title='bbox 2261 1261 2585 1318; x_wconf 80' lang='lat' dir='ltr'><strong>abundantia</strong></span> <span class='ocrx_word' id='word_1_531' title='bbox 2617 1263 2784 1318; x_wconf 89' lang='lat' dir='ltr'><strong>teneri</strong></span> <span class='ocrx_word' id='word_1_532' title='bbox 2809 1263 3052 1318; x_wconf 89' lang='lat' dir='ltr'><strong>humoris</strong></span> <span class='ocrx_word' id='word_1_533' title='bbox 3080 1263 3359 1319; x_wconf 79' lang='lat' dir='ltr'><strong>exuberat.</strong></span> <span class='ocrx_word' id='word_1_534' title='bbox 3391 1263 3457 1320; x_wconf 84' lang='lat' dir='ltr'><strong>Et</strong></span> <span class='ocrx_word' id='word_1_535' title='bbox 3485 1264 3687 1322; x_wconf 89' lang='lat' dir='ltr'><strong>coitum</strong></span> 
     </span>
    </p>
   </div>
   <div class='ocr_carea' id='block_1_73' title="bbox 2094 1353 3685 1426">
    <p class='ocr_par' dir='ltr' id='par_1_73' title="bbox 2094 1353 3685 1426">
     <span class='ocr_line' id='line_1_73' title="bbox 2094 1353 3685 1426; baseline 0.003 -17"><span class='ocrx_word' id='word_1_536' title='bbox 2094 1353 2259 1409; x_wconf 86' lang='lat' dir='ltr'><strong>certis</strong></span> <span class='ocrx_word' id='word_1_537' title='bbox 2283 1363 2530 1424; x_wconf 88' lang='lat' dir='ltr'><strong>repetunt</strong></span> <span class='ocrx_word' id='word_1_538' title='bbox 2549 1363 2790 1410; x_wconf 88' lang='lat' dir='ltr'><strong>armenta</strong></span> <span class='ocrx_word' id='word_1_539' title='bbox 2805 1354 2996 1410; x_wconf 88' lang='lat' dir='ltr'><strong>diebus</strong></span> <span class='ocrx_word' id='word_1_540' title='bbox 3014 1353 3198 1426; x_wconf 82' lang='lat' dir='ltr'><strong>(lbid.,</strong></span> <span class='ocrx_word' id='word_1_541' title='bbox 3217 1354 3305 1410; x_wconf 79' lang='lat' dir='ltr'><strong>lib.</strong></span> <span class='ocrx_word' id='word_1_542' title='bbox 3328 1353 3388 1424; x_wconf 75' lang='lat'><strong>2,</strong></span> <span class='ocrx_word' id='word_1_543' title='bbox 3411 1370 3536 1414; x_wconf 79' lang='lat' dir='ltr'><strong>vers.</strong></span> <span class='ocrx_word' id='word_1_544' title='bbox 3560 1356 3630 1412; x_wconf 74' lang='lat'><strong>52</strong></span> <span class='ocrx_word' id='word_1_545' title='bbox 3641 1358 3685 1421; x_wconf 77' lang='grc' dir='ltr'>ι,</span> 
     </span>
    </p>
   </div>
   <div class='ocr_carea' id='block_1_74' title="bbox 2098 1443 3689 1522">
    <p class='ocr_par' dir='ltr' id='par_1_74' title="bbox 2098 1443 3689 1522">
     <span class='ocr_line' id='line_1_74' title="bbox 2098 1443 3689 1522; baseline 0.003 -20"><span class='ocrx_word' id='word_1_546' title='bbox 2098 1443 2225 1515; x_wconf 68' lang='grc'><strong>351,</strong></span> <span class='ocrx_word' id='word_1_547' title='bbox 2251 1445 2400 1519; x_wconf 73' lang='lat'><strong>529).</strong></span> <span class='ocrx_word' id='word_1_548' title='bbox 2431 1446 2672 1518; x_wconf 85' lang='lat' dir='ltr'><strong>Longum</strong></span> <span class='ocrx_word' id='word_1_549' title='bbox 2719 1457 2803 1502; x_wconf 88' lang='lat' dir='ltr'><strong>est</strong></span> <span class='ocrx_word' id='word_1_550' title='bbox 2840 1448 2919 1504; x_wconf 88' lang='lat' dir='ltr'><strong>ire</strong></span> <span class='ocrx_word' id='word_1_551' title='bbox 2951 1463 3051 1519; x_wconf 91' lang='lat' dir='ltr'><strong>per</strong></span> <span class='ocrx_word' id='word_1_552' title='bbox 3085 1447 3293 1520; x_wconf 87' lang='lat' dir='ltr'><strong>singula</strong></span> <span class='ocrx_word' id='word_1_553' title='bbox 3319 1463 3336 1505; x_wconf 88' lang='lat'><strong>:</strong></span> <span class='ocrx_word' id='word_1_554' title='bbox 3367 1451 3547 1506; x_wconf 88' lang='lat' dir='ltr'><strong>omnia</strong></span> <span class='ocrx_word' id='word_1_555' title='bbox 3596 1467 3689 1522; x_wconf 89' lang='lat' dir='ltr'><strong>ge-</strong></span> 
     </span>
    </p>
   </div>
   <div class='ocr_carea' id='block_1_75' title="bbox 2107 1540 3687 1613">
    <p class='ocr_par' dir='ltr' id='par_1_75' title="bbox 2107 1540 3687 1613">
     <span class='ocr_line' id='line_1_75' title="bbox 2107 1540 3687 1613; baseline 0.004 -20"><span class='ocrx_word' id='word_1_556' title='bbox 2107 1553 2258 1606; x_wconf 90' lang='lat' dir='ltr'><strong>nera,</strong></span> <span class='ocrx_word' id='word_1_557' title='bbox 2286 1555 2404 1611; x_wconf 76' lang='lat' dir='ltr'><strong>qu:c</strong></span> <span class='ocrx_word' id='word_1_558' title='bbox 2448 1540 2728 1612; x_wconf 85' lang='lat' dir='ltr'><strong>suspendit</strong></span> <span class='ocrx_word' id='word_1_559' title='bbox 2750 1541 2979 1610; x_wconf 79' lang='lat' dir='ltr'><strong>volatus,</strong></span> <span class='ocrx_word' id='word_1_560' title='bbox 3005 1555 3127 1613; x_wconf 69' lang='lat' dir='ltr'><strong>quas</strong></span> <span class='ocrx_word' id='word_1_561' title='bbox 3172 1541 3431 1598; x_wconf 87' lang='lat' dir='ltr'><strong>demersit</strong></span> <span class='ocrx_word' id='word_1_562' title='bbox 3455 1552 3687 1608; x_wconf 88' lang='lat' dir='ltr'><strong>natatus,</strong></span> 
     </span>
    </p>
   </div>
   <div class='ocr_carea' id='block_1_76' title="bbox 2097 1629 3689 1703">
    <p class='ocr_par' dir='ltr' id='par_1_76' title="bbox 2097 1629 3689 1703">
     <span class='ocr_line' id='line_1_76' title="bbox 2097 1629 3689 1703; baseline 0.003 -19"><span class='ocrx_word' id='word_1_563' title='bbox 2097 1645 2217 1701; x_wconf 67' lang='lat' dir='ltr'><strong>qua:</strong></span> <span class='ocrx_word' id='word_1_564' title='bbox 2244 1631 2440 1701; x_wconf 90' lang='lat' dir='ltr'><strong>sparsit</strong></span> <span class='ocrx_word' id='word_1_565' title='bbox 2465 1640 2709 1703; x_wconf 82' lang='lat' dir='ltr'><strong>vagatus,</strong></span> <span class='ocrx_word' id='word_1_566' title='bbox 2736 1645 2834 1702; x_wconf 89' lang='lat' dir='ltr'><strong>per</strong></span> <span class='ocrx_word' id='word_1_567' title='bbox 2859 1646 3006 1698; x_wconf 89' lang='lat' dir='ltr'><strong>aera,</strong></span> <span class='ocrx_word' id='word_1_568' title='bbox 3031 1646 3127 1701; x_wconf 88' lang='lat' dir='ltr'><strong>per</strong></span> <span class='ocrx_word' id='word_1_569' title='bbox 3141 1629 3295 1697; x_wconf 88' lang='lat' dir='ltr'><strong>freta,</strong></span> <span class='ocrx_word' id='word_1_570' title='bbox 3325 1646 3422 1703; x_wconf 91' lang='lat' dir='ltr'><strong>per</strong></span> <span class='ocrx_word' id='word_1_571' title='bbox 3447 1648 3689 1700; x_wconf 81' lang='lat' dir='ltr'><strong>nemora,</strong></span> 
     </span>
    </p>
   </div>
   <div class='ocr_carea' id='block_1_77' title="bbox 2096 1724 3687 1800">
    <p class='ocr_par' dir='ltr' id='par_1_77' title="bbox 2096 1724 3687 1800">
     <span class='ocr_line' id='line_1_77' title="bbox 2096 1724 3687 1800; baseline 0.003 -22"><span class='ocrx_word' id='word_1_572' title='bbox 2096 1737 2200 1780; x_wconf 89' lang='lat' dir='ltr'><strong>nec</strong></span> <span class='ocrx_word' id='word_1_573' title='bbox 2227 1731 2403 1780; x_wconf 89' lang='lat' dir='ltr'><strong>tamen</strong></span> <span class='ocrx_word' id='word_1_574' title='bbox 2427 1733 2520 1780; x_wconf 89' lang='lat' dir='ltr'><strong>aut</strong></span> <span class='ocrx_word' id='word_1_575' title='bbox 2543 1724 2847 1781; x_wconf 85' lang='lat' dir='ltr'><strong>sublimavit</strong></span> <span class='ocrx_word' id='word_1_576' title='bbox 2871 1726 3031 1794; x_wconf 87' lang='lat' dir='ltr'><strong>ratio,</strong></span> <span class='ocrx_word' id='word_1_577' title='bbox 3088 1733 3182 1780; x_wconf 90' lang='lat' dir='ltr'><strong>aut</strong></span> <span class='ocrx_word' id='word_1_578' title='bbox 3216 1726 3372 1797; x_wconf 85' lang='lat' dir='ltr'><strong>culpa</strong></span> <span class='ocrx_word' id='word_1_579' title='bbox 3399 1726 3687 1800; x_wconf 85' lang='lat' dir='ltr'><strong>depressit,</strong></span> 
     </span>
    </p>
   </div>
   <div class='ocr_carea' id='block_1_78' title="bbox 2097 1817 3690 1889">
    <p class='ocr_par' dir='ltr' id='par_1_78' title="bbox 2097 1817 3690 1889">
     <span class='ocr_line' id='line_1_78' title="bbox 2097 1817 3690 1889; baseline 0.003 -17"><span class='ocrx_word' id='word_1_580' title='bbox 2097 1825 2223 1872; x_wconf 91' lang='lat' dir='ltr'><strong>nota</strong></span> <span class='ocrx_word' id='word_1_581' title='bbox 2252 1817 2773 1874; x_wconf 82' lang='lat' dir='ltr'><strong>commiscendorum</strong></span> <span class='ocrx_word' id='word_1_582' title='bbox 2802 1831 3092 1889; x_wconf 85' lang='lat' dir='ltr'><strong>corporum</strong></span> <span class='ocrx_word' id='word_1_583' title='bbox 3119 1817 3391 1889; x_wconf 87' lang='lat' dir='ltr'><strong>voluptate</strong></span> <span class='ocrx_word' id='word_1_584' title='bbox 3411 1817 3690 1876; x_wconf 79' lang='lat' dir='ltr'><strong>ﬂammau-</strong></span> 
     </span>
    </p>
   </div>
   <div class='ocr_carea' id='block_1_79' title="bbox 2100 1906 3684 1980">
    <p class='ocr_par' dir='ltr' id='par_1_79' title="bbox 2100 1906 3684 1980">
     <span class='ocr_line' id='line_1_79' title="bbox 2100 1906 3684 1980; baseline 0.001 -17"><span class='ocrx_word' id='word_1_585' title='bbox 2100 1917 2203 1964; x_wconf 90' lang='lat' dir='ltr'><strong>tur.</strong></span> <span class='ocrx_word' id='word_1_586' title='bbox 2231 1906 2386 1964; x_wconf 90' lang='lat' dir='ltr'><strong>Illum</strong></span> <span class='ocrx_word' id='word_1_587' title='bbox 2433 1923 2564 1980; x_wconf 87' lang='lat' dir='ltr'><strong>ergo</strong></span> <span class='ocrx_word' id='word_1_588' title='bbox 2607 1923 2832 1964; x_wconf 74' lang='lat' dir='ltr'><strong>sexuum</strong></span> <span class='ocrx_word' id='word_1_589' title='bbox 2888 1922 3046 1980; x_wconf 90' lang='lat' dir='ltr'><strong>quem</strong></span> <span class='ocrx_word' id='word_1_590' title='bbox 3098 1909 3374 1980; x_wconf 89' lang='lat' dir='ltr'><strong>patiuntur</strong></span> <span class='ocrx_word' id='word_1_591' title='bbox 3416 1909 3684 1979; x_wconf 86' lang='lat' dir='ltr'><strong>ardorem,</strong></span> 
     </span>
    </p>
   </div>
   <div class='ocr_carea' id='block_1_80' title="bbox 2099 1997 3690 2070">
    <p class='ocr_par' dir='ltr' id='par_1_80' title="bbox 2099 1997 3690 2070">
     <span class='ocr_line' id='line_1_80' title="bbox 2099 1997 3690 2070; baseline 0.001 -16"><span class='ocrx_word' id='word_1_592' title='bbox 2099 1997 2192 2054; x_wconf 90' lang='lat' dir='ltr'><strong>Dei</strong></span> <span class='ocrx_word' id='word_1_593' title='bbox 2213 2013 2281 2055; x_wconf 88' lang='lat' dir='ltr'><strong>an</strong></span> <span class='ocrx_word' id='word_1_594' title='bbox 2302 1998 2499 2055; x_wconf 89' lang='lat' dir='ltr'><strong>diaboli</strong></span> <span class='ocrx_word' id='word_1_595' title='bbox 2525 2013 2692 2070; x_wconf 90' lang='lat' dir='ltr'><strong>opere</strong></span> <span class='ocrx_word' id='word_1_596' title='bbox 2719 1999 3109 2069; x_wconf 68' lang='lat' dir='ltr'><strong>susceperunt!</strong></span> <span class='ocrx_word' id='word_1_597' title='bbox 3134 1997 3406 2056; x_wconf 82' lang='lat' dir='ltr'><strong>Clantabis</strong></span> <span class='ocrx_word' id='word_1_598' title='bbox 3445 2000 3563 2058; x_wconf 88' lang='lat' dir='ltr'><strong>siue</strong></span> <span class='ocrx_word' id='word_1_599' title='bbox 3590 2001 3690 2057; x_wconf 85' lang='lat' dir='ltr'><strong>du-</strong></span> 
     </span>
    </p>
   </div>
   <div class='ocr_carea' id='block_1_81' title="bbox 2098 2087 3691 2162">
    <p class='ocr_par' dir='ltr' id='par_1_81' title="bbox 2098 2087 3691 2162">
     <span class='ocr_line' id='line_1_81' title="bbox 2098 2087 3691 2162; baseline 0.003 -19"><span class='ocrx_word' id='word_1_600' title='bbox 2098 2087 2206 2158; x_wconf 89' lang='lat' dir='ltr'><strong>bio,</strong></span> <span class='ocrx_word' id='word_1_601' title='bbox 2237 2090 2352 2147; x_wconf 92' lang='lat' dir='ltr'><strong>Dei.</strong></span> <span class='ocrx_word' id='word_1_602' title='bbox 2382 2091 2524 2146; x_wconf 89' lang='lat' dir='ltr'><strong>Deus</strong></span> <span class='ocrx_word' id='word_1_603' title='bbox 2575 2104 2704 2162; x_wconf 88' lang='lat' dir='ltr'><strong>ergo</strong></span> <span class='ocrx_word' id='word_1_604' title='bbox 2731 2104 2920 2147; x_wconf 81' lang='lat' dir='ltr'><strong>sexum</strong></span> <span class='ocrx_word' id='word_1_605' title='bbox 2957 2090 3189 2146; x_wconf 87' lang='lat' dir='ltr'><strong>naturali</strong></span> <span class='ocrx_word' id='word_1_606' title='bbox 3246 2090 3522 2162; x_wconf 76' lang='lat' dir='ltr'><strong>voluptate</strong></span> <span class='ocrx_word' id='word_1_607' title='bbox 3568 2105 3691 2148; x_wconf 87' lang='lat' dir='ltr'><strong>suo-</strong></span> 
     </span>
    </p>
   </div>
   <div class='ocr_carea' id='block_1_82' title="bbox 2097 2182 3690 2256">
    <p class='ocr_par' dir='ltr' id='par_1_82' title="bbox 2097 2182 3690 2256">
     <span class='ocr_line' id='line_1_82' title="bbox 2097 2182 3690 2256; baseline 0.002 -18"><span class='ocrx_word' id='word_1_608' title='bbox 2097 2182 2306 2251; x_wconf 91' lang='lat' dir='ltr'><strong>cendit;</strong></span> <span class='ocrx_word' id='word_1_609' title='bbox 2359 2183 2502 2255; x_wconf 91' lang='lat' dir='ltr'><strong>quod</strong></span> <span class='ocrx_word' id='word_1_610' title='bbox 2543 2191 2694 2240; x_wconf 88' lang='lat' dir='ltr'><strong>certe</strong></span> <span class='ocrx_word' id='word_1_611' title='bbox 2739 2184 3157 2255; x_wconf 86' lang='lat' dir='ltr'><strong>consequentius</strong></span> <span class='ocrx_word' id='word_1_612' title='bbox 3199 2197 3359 2256; x_wconf 87' lang='lat' dir='ltr'><strong>quam</strong></span> <span class='ocrx_word' id='word_1_613' title='bbox 3395 2194 3471 2253; x_wconf 92' lang='lat' dir='ltr'><strong>tu,</strong></span> <span class='ocrx_word' id='word_1_614' title='bbox 3523 2184 3690 2242; x_wconf 71' lang='lat' dir='ltr'><strong>Diani-</strong></span> 
     </span>
    </p>
   </div>
   <div class='ocr_carea' id='block_1_83' title="bbox 2097 2273 3691 2347">
    <p class='ocr_par' dir='ltr' id='par_1_83' title="bbox 2097 2273 3691 2347">
     <span class='ocr_line' id='line_1_83' title="bbox 2097 2273 3691 2347; baseline 0.001 -16"><span class='ocrx_word' id='word_1_615' title='bbox 2097 2274 2278 2332; x_wconf 75' lang='lat' dir='ltr'><strong>chteus</strong></span> <span class='ocrx_word' id='word_1_616' title='bbox 2297 2282 2476 2346; x_wconf 86' lang='lat' dir='ltr'><strong>negat.</strong></span> <span class='ocrx_word' id='word_1_617' title='bbox 2497 2273 2594 2330; x_wconf 83' lang='lat' dir='ltr'><strong>ille</strong></span> <span class='ocrx_word' id='word_1_618' title='bbox 2619 2274 2787 2342; x_wconf 89' lang='lat' dir='ltr'><strong>enim,</strong></span> <span class='ocrx_word' id='word_1_619' title='bbox 2821 2289 2851 2330; x_wconf 90' lang='lat' dir='ltr'><strong>a</strong></span> <span class='ocrx_word' id='word_1_620' title='bbox 2878 2289 2986 2347; x_wconf 88' lang='lat' dir='ltr'><strong>quo</strong></span> <span class='ocrx_word' id='word_1_621' title='bbox 3003 2276 3490 2346; x_wconf 85' lang='lat' dir='ltr'><strong>concupiscentiam</strong></span> <span class='ocrx_word' id='word_1_622' title='bbox 3511 2278 3691 2334; x_wconf 84' lang='lat' dir='ltr'><strong>carnis</strong></span> 
     </span>
    </p>
   </div>
   <div class='ocr_carea' id='block_1_84' title="bbox 2097 2366 3692 2440">
    <p class='ocr_par' dir='ltr' id='par_1_84' title="bbox 2097 2366 3692 2440">
     <span class='ocr_line' id='line_1_84' title="bbox 2097 2366 3692 2440; baseline 0.001 -17"><span class='ocrx_word' id='word_1_623' title='bbox 2097 2367 2353 2424; x_wconf 88' lang='lat' dir='ltr'><strong>damnare</strong></span> <span class='ocrx_word' id='word_1_624' title='bbox 2376 2366 2632 2436; x_wconf 89' lang='lat' dir='ltr'><strong>didicisti,</strong></span> <span class='ocrx_word' id='word_1_625' title='bbox 2661 2367 2789 2438; x_wconf 88' lang='lat' dir='ltr'><strong>quid</strong></span> <span class='ocrx_word' id='word_1_626' title='bbox 2817 2367 2920 2422; x_wconf 84' lang='lat' dir='ltr'><strong>sibi</strong></span> <span class='ocrx_word' id='word_1_627' title='bbox 2961 2366 3247 2424; x_wconf 89' lang='lat' dir='ltr'><strong>dicendum</strong></span> <span class='ocrx_word' id='word_1_628' title='bbox 3303 2376 3449 2424; x_wconf 84' lang='lat' dir='ltr'><strong>esset</strong></span> <span class='ocrx_word' id='word_1_629' title='bbox 3484 2384 3692 2440; x_wconf 77' lang='lat' dir='ltr'><strong>expen-</strong></span> 
     </span>
    </p>
   </div>
   <div class='ocr_carea' id='block_1_85' title="bbox 2096 2456 3688 2530">
    <p class='ocr_par' dir='ltr' id='par_1_85' title="bbox 2096 2456 3688 2530">
     <span class='ocr_line' id='line_1_85' title="bbox 2096 2456 3688 2530; baseline 0 -14"><span class='ocrx_word' id='word_1_630' title='bbox 2096 2459 2253 2527; x_wconf 85' lang='lat' dir='ltr'><strong>dens,</strong></span> <span class='ocrx_word' id='word_1_631' title='bbox 2284 2475 2396 2516; x_wconf 88' lang='lat' dir='ltr'><strong>rem</strong></span> <span class='ocrx_word' id='word_1_632' title='bbox 2418 2474 2578 2530; x_wconf 89' lang='lat' dir='ltr'><strong>quam</strong></span> <span class='ocrx_word' id='word_1_633' title='bbox 2600 2457 2918 2514; x_wconf 83' lang='lat' dir='ltr'><strong>diabolicam</strong></span> <span class='ocrx_word' id='word_1_634' title='bbox 2945 2456 3281 2526; x_wconf 73' lang='lat' dir='ltr'><strong>definiret-at,</strong></span> <span class='ocrx_word' id='word_1_635' title='bbox 3328 2467 3490 2530; x_wconf 84' lang='lat' dir='ltr'><strong>atque</strong></span> <span class='ocrx_word' id='word_1_636' title='bbox 3521 2474 3553 2514; x_wconf 88' lang='lat' dir='ltr'><strong>a</strong></span> <span class='ocrx_word' id='word_1_637' title='bbox 3595 2459 3688 2516; x_wconf 83' lang='lat' dir='ltr'><strong>Del</strong></span> 
     </span>
    </p>
   </div>
   <div class='ocr_carea' id='block_1_86' title="bbox 2097 2551 3690 2624">
    <p class='ocr_par' dir='ltr' id='par_1_86' title="bbox 2097 2551 3690 2624">
     <span class='ocr_line' id='line_1_86' title="bbox 2097 2551 3690 2624; baseline -0.001 -15"><span class='ocrx_word' id='word_1_638' title='bbox 2097 2552 2348 2624; x_wconf 85' lang='lat' dir='ltr'><strong>operibus</strong></span> <span class='ocrx_word' id='word_1_639' title='bbox 2372 2558 2698 2619; x_wconf 86' lang='lat' dir='ltr'><strong>removerat,</strong></span> <span class='ocrx_word' id='word_1_640' title='bbox 2729 2564 3158 2622; x_wconf 81' lang='lat' dir='ltr'><strong>quaquaversum</strong></span> <span class='ocrx_word' id='word_1_641' title='bbox 3187 2565 3306 2606; x_wconf 87' lang='lat' dir='ltr'><strong>eam</strong></span> <span class='ocrx_word' id='word_1_642' title='bbox 3336 2552 3506 2622; x_wconf 89' lang='lat' dir='ltr'><strong>potuit</strong></span> <span class='ocrx_word' id='word_1_643' title='bbox 3533 2551 3690 2608; x_wconf 88' lang='lat' dir='ltr'><strong>iuve-</strong></span> 
     </span>
    </p>
   </div>
   <div class='ocr_carea' id='block_1_87' title="bbox 2098 2642 3690 2719">
    <p class='ocr_par' dir='ltr' id='par_1_87' title="bbox 2098 2642 3690 2719">
     <span class='ocr_line' id='line_1_87' title="bbox 2098 2642 3690 2719; baseline -0.003 -16"><span class='ocrx_word' id='word_1_644' title='bbox 2098 2647 2215 2704; x_wconf 92' lang='lat' dir='ltr'><strong>nire</strong></span> <span class='ocrx_word' id='word_1_645' title='bbox 2239 2645 2578 2719; x_wconf 83' lang='lat' dir='ltr'><strong>persequitur</strong></span> <span class='ocrx_word' id='word_1_646' title='bbox 2606 2661 2621 2698; x_wconf 88' lang='lat'><strong>:</strong></span> <span class='ocrx_word' id='word_1_647' title='bbox 2641 2653 2696 2700; x_wconf 89' lang='lat' dir='ltr'><strong>et</strong></span> <span class='ocrx_word' id='word_1_648' title='bbox 2716 2642 2838 2700; x_wconf 89' lang='lat' dir='ltr'><strong>ideo</strong></span> <span class='ocrx_word' id='word_1_649' title='bbox 2864 2651 2921 2699; x_wconf 92' lang='lat' dir='ltr'><strong>ut</strong></span> <span class='ocrx_word' id='word_1_650' title='bbox 2937 2659 3038 2716; x_wconf 89' lang='lat' dir='ltr'><strong>per</strong></span> <span class='ocrx_word' id='word_1_651' title='bbox 3055 2643 3548 2714; x_wconf 83' lang='lat' dir='ltr'><strong>concupiscentiam</strong></span> <span class='ocrx_word' id='word_1_652' title='bbox 3564 2659 3690 2700; x_wconf 88' lang='lat' dir='ltr'><strong>cor-</strong></span> 
     </span>
    </p>
   </div>
   <div class='ocr_carea' id='block_1_88' title="bbox 2098 2735 3692 2810">
    <p class='ocr_par' dir='ltr' id='par_1_88' title="bbox 2098 2735 3692 2810">
     <span class='ocr_line' id='line_1_88' title="bbox 2098 2735 3692 2810; baseline 0 -15"><span class='ocrx_word' id='word_1_653' title='bbox 2098 2754 2229 2810; x_wconf 88' lang='lat' dir='ltr'><strong>pora</strong></span> <span class='ocrx_word' id='word_1_654' title='bbox 2250 2739 2548 2806; x_wconf 86' lang='lat' dir='ltr'><strong>hominum,</strong></span> <span class='ocrx_word' id='word_1_655' title='bbox 2598 2737 2670 2792; x_wconf 86' lang='lat' dir='ltr'><strong>ita</strong></span> <span class='ocrx_word' id='word_1_656' title='bbox 2702 2753 2800 2808; x_wconf 89' lang='lat' dir='ltr'><strong>per</strong></span> <span class='ocrx_word' id='word_1_657' title='bbox 2842 2735 3111 2806; x_wconf 89' lang='lat' dir='ltr'><strong>homines,</strong></span> <span class='ocrx_word' id='word_1_658' title='bbox 3160 2751 3350 2794; x_wconf 87' lang='lat' dir='ltr'><strong>omnes</strong></span> <span class='ocrx_word' id='word_1_659' title='bbox 3390 2737 3692 2795; x_wconf 82' lang='lat' dir='ltr'><strong>animantes</strong></span> 
     </span>
    </p>
   </div>
   <div class='ocr_carea' id='block_1_89' title="bbox 2097 2828 3694 2902">
    <p class='ocr_par' dir='ltr' id='par_1_89' title="bbox 2097 2828 3694 2902">
     <span class='ocr_line' id='line_1_89' title="bbox 2097 2828 3694 2902; baseline 0 -16"><span class='ocrx_word' id='word_1_660' title='bbox 2097 2831 2312 2887; x_wconf 89' lang='lat' dir='ltr'><strong>diabolo</strong></span> <span class='ocrx_word' id='word_1_661' title='bbox 2330 2830 2604 2902; x_wconf 80' lang='lat' dir='ltr'><strong>deputavit</strong></span> <span class='ocrx_word' id='word_1_662' title='bbox 2629 2829 2856 2886; x_wconf 88' lang='lat' dir='ltr'><strong>auctori.</strong></span> <span class='ocrx_word' id='word_1_663' title='bbox 2899 2828 2982 2884; x_wconf 86' lang='lat' dir='ltr'><strong>&#39;l‘u</strong></span> <span class='ocrx_word' id='word_1_664' title='bbox 3025 2837 3227 2897; x_wconf 87' lang='lat' dir='ltr'><strong>autem,</strong></span> <span class='ocrx_word' id='word_1_665' title='bbox 3259 2845 3380 2885; x_wconf 92' lang='lat' dir='ltr'><strong>cum</strong></span> <span class='ocrx_word' id='word_1_666' title='bbox 3416 2831 3470 2887; x_wconf 92' lang='lat' dir='ltr'><strong>in</strong></span> <span class='ocrx_word' id='word_1_667' title='bbox 3526 2831 3694 2887; x_wconf 80' lang='lat' dir='ltr'><strong>Mani-</strong></span> 
     </span>
    </p>
   </div>
   <div class='ocr_carea' id='block_1_90' title="bbox 2096 2921 3692 2996">
    <p class='ocr_par' dir='ltr' id='par_1_90' title="bbox 2096 2921 3692 2996">
     <span class='ocr_line' id='line_1_90' title="bbox 2096 2921 3692 2996; baseline 0.001 -17"><span class='ocrx_word' id='word_1_668' title='bbox 2096 2922 2232 2979; x_wconf 86' lang='lat' dir='ltr'><strong>cbaei</strong></span> <span class='ocrx_word' id='word_1_669' title='bbox 2256 2923 2450 2978; x_wconf 86' lang='lat' dir='ltr'><strong>castris</strong></span> <span class='ocrx_word' id='word_1_670' title='bbox 2492 2921 2751 2978; x_wconf 90' lang='lat' dir='ltr'><strong>hactenus</strong></span> <span class='ocrx_word' id='word_1_671' title='bbox 2774 2935 3018 2989; x_wconf 82' lang='lat' dir='ltr'><strong>manens,</strong></span> <span class='ocrx_word' id='word_1_672' title='bbox 3049 2923 3344 2978; x_wconf 88' lang='lat' dir='ltr'><strong>maximum</strong></span> <span class='ocrx_word' id='word_1_673' title='bbox 3387 2924 3508 2996; x_wconf 87' lang='lat' dir='ltr'><strong>ejus</strong></span> <span class='ocrx_word' id='word_1_674' title='bbox 3548 2924 3692 2981; x_wconf 88' lang='lat' dir='ltr'><strong>feras</strong></span> 
     </span>
    </p>
   </div>
   <div class='ocr_carea' id='block_1_91' title="bbox 2098 3013 3693 3087">
    <p class='ocr_par' dir='ltr' id='par_1_91' title="bbox 2098 3013 3693 3087">
     <span class='ocr_line' id='line_1_91' title="bbox 2098 3013 3693 3087; baseline 0.003 -17"><span class='ocrx_word' id='word_1_675' title='bbox 2098 3014 2416 3084; x_wconf 86' lang='lat' dir='ltr'><strong>draconem,</strong></span> <span class='ocrx_word' id='word_1_676' title='bbox 2440 3014 2511 3070; x_wconf 88' lang='lat' dir='ltr'><strong>de</strong></span> <span class='ocrx_word' id='word_1_677' title='bbox 2531 3029 2636 3086; x_wconf 79' lang='lat' dir='ltr'><strong>quo</strong></span> <span class='ocrx_word' id='word_1_678' title='bbox 2665 3013 2969 3071; x_wconf 80' lang='lat' dir='ltr'><strong>infelicibus</strong></span> <span class='ocrx_word' id='word_1_679' title='bbox 2998 3015 3267 3072; x_wconf 89' lang='lat' dir='ltr'><strong>mentibus</strong></span> <span class='ocrx_word' id='word_1_680' title='bbox 3311 3031 3409 3087; x_wconf 90' lang='lat' dir='ltr'><strong>per</strong></span> <span class='ocrx_word' id='word_1_681' title='bbox 3451 3019 3693 3074; x_wconf 81' lang='lat' dir='ltr'><strong>naturain</strong></span> 
     </span>
    </p>
   </div>
   <div class='ocr_carea' id='block_1_92' title="bbox 2099 3103 3688 3177">
    <p class='ocr_par' dir='ltr' id='par_1_92' title="bbox 2099 3103 3688 3177">
     <span class='ocr_line' id='line_1_92' title="bbox 2099 3103 3688 3177; baseline 0.003 -17"><span class='ocrx_word' id='word_1_682' title='bbox 2099 3103 2297 3160; x_wconf 89' lang='lat' dir='ltr'><strong>malum</strong></span> <span class='ocrx_word' id='word_1_683' title='bbox 2325 3113 2380 3160; x_wconf 92' lang='lat' dir='ltr'><strong>et</strong></span> <span class='ocrx_word' id='word_1_684' title='bbox 2407 3105 2632 3160; x_wconf 85' lang='lat' dir='ltr'><strong>crimina</strong></span> <span class='ocrx_word' id='word_1_685' title='bbox 2669 3105 2974 3175; x_wconf 89' lang='lat' dir='ltr'><strong>nuptiarum</strong></span> <span class='ocrx_word' id='word_1_686' title='bbox 3003 3103 3202 3161; x_wconf 86' lang='lat' dir='ltr'><strong>lethale</strong></span> <span class='ocrx_word' id='word_1_687' title='bbox 3252 3106 3483 3177; x_wconf 88' lang='lat' dir='ltr'><strong>inspiras</strong></span> <span class='ocrx_word' id='word_1_688' title='bbox 3524 3123 3688 3166; x_wconf 86' lang='lat' dir='ltr'><strong>vene-</strong></span> 
     </span>
    </p>
   </div>
   <div class='ocr_carea' id='block_1_93' title="bbox 2098 3196 3690 3271">
    <p class='ocr_par' dir='ltr' id='par_1_93' title="bbox 2098 3196 3690 3271">
     <span class='ocr_line' id='line_1_93' title="bbox 2098 3196 3690 3271; baseline 0.002 -17"><span class='ocrx_word' id='word_1_689' title='bbox 2098 3213 2248 3264; x_wconf 90' lang='lat' dir='ltr'><strong>num;</strong></span> <span class='ocrx_word' id='word_1_690' title='bbox 2284 3212 2392 3253; x_wconf 91' lang='lat' dir='ltr'><strong>non</strong></span> <span class='ocrx_word' id='word_1_691' title='bbox 2423 3198 2503 3253; x_wconf 92' lang='lat' dir='ltr'><strong>vis</strong></span> <span class='ocrx_word' id='word_1_692' title='bbox 2543 3205 2720 3252; x_wconf 88' lang='lat' dir='ltr'><strong>tamen</strong></span> <span class='ocrx_word' id='word_1_693' title='bbox 2773 3196 2827 3252; x_wconf 92' lang='lat' dir='ltr'><strong>in</strong></span> <span class='ocrx_word' id='word_1_694' title='bbox 2858 3212 3047 3253; x_wconf 87' lang='lat' dir='ltr'><strong>omnes</strong></span> <span class='ocrx_word' id='word_1_695' title='bbox 3092 3205 3314 3254; x_wconf 87' lang='lat' dir='ltr'><strong>naturas</strong></span> <span class='ocrx_word' id='word_1_696' title='bbox 3363 3208 3610 3271; x_wconf 82' lang='lat' dir='ltr'><strong>suggesta</strong></span> <span class='ocrx_word' id='word_1_697' title='bbox 3660 3218 3690 3258; x_wconf 89' lang='lat' dir='ltr'><strong>a</strong></span> 
     </span>
    </p>
   </div>
   <div class='ocr_carea' id='block_1_94' title="bbox 2098 3288 3693 3368">
    <p class='ocr_par' dir='ltr' id='par_1_94' title="bbox 2098 3288 3693 3368">
     <span class='ocr_line' id='line_1_94' title="bbox 2098 3288 3693 3368; baseline 0.003 -22"><span class='ocrx_word' id='word_1_698' title='bbox 2098 3293 2355 3362; x_wconf 82' lang='lat' dir='ltr'><strong>magistro</strong></span> <span class='ocrx_word' id='word_1_699' title='bbox 2381 3290 2486 3347; x_wconf 84' lang='lat' dir='ltr'><strong>tela</strong></span> <span class='ocrx_word' id='word_1_700' title='bbox 2511 3288 2737 3362; x_wconf 76' lang='lat' dir='ltr'><strong>iaculari</strong></span> <span class='ocrx_word' id='word_1_701' title='bbox 2769 3297 2865 3346; x_wconf 89' lang='lat' dir='ltr'><strong>:et</strong></span> <span class='ocrx_word' id='word_1_702' title='bbox 2907 3290 3077 3346; x_wconf 89' lang='lat' dir='ltr'><strong>brutis</strong></span> <span class='ocrx_word' id='word_1_703' title='bbox 3118 3289 3438 3348; x_wconf 84' lang='lat' dir='ltr'><strong>familiarior</strong></span> <span class='ocrx_word' id='word_1_704' title='bbox 3475 3291 3693 3368; x_wconf 90' lang='lat' dir='ltr'><strong>(quibus</strong></span> 
     </span>
    </p>
   </div>
   <div class='ocr_carea' id='block_1_95' title="bbox 2097 3381 3693 3453">
    <p class='ocr_par' dir='ltr' id='par_1_95' title="bbox 2097 3381 3693 3453">
     <span class='ocr_line' id='line_1_95' title="bbox 2097 3381 3693 3453; baseline 0.002 -14"><span class='ocrx_word' id='word_1_705' title='bbox 2097 3391 2274 3440; x_wconf 89' lang='lat' dir='ltr'><strong>tamen</strong></span> <span class='ocrx_word' id='word_1_706' title='bbox 2299 3382 2370 3439; x_wconf 91' lang='lat' dir='ltr'><strong>ob</strong></span> <span class='ocrx_word' id='word_1_707' title='bbox 2394 3381 2497 3438; x_wconf 90' lang='lat' dir='ltr'><strong>hoc</strong></span> <span class='ocrx_word' id='word_1_708' title='bbox 2514 3382 2707 3453; x_wconf 86' lang='lat' dir='ltr'><strong>parcis,</strong></span> <span class='ocrx_word' id='word_1_709' title='bbox 2728 3389 2787 3438; x_wconf 85' lang='lat' dir='ltr'><strong>ut</strong></span> <span class='ocrx_word' id='word_1_710' title='bbox 2813 3381 3204 3438; x_wconf 89' lang='lat' dir='ltr'><strong>rationabilium</strong></span> <span class='ocrx_word' id='word_1_711' title='bbox 3231 3391 3428 3440; x_wconf 88' lang='lat' dir='ltr'><strong>statum</strong></span> <span class='ocrx_word' id='word_1_712' title='bbox 3449 3395 3693 3444; x_wconf 88' lang='lat' dir='ltr'><strong>auctora-</strong></span> 
     </span>
    </p>
   </div>
   <div class='ocr_carea' id='block_1_96' title="bbox 2097 3460 3690 3550">
    <p class='ocr_par' dir='ltr' id='par_1_96' title="bbox 2097 3460 3690 3550">
     <span class='ocr_line' id='line_1_96' title="bbox 2097 3460 3690 3550; baseline 0.001 -17"><span class='ocrx_word' id='word_1_713' title='bbox 2097 3478 2204 3533; x_wconf 86' lang='lat' dir='ltr'><strong>tius</strong></span> <span class='ocrx_word' id='word_1_714' title='bbox 2229 3460 2870 3547; x_wconf 87' lang='lat' dir='ltr'><strong>crimineris),consentis</strong></span> <span class='ocrx_word' id='word_1_715' title='bbox 2885 3475 2937 3530; x_wconf 91' lang='lat' dir='ltr'><strong>in</strong></span> <span class='ocrx_word' id='word_1_716' title='bbox 2957 3474 3174 3530; x_wconf 89' lang='lat' dir='ltr'><strong>illorum</strong></span> <span class='ocrx_word' id='word_1_717' title='bbox 3189 3475 3503 3550; x_wconf 85' lang='lat' dir='ltr'><strong>corporibus</strong></span> <span class='ocrx_word' id='word_1_718' title='bbox 3525 3478 3690 3534; x_wconf 87' lang='lat' dir='ltr'><strong>Deum</strong></span> 
     </span>
    </p>
   </div>
   <div class='ocr_carea' id='block_1_97' title="bbox 2099 3565 3690 3639">
    <p class='ocr_par' dir='ltr' id='par_1_97' title="bbox 2099 3565 3690 3639">
     <span class='ocr_line' id='line_1_97' title="bbox 2099 3565 3690 3639; baseline 0.001 -14"><span class='ocrx_word' id='word_1_719' title='bbox 2099 3570 2322 3636; x_wconf 84' lang='lat' dir='ltr'><strong>fecisse,</strong></span> <span class='ocrx_word' id='word_1_720' title='bbox 2358 3565 2501 3639; x_wconf 92' lang='lat' dir='ltr'><strong>quod</strong></span> <span class='ocrx_word' id='word_1_721' title='bbox 2530 3567 2583 3623; x_wconf 92' lang='lat' dir='ltr'><strong>in</strong></span> <span class='ocrx_word' id='word_1_722' title='bbox 2627 3566 2828 3623; x_wconf 88' lang='lat' dir='ltr'><strong>nostris</strong></span> <span class='ocrx_word' id='word_1_723' title='bbox 2867 3567 2886 3600; x_wconf 84' lang='grc'>¹</span> <span class='ocrx_word' id='word_1_724' title='bbox 2924 3565 3194 3622; x_wconf 88' lang='lat' dir='ltr'><strong>diabolum</strong></span> <span class='ocrx_word' id='word_1_725' title='bbox 3217 3583 3232 3620; x_wconf 90' lang='lat'><strong>:</strong></span> <span class='ocrx_word' id='word_1_726' title='bbox 3255 3581 3378 3623; x_wconf 90' lang='lat' dir='ltr'><strong>cum</strong></span> <span class='ocrx_word' id='word_1_727' title='bbox 3421 3576 3600 3625; x_wconf 91' lang='lat' dir='ltr'><strong>tamen</strong></span> <span class='ocrx_word' id='word_1_728' title='bbox 3639 3572 3690 3627; x_wconf 92' lang='lat' dir='ltr'><strong>id</strong></span> 
     </span>
    </p>
   </div>
   <div class='ocr_carea' id='block_1_98' title="bbox 2097 3660 3694 3734">
    <p class='ocr_par' dir='ltr' id='par_1_98' title="bbox 2097 3660 3694 3734">
     <span class='ocr_line' id='line_1_98' title="bbox 2097 3660 3694 3734; baseline 0.002 -16"><span class='ocrx_word' id='word_1_729' title='bbox 2097 3663 2294 3734; x_wconf 88' lang='lat' dir='ltr'><strong>ipsum,</strong></span> <span class='ocrx_word' id='word_1_730' title='bbox 2313 3662 2408 3719; x_wconf 88' lang='lat' dir='ltr'><strong>sed</strong></span> <span class='ocrx_word' id='word_1_731' title='bbox 2425 3660 2606 3719; x_wconf 88' lang='lat' dir='ltr'><strong>mitius</strong></span> <span class='ocrx_word' id='word_1_732' title='bbox 2618 3662 2668 3716; x_wconf 91' lang='lat' dir='ltr'><strong>in</strong></span> <span class='ocrx_word' id='word_1_733' title='bbox 2692 3661 3181 3733; x_wconf 86' lang='lat' dir='ltr'><strong>hominibus,quam</strong></span> <span class='ocrx_word' id='word_1_734' title='bbox 3202 3663 3256 3718; x_wconf 89' lang='lat' dir='ltr'><strong>in</strong></span> <span class='ocrx_word' id='word_1_735' title='bbox 3271 3662 3556 3732; x_wconf 86' lang='lat' dir='ltr'><strong>pecoribus</strong></span> <span class='ocrx_word' id='word_1_736' title='bbox 3570 3679 3694 3722; x_wconf 87' lang='lat' dir='ltr'><strong>esse</strong></span> 
     </span>
    </p>
   </div>
   <div class='ocr_carea' id='block_1_99' title="bbox 2098 3751 3694 3826">
    <p class='ocr_par' dir='ltr' id='par_1_99' title="bbox 2098 3751 3694 3826">
     <span class='ocr_line' id='line_1_99' title="bbox 2098 3751 3694 3826; baseline 0.001 -17"><span class='ocrx_word' id='word_1_737' title='bbox 2098 3753 2319 3810; x_wconf 80' lang='lat' dir='ltr'><strong>fateare.</strong></span> <span class='ocrx_word' id='word_1_738' title='bbox 2346 3751 2415 3810; x_wconf 89' lang='lat' dir='ltr'><strong>Ut</strong></span> <span class='ocrx_word' id='word_1_739' title='bbox 2436 3766 2566 3824; x_wconf 90' lang='lat' dir='ltr'><strong>ergo</strong></span> <span class='ocrx_word' id='word_1_740' title='bbox 2584 3752 2710 3824; x_wconf 89' lang='lat' dir='ltr'><strong>quid</strong></span> <span class='ocrx_word' id='word_1_741' title='bbox 2728 3752 2799 3808; x_wconf 90' lang='lat' dir='ltr'><strong>sit</strong></span> <span class='ocrx_word' id='word_1_742' title='bbox 2817 3751 3089 3821; x_wconf 74' lang='lat' dir='ltr'><strong>effectum,</strong></span> <span class='ocrx_word' id='word_1_743' title='bbox 3109 3751 3346 3826; x_wconf 87' lang='lat' dir='ltr'><strong>prudens</strong></span> <span class='ocrx_word' id='word_1_744' title='bbox 3362 3753 3530 3809; x_wconf 88' lang='lat' dir='ltr'><strong>lector</strong></span> <span class='ocrx_word' id='word_1_745' title='bbox 3551 3756 3694 3811; x_wconf 83' lang='lat' dir='ltr'><strong>acci-</strong></span> 
     </span>
    </p>
   </div>
   <div class='ocr_carea' id='block_1_100' title="bbox 2099 3842 3692 3917">
    <p class='ocr_par' dir='ltr' id='par_1_100' title="bbox 2099 3842 3692 3917">
     <span class='ocr_line' id='line_1_100' title="bbox 2099 3842 3692 3917; baseline 0.003 -17"><span class='ocrx_word' id='word_1_746' title='bbox 2099 3845 2225 3917; x_wconf 87' lang='lat' dir='ltr'><strong>piat,</strong></span> <span class='ocrx_word' id='word_1_747' title='bbox 2253 3842 2527 3900; x_wconf 90' lang='lat' dir='ltr'><strong>libidinem</strong></span> <span class='ocrx_word' id='word_1_748' title='bbox 2552 3858 2836 3915; x_wconf 90' lang='lat' dir='ltr'><strong>corporum</strong></span> <span class='ocrx_word' id='word_1_749' title='bbox 2865 3842 2921 3900; x_wconf 90' lang='lat' dir='ltr'><strong>in</strong></span> <span class='ocrx_word' id='word_1_750' title='bbox 2959 3845 3278 3901; x_wconf 86' lang='lat' dir='ltr'><strong>animalibus</strong></span> <span class='ocrx_word' id='word_1_751' title='bbox 3301 3843 3492 3902; x_wconf 88' lang='lat' dir='ltr'><strong>factam</strong></span> <span class='ocrx_word' id='word_1_752' title='bbox 3518 3861 3550 3904; x_wconf 87' lang='lat' dir='ltr'><strong>a</strong></span> <span class='ocrx_word' id='word_1_753' title='bbox 3581 3849 3692 3904; x_wconf 93' lang='lat' dir='ltr'><strong>Deo</strong></span> 
     </span>
    </p>
   </div>
   <div class='ocr_carea' id='block_1_101' title="bbox 2097 3934 3687 4010">
    <p class='ocr_par' dir='ltr' id='par_1_101' title="bbox 2097 3934 3687 4010">
     <span class='ocr_line' id='line_1_101' title="bbox 2097 3934 3687 4010; baseline 0.003 -17"><span class='ocrx_word' id='word_1_754' title='bbox 2097 3952 2204 3993; x_wconf 90' lang='lat' dir='ltr'><strong>non</strong></span> <span class='ocrx_word' id='word_1_755' title='bbox 2222 3951 2409 4008; x_wconf 89' lang='lat' dir='ltr'><strong>negas.</strong></span> <span class='ocrx_word' id='word_1_756' title='bbox 2437 3934 2554 3992; x_wconf 78' lang='lat' dir='ltr'><strong>Non</strong></span> <span class='ocrx_word' id='word_1_757' title='bbox 2573 3944 2802 4007; x_wconf 86' lang='lat' dir='ltr'><strong>estergo</strong></span> <span class='ocrx_word' id='word_1_758' title='bbox 2819 3936 2909 3993; x_wconf 91' lang='lat' dir='ltr'><strong>Dei</strong></span> <span class='ocrx_word' id='word_1_759' title='bbox 2929 3936 3180 4008; x_wconf 87' lang='lat' dir='ltr'><strong>operibus</strong></span> <span class='ocrx_word' id='word_1_760' title='bbox 3199 3937 3415 4010; x_wconf 81' lang='lat' dir='ltr'><strong>indigna</strong></span> <span class='ocrx_word' id='word_1_761' title='bbox 3437 3938 3526 3995; x_wconf 87' lang='lat' dir='ltr'><strong>illa</strong></span> <span class='ocrx_word' id='word_1_762' title='bbox 3550 3939 3687 3997; x_wconf 76' lang='lat' dir='ltr'><strong>ali&#39;e-</strong></span> 
     </span>
    </p>
   </div>
   <div class='ocr_carea' id='block_1_102' title="bbox 2097 4025 3690 4103">
    <p class='ocr_par' dir='ltr' id='par_1_102' title="bbox 2097 4025 3690 4103">
     <span class='ocr_line' id='line_1_102' title="bbox 2097 4025 3690 4103; baseline 0.003 -19"><span class='ocrx_word' id='word_1_763' title='bbox 2097 4028 2228 4094; x_wconf 91' lang='lat' dir='ltr'><strong>ctio,</strong></span> <span class='ocrx_word' id='word_1_764' title='bbox 2252 4027 2438 4100; x_wconf 63' lang='lat' dir='ltr'><strong>quain</strong></span> <span class='ocrx_word' id='word_1_765' title='bbox 2450 4025 2535 4084; x_wconf 88' lang='lat' dir='ltr'><strong>his</strong></span> <span class='ocrx_word' id='word_1_766' title='bbox 2553 4026 2868 4084; x_wconf 87' lang='lat' dir='ltr'><strong>substantiis</strong></span> <span class='ocrx_word' id='word_1_767' title='bbox 2892 4027 3069 4084; x_wconf 88' lang='lat' dir='ltr'><strong>acrior</strong></span> <span class='ocrx_word' id='word_1_768' title='bbox 3094 4027 3384 4099; x_wconf 89' lang='lat' dir='ltr'><strong>invenitur,</strong></span> <span class='ocrx_word' id='word_1_769' title='bbox 3413 4046 3534 4103; x_wconf 76' lang='lat' dir='ltr'><strong>qua:</strong></span> <span class='ocrx_word' id='word_1_770' title='bbox 3561 4033 3690 4088; x_wconf 88' lang='lat' dir='ltr'><strong>nihil</strong></span> 
     </span>
    </p>
   </div>
   <div class='ocr_carea' id='block_1_103' title="bbox 2097 4117 3686 4195">
    <p class='ocr_par' dir='ltr' id='par_1_103' title="bbox 2097 4117 3686 4195">
     <span class='ocr_line' id='line_1_103' title="bbox 2097 4117 3686 4195; baseline 0.003 -21"><span class='ocrx_word' id='word_1_771' title='bbox 2097 4118 2167 4176; x_wconf 89' lang='lat' dir='ltr'><strong>de</strong></span> <span class='ocrx_word' id='word_1_772' title='bbox 2187 4118 2385 4174; x_wconf 88' lang='lat' dir='ltr'><strong>diaboli</strong></span> <span class='ocrx_word' id='word_1_773' title='bbox 2414 4117 2578 4186; x_wconf 89' lang='lat' dir='ltr'><strong>malo,</strong></span> <span class='ocrx_word' id='word_1_774' title='bbox 2621 4119 2703 4174; x_wconf 84' lang='lat' dir='ltr'><strong>vel</strong></span> <span class='ocrx_word' id='word_1_775' title='bbox 2728 4117 2870 4173; x_wconf 89' lang='lat' dir='ltr'><strong>tenui</strong></span> <span class='ocrx_word' id='word_1_776' title='bbox 2896 4119 3171 4174; x_wconf 86' lang='lat' dir='ltr'><strong>voluntate</strong></span> <span class='ocrx_word' id='word_1_777' title='bbox 3197 4131 3510 4191; x_wconf 88' lang='lat' dir='ltr'><strong>rapuerunt.</strong></span> <span class='ocrx_word' id='word_1_778' title='bbox 3543 4122 3686 4195; x_wconf 84' lang='lat' dir='ltr'><strong>Ergo</strong></span> 
     </span>
    </p>
   </div>
   <div class='ocr_carea' id='block_1_104' title="bbox 2097 4210 3686 4283">
    <p class='ocr_par' dir='ltr' id='par_1_104' title="bbox 2097 4210 3686 4283">
     <span class='ocr_line' id='line_1_104' title="bbox 2097 4210 3686 4283; baseline 0.003 -17"><span class='ocrx_word' id='word_1_779' title='bbox 2097 4213 2220 4283; x_wconf 87' lang='lat' dir='ltr'><strong>quia</strong></span> <span class='ocrx_word' id='word_1_780' title='bbox 2265 4211 2694 4282; x_wconf 88' lang='lat' dir='ltr'><strong>concupiscentia</strong></span> <span class='ocrx_word' id='word_1_781' title='bbox 2726 4210 2944 4267; x_wconf 86' lang='lat' dir='ltr'><strong>defensa</strong></span> <span class='ocrx_word' id='word_1_782' title='bbox 2971 4221 3053 4267; x_wconf 90' lang='lat' dir='ltr'><strong>est</strong></span> <span class='ocrx_word' id='word_1_783' title='bbox 3075 4211 3324 4283; x_wconf 81' lang='lat' dir='ltr'><strong>exemplo</strong></span> <span class='ocrx_word' id='word_1_784' title='bbox 3352 4213 3686 4283; x_wconf 88' lang='lat' dir='ltr'><strong>animalium,</strong></span> 
     </span>
    </p>
   </div>
   <div class='ocr_carea' id='block_1_105' title="bbox 2097 4301 3693 4375">
    <p class='ocr_par' dir='ltr' id='par_1_105' title="bbox 2097 4301 3693 4375">
     <span class='ocr_line' id='line_1_105' title="bbox 2097 4301 3693 4375; baseline 0.003 -17"><span class='ocrx_word' id='word_1_785' title='bbox 2097 4303 2314 4359; x_wconf 83' lang='lat' dir='ltr'><strong>defensa</strong></span> <span class='ocrx_word' id='word_1_786' title='bbox 2334 4302 2494 4359; x_wconf 86' lang='lat' dir='ltr'><strong>etiam</strong></span> <span class='ocrx_word' id='word_1_787' title='bbox 2524 4302 2779 4375; x_wconf 83' lang='lat' dir='ltr'><strong>dignitate</strong></span> <span class='ocrx_word' id='word_1_788' title='bbox 2829 4303 3064 4358; x_wconf 87' lang='lat' dir='ltr'><strong>auctoris</strong></span> <span class='ocrx_word' id='word_1_789' title='bbox 3091 4301 3194 4370; x_wconf 89' lang='lat' dir='ltr'><strong>sui,</strong></span> <span class='ocrx_word' id='word_1_790' title='bbox 3245 4317 3348 4359; x_wconf 87' lang='lat' dir='ltr'><strong>nec</strong></span> <span class='ocrx_word' id='word_1_791' title='bbox 3387 4304 3550 4373; x_wconf 87' lang='lat' dir='ltr'><strong>mala,</strong></span> <span class='ocrx_word' id='word_1_792' title='bbox 3591 4323 3693 4364; x_wconf 89' lang='lat' dir='ltr'><strong>nec</strong></span> 
     </span>
    </p>
   </div>
   <div class='ocr_carea' id='block_1_106' title="bbox 2096 4392 3690 4468">
    <p class='ocr_par' dir='ltr' id='par_1_106' title="bbox 2096 4392 3690 4468">
     <span class='ocr_line' id='line_1_106' title="bbox 2096 4392 3690 4468; baseline 0.001 -16"><span class='ocrx_word' id='word_1_793' title='bbox 2096 4393 2358 4452; x_wconf 85' lang='lat' dir='ltr'><strong>diabolica</strong></span> <span class='ocrx_word' id='word_1_794' title='bbox 2387 4405 2491 4464; x_wconf 87' lang='lat' dir='ltr'><strong>est,</strong></span> <span class='ocrx_word' id='word_1_795' title='bbox 2531 4409 2694 4466; x_wconf 86' lang='lat' dir='ltr'><strong>quam</strong></span> <span class='ocrx_word' id='word_1_796' title='bbox 2738 4394 2865 4451; x_wconf 89' lang='lat' dir='ltr'><strong>fecit</strong></span> <span class='ocrx_word' id='word_1_797' title='bbox 2919 4393 3059 4450; x_wconf 84' lang='lat' dir='ltr'><strong>Deus</strong></span> <span class='ocrx_word' id='word_1_798' title='bbox 3093 4392 3352 4449; x_wconf 86' lang='lat' dir='ltr'><strong>formator</strong></span> <span class='ocrx_word' id='word_1_799' title='bbox 3379 4407 3690 4468; x_wconf 81' lang='lat' dir='ltr'><strong>corporum,</strong></span> 
     </span>
    </p>
   </div>
   <div class='ocr_carea' id='block_1_107' title="bbox 2097 4492 3691 4561">
    <p class='ocr_par' dir='ltr' id='par_1_107' title="bbox 2097 4492 3691 4561">
     <span class='ocr_line' id='line_1_107' title="bbox 2097 4492 3691 4561; baseline 0.004 -17"><span class='ocrx_word' id='word_1_800' title='bbox 2097 4496 2152 4544; x_wconf 91' lang='lat' dir='ltr'><strong>et</strong></span> <span class='ocrx_word' id='word_1_801' title='bbox 2175 4503 2333 4561; x_wconf 91' lang='lat' dir='ltr'><strong>quam</strong></span> <span class='ocrx_word' id='word_1_802' title='bbox 2359 4497 2506 4544; x_wconf 89' lang='lat' dir='ltr'><strong>tenet</strong></span> <span class='ocrx_word' id='word_1_803' title='bbox 2532 4501 2594 4544; x_wconf 90' lang='lat' dir='ltr'><strong>ea</strong></span> <span class='ocrx_word' id='word_1_804' title='bbox 2621 4502 2740 4560; x_wconf 76' lang='lat' dir='ltr'><strong>qua:</strong></span> <span class='ocrx_word' id='word_1_805' title='bbox 2760 4495 2842 4544; x_wconf 87' lang='lat' dir='ltr'><strong>est</strong></span> <span class='ocrx_word' id='word_1_806' title='bbox 2867 4503 3059 4559; x_wconf 84' lang='lat' dir='ltr'><strong>expers</strong></span> <span class='ocrx_word' id='word_1_807' title='bbox 3086 4497 3271 4544; x_wconf 81' lang='lat' dir='ltr'><strong>natura</strong></span> <span class='ocrx_word' id='word_1_808' title='bbox 3301 4492 3502 4559; x_wconf 84' lang='lat' dir='ltr'><strong>peccati</strong></span> <span class='ocrx_word' id='word_1_809' title='bbox 3534 4507 3691 4550; x_wconf 86' lang='lat' dir='ltr'><strong>:eum</strong></span> 
     </span>
    </p>
   </div>
   <div class='ocr_carea' id='block_1_108' title="bbox 2098 4580 3690 4653">
    <p class='ocr_par' dir='ltr' id='par_1_108' title="bbox 2098 4580 3690 4653">
     <span class='ocr_line' id='line_1_108' title="bbox 2098 4580 3690 4653; baseline 0.001 -15"><span class='ocrx_word' id='word_1_810' title='bbox 2098 4580 2202 4638; x_wconf 86' lang='lat' dir='ltr'><strong>hoc</strong></span> <span class='ocrx_word' id='word_1_811' title='bbox 2262 4596 2393 4653; x_wconf 90' lang='lat' dir='ltr'><strong>ergo</strong></span> <span class='ocrx_word' id='word_1_812' title='bbox 2442 4581 2655 4647; x_wconf 82' lang='lat' dir='ltr'><strong>claruit,</strong></span> <span class='ocrx_word' id='word_1_813' title='bbox 2706 4581 2917 4652; x_wconf 87' lang='lat' dir='ltr'><strong>inquiro</strong></span> <span class='ocrx_word' id='word_1_814' title='bbox 2959 4583 3140 4636; x_wconf 80' lang='lat' dir='ltr'><strong>utrum</strong></span> <span class='ocrx_word' id='word_1_815' title='bbox 3193 4583 3348 4638; x_wconf 87' lang='lat' dir='ltr'><strong>istam</strong></span> <span class='ocrx_word' id='word_1_816' title='bbox 3391 4584 3690 4653; x_wconf 87' lang='lat' dir='ltr'><strong>libidinem,</strong></span> 
     </span>
    </p>
   </div>
   <div class='ocr_carea' id='block_1_109' title="bbox 2093 4674 3692 4747">
    <p class='ocr_par' dir='ltr' id='par_1_109' title="bbox 2093 4674 3692 4747">
     <span class='ocr_line' id='line_1_109' title="bbox 2093 4674 3692 4747; baseline 0.006 -19"><span class='ocrx_word' id='word_1_817' title='bbox 2093 4689 2254 4747; x_wconf 89' lang='lat' dir='ltr'><strong>quam</strong></span> <span class='ocrx_word' id='word_1_818' title='bbox 2306 4689 2530 4746; x_wconf 89' lang='lat' dir='ltr'><strong>corpora</strong></span> <span class='ocrx_word' id='word_1_819' title='bbox 2572 4674 2805 4730; x_wconf 89' lang='lat' dir='ltr'><strong>humana</strong></span> <span class='ocrx_word' id='word_1_820' title='bbox 2885 4677 3234 4746; x_wconf 86' lang='lat' dir='ltr'><strong>pcrsentiunt,</strong></span> <span class='ocrx_word' id='word_1_821' title='bbox 3280 4677 3447 4739; x_wconf 83' lang='lat' dir='ltr'><strong>Deum</strong></span> <span class='ocrx_word' id='word_1_822' title='bbox 3499 4679 3692 4738; x_wconf 90' lang='lat' dir='ltr'><strong>fecisse</strong></span> 
     </span>
    </p>
   </div>
   <div class='ocr_carea' id='block_1_110' title="bbox 2095 4765 3685 4837">
    <p class='ocr_par' dir='ltr' id='par_1_110' title="bbox 2095 4765 3685 4837">
     <span class='ocr_line' id='line_1_110' title="bbox 2095 4765 3685 4837; baseline 0.004 -14"><span class='ocrx_word' id='word_1_823' title='bbox 2095 4765 2436 4824; x_wconf 80' lang='lat' dir='ltr'><strong>consentias?</strong></span> <span class='ocrx_word' id='word_1_824' title='bbox 2471 4767 2529 4823; x_wconf 89' lang='lat' dir='ltr'><strong>Si</strong></span> <span class='ocrx_word' id='word_1_825' title='bbox 2555 4768 2841 4834; x_wconf 89' lang='lat' dir='ltr'><strong>aunucris,</strong></span> <span class='ocrx_word' id='word_1_826' title='bbox 2887 4768 3096 4823; x_wconf 88' lang='lat' dir='ltr'><strong>sublata</strong></span> <span class='ocrx_word' id='word_1_827' title='bbox 3148 4771 3422 4826; x_wconf 88' lang='lat' dir='ltr'><strong>contentio</strong></span> <span class='ocrx_word' id='word_1_828' title='bbox 3465 4782 3568 4837; x_wconf 89' lang='lat' dir='ltr'><strong>est,</strong></span> <span class='ocrx_word' id='word_1_829' title='bbox 3628 4783 3685 4831; x_wconf 86' lang='lat' dir='ltr'><strong>tu</strong></span> 
     </span>
    </p>
   </div>
   <div class='ocr_carea' id='block_1_111' title="bbox 2095 4855 3676 4932">
    <p class='ocr_par' dir='ltr' id='par_1_111' title="bbox 2095 4855 3676 4932">
     <span class='ocr_line' id='line_1_111' title="bbox 2095 4855 3676 4932; baseline 0.008 -20"><span class='ocrx_word' id='word_1_830' title='bbox 2095 4855 2432 4924; x_wconf 87' lang='lat' dir='ltr'><strong>emendatus,</strong></span> <span class='ocrx_word' id='word_1_831' title='bbox 2463 4866 2518 4914; x_wconf 81' lang='lat' dir='ltr'><strong>et</strong></span> <span class='ocrx_word' id='word_1_832' title='bbox 2544 4857 2870 4913; x_wconf 70' lang='lat' dir='ltr'><strong>Manichaaus</strong></span> <span class='ocrx_word' id='word_1_833' title='bbox 2895 4859 3230 4932; x_wconf 84' lang='lat' dir='ltr'><strong>permanebit</strong></span> <span class='ocrx_word' id='word_1_834' title='bbox 3248 4861 3484 4920; x_wconf 91' lang='lat' dir='ltr'><strong>attritus.</strong></span> <span class='ocrx_word' id='word_1_835' title='bbox 3513 4864 3569 4922; x_wconf 84' lang='lat' dir='ltr'><strong>Si</strong></span> <span class='ocrx_word' id='word_1_836' title='bbox 3592 4883 3676 4924; x_wconf 63' lang='lat' dir='ltr'><strong>ate</strong></span> 
     </span>
    </p>
   </div>
   <div class='ocr_carea' id='block_1_112' title="bbox 2098 4947 3687 5031">
    <p class='ocr_par' dir='ltr' id='par_1_112' title="bbox 2098 4947 3687 5031">
     <span class='ocr_line' id='line_1_112' title="bbox 2098 4947 3687 5031; baseline 0.008 -27"><span class='ocrx_word' id='word_1_837' title='bbox 2098 4951 2205 5005; x_wconf 87' lang='lat' dir='ltr'><strong>tem</strong></span> <span class='ocrx_word' id='word_1_838' title='bbox 2222 4947 2444 5016; x_wconf 86' lang='lat' dir='ltr'><strong>dixeris,</strong></span> <span class='ocrx_word' id='word_1_839' title='bbox 2473 4949 2529 5005; x_wconf 91' lang='lat' dir='ltr'><strong>ln</strong></span> <span class='ocrx_word' id='word_1_840' title='bbox 2554 4950 2871 5022; x_wconf 89' lang='lat' dir='ltr'><strong>corporibus</strong></span> <span class='ocrx_word' id='word_1_841' title='bbox 2898 4949 3172 5007; x_wconf 87' lang='lat' dir='ltr'><strong>hominum</strong></span> <span class='ocrx_word' id='word_1_842' title='bbox 3200 4967 3230 5007; x_wconf 91' lang='lat' dir='ltr'><strong>a</strong></span> <span class='ocrx_word' id='word_1_843' title='bbox 3251 4951 3362 5010; x_wconf 92' lang='lat' dir='ltr'><strong>Deo</strong></span> <span class='ocrx_word' id='word_1_844' title='bbox 3381 4971 3488 5013; x_wconf 91' lang='lat' dir='ltr'><strong>non</strong></span> <span class='ocrx_word' id='word_1_845' title='bbox 3519 4961 3687 5031; x_wconf 75' lang='lat' dir='ltr'><strong>potuit</strong></span> 
     </span>
    </p>
   </div>
   <div class='ocr_carea' id='block_1_113' title="bbox 2097 5040 3686 5118">
    <p class='ocr_par' dir='ltr' id='par_1_113' title="bbox 2097 5040 3686 5118">
     <span class='ocr_line' id='line_1_113' title="bbox 2097 5040 3686 5118; baseline 0.009 -22"><span class='ocrx_word' id='word_1_846' title='bbox 2097 5041 2211 5097; x_wconf 80' lang='lat' dir='ltr'><strong>fieri</strong></span> <span class='ocrx_word' id='word_1_847' title='bbox 2245 5057 2260 5096; x_wconf 91' lang='lat'><strong>:</strong></span> <span class='ocrx_word' id='word_1_848' title='bbox 2289 5040 2489 5109; x_wconf 86' lang='lat' dir='ltr'><strong>refero,</strong></span> <span class='ocrx_word' id='word_1_849' title='bbox 2537 5040 2685 5098; x_wconf 89' lang='lat' dir='ltr'><strong>illam</strong></span> <span class='ocrx_word' id='word_1_850' title='bbox 2728 5042 3054 5114; x_wconf 88' lang='lat' dir='ltr'><strong>voluptatem</strong></span> <span class='ocrx_word' id='word_1_851' title='bbox 3106 5051 3162 5100; x_wconf 89' lang='lat' dir='ltr'><strong>et</strong></span> <span class='ocrx_word' id='word_1_852' title='bbox 3198 5049 3686 5118; x_wconf 87' lang='lat' dir='ltr'><strong>concupiscentiam</strong></span> 
     </span>
    </p>
   </div>
   <div class='ocr_carea' id='block_1_114' title="bbox 2095 5134 3690 5220">
    <p class='ocr_par' dir='ltr' id='par_1_114' title="bbox 2095 5134 3690 5220">
     <span class='ocr_line' id='line_1_114' title="bbox 2095 5134 3690 5220; baseline 0.003 -30"><span class='ocrx_word' id='word_1_853' title='bbox 2095 5135 2293 5200; x_wconf 88' lang='lat' dir='ltr'><strong>carnis,</strong></span> <span class='ocrx_word' id='word_1_854' title='bbox 2315 5134 2550 5191; x_wconf 87' lang='lat' dir='ltr'><strong>hominis</strong></span> <span class='ocrx_word' id='word_1_855' title='bbox 2577 5143 2653 5204; x_wconf 89' lang='lat' dir='ltr'><strong>te,</strong></span> <span class='ocrx_word' id='word_1_856' title='bbox 2683 5151 2790 5191; x_wconf 90' lang='lat' dir='ltr'><strong>non</strong></span> <span class='ocrx_word' id='word_1_857' title='bbox 2833 5136 2928 5192; x_wconf 90' lang='lat' dir='ltr'><strong>Dei</strong></span> <span class='ocrx_word' id='word_1_858' title='bbox 2979 5137 3231 5207; x_wconf 86' lang='lat' dir='ltr'><strong>operibus</strong></span> <span class='ocrx_word' id='word_1_859' title='bbox 3273 5140 3546 5215; x_wconf 83' lang='lat' dir='ltr'><strong>indignam</strong></span> <span class='ocrx_word' id='word_1_860' title='bbox 3591 5164 3690 5220; x_wconf 89' lang='lat' dir='ltr'><strong>pu.</strong></span> 
     </span>
    </p>
   </div>
   <div class='ocr_carea' id='block_1_115' title="bbox 2098 5226 3687 5309">
    <p class='ocr_par' dir='ltr' id='par_1_115' title="bbox 2098 5226 3687 5309">
     <span class='ocr_line' id='line_1_115' title="bbox 2098 5226 3687 5309; baseline 0.008 -27"><span class='ocrx_word' id='word_1_861' title='bbox 2098 5233 2233 5283; x_wconf 89' lang='lat' dir='ltr'><strong>tare.</strong></span> <span class='ocrx_word' id='word_1_862' title='bbox 2281 5226 2494 5300; x_wconf 82' lang='lat' dir='ltr'><strong>Ambigi</strong></span> <span class='ocrx_word' id='word_1_863' title='bbox 2528 5226 2726 5298; x_wconf 90' lang='lat' dir='ltr'><strong>quippe</strong></span> <span class='ocrx_word' id='word_1_864' title='bbox 2779 5241 2887 5284; x_wconf 90' lang='lat' dir='ltr'><strong>non</strong></span> <span class='ocrx_word' id='word_1_865' title='bbox 2928 5237 3123 5299; x_wconf 92' lang='lat' dir='ltr'><strong>potest,</strong></span> <span class='ocrx_word' id='word_1_866' title='bbox 3157 5233 3409 5305; x_wconf 90' lang='lat' dir='ltr'><strong>quoniam</strong></span> <span class='ocrx_word' id='word_1_867' title='bbox 3461 5235 3507 5292; x_wconf 88' lang='lat' dir='ltr'><strong>si</strong></span> <span class='ocrx_word' id='word_1_868' title='bbox 3546 5239 3687 5309; x_wconf 85' lang='lat' dir='ltr'><strong>quod</strong></span> 
     </span>
    </p>
   </div>
   <div class='ocr_carea' id='block_1_116' title="bbox 2097 5319 3690 5394">
    <p class='ocr_par' dir='ltr' id='par_1_116' title="bbox 2097 5319 3690 5394">
     <span class='ocr_line' id='line_1_116' title="bbox 2097 5319 3690 5394; baseline 0.006 -17"><span class='ocrx_word' id='word_1_869' title='bbox 2097 5320 2370 5377; x_wconf 82' lang='lat' dir='ltr'><strong>confiteris</strong></span> <span class='ocrx_word' id='word_1_870' title='bbox 2392 5337 2420 5374; x_wconf 88' lang='lat' dir='ltr'><strong>a</strong></span> <span class='ocrx_word' id='word_1_871' title='bbox 2460 5319 2568 5377; x_wconf 84' lang='lat' dir='ltr'><strong>Deo</strong></span> <span class='ocrx_word' id='word_1_872' title='bbox 2595 5319 2918 5394; x_wconf 88' lang='lat' dir='ltr'><strong>ubicumque</strong></span> <span class='ocrx_word' id='word_1_873' title='bbox 2957 5319 3176 5390; x_wconf 87' lang='lat' dir='ltr'><strong>factum,</strong></span> <span class='ocrx_word' id='word_1_874' title='bbox 3206 5323 3310 5382; x_wconf 90' lang='lat' dir='ltr'><strong>hoc</strong></span> <span class='ocrx_word' id='word_1_875' title='bbox 3334 5325 3483 5384; x_wconf 85' lang='lat' dir='ltr'><strong>dicas</strong></span> <span class='ocrx_word' id='word_1_876' title='bbox 3512 5327 3565 5385; x_wconf 92' lang='lat' dir='ltr'><strong>in</strong></span> <span class='ocrx_word' id='word_1_877' title='bbox 3595 5331 3690 5386; x_wconf 84' lang='lat' dir='ltr'><strong>ho-</strong></span> 
     </span>
    </p>
   </div>
   <div class='ocr_carea' id='block_1_117' title="bbox 2097 5411 3689 5489">
    <p class='ocr_par' dir='ltr' id='par_1_117' title="bbox 2097 5411 3689 5489">
     <span class='ocr_line' id='line_1_117' title="bbox 2097 5411 3689 5489; baseline 0.005 -20"><span class='ocrx_word' id='word_1_878' title='bbox 2097 5413 2307 5470; x_wconf 79' lang='lat' dir='ltr'><strong>mines&#39;</strong></span> <span class='ocrx_word' id='word_1_879' title='bbox 2334 5411 2448 5468; x_wconf 77' lang='lat' dir='ltr'><strong>fieri</strong></span> <span class='ocrx_word' id='word_1_880' title='bbox 2481 5413 2803 5485; x_wconf 85' lang='lat' dir='ltr'><strong>nequivisse,</strong></span> <span class='ocrx_word' id='word_1_881' title='bbox 2832 5429 2937 5470; x_wconf 92' lang='lat' dir='ltr'><strong>non</strong></span> <span class='ocrx_word' id='word_1_882' title='bbox 2977 5416 3422 5489; x_wconf 70' lang='lat' dir='ltr'><strong>concupiscentiae</strong></span> <span class='ocrx_word' id='word_1_883' title='bbox 3451 5421 3689 5477; x_wconf 59' lang='lat' dir='ltr'><strong>testimo.</strong></span> 
     </span>
    </p>
   </div>
   <div class='ocr_carea' id='block_1_118' title="bbox 2098 5503 3690 5586">
    <p class='ocr_par' dir='ltr' id='par_1_118' title="bbox 2098 5503 3690 5586">
     <span class='ocr_line' id='line_1_118' title="bbox 2098 5503 3690 5586; baseline 0.004 -23"><span class='ocrx_word' id='word_1_884' title='bbox 2098 5507 2184 5563; x_wconf 87' lang='lat' dir='ltr'><strong>uia</strong></span> <span class='ocrx_word' id='word_1_885' title='bbox 2211 5503 2391 5563; x_wconf 85' lang='lat' dir='ltr'><strong>aufers</strong></span> <span class='ocrx_word' id='word_1_886' title='bbox 2417 5505 2616 5572; x_wconf 88' lang='lat' dir='ltr'><strong>debita,</strong></span> <span class='ocrx_word' id='word_1_887' title='bbox 2640 5506 2733 5563; x_wconf 84' lang='lat' dir='ltr'><strong>sed</strong></span> <span class='ocrx_word' id='word_1_888' title='bbox 2756 5506 2991 5565; x_wconf 89' lang='lat' dir='ltr'><strong>humano</strong></span> <span class='ocrx_word' id='word_1_889' title='bbox 3007 5511 3221 5584; x_wconf 86' lang='lat' dir='ltr'><strong>corpori</strong></span> <span class='ocrx_word' id='word_1_890' title='bbox 3239 5513 3512 5586; x_wconf 86' lang='lat' dir='ltr'><strong>conquiris</strong></span> <span class='ocrx_word' id='word_1_891' title='bbox 3535 5513 3690 5571; x_wconf 83' lang='lat' dir='ltr'><strong>inde-</strong></span> 
     </span>
    </p>
   </div>
   <div class='ocr_carea' id='block_1_119' title="bbox 2161 5657 3686 5730">
    <p class='ocr_par' dir='ltr' id='par_1_119' title="bbox 2161 5657 3686 5730">
     <span class='ocr_line' id='line_1_119' title="bbox 2161 5657 3686 5730; baseline 0.003 -20"><span class='ocrx_word' id='word_1_892' title='bbox 2161 5662 2177 5694; x_wconf 77' lang='grc'><strong><em>³</em></strong></span> <span class='ocrx_word' id='word_1_893' title='bbox 2215 5658 2335 5710; x_wconf 68' lang='lat' dir='ltr'><strong>aditi</strong></span> <span class='ocrx_word' id='word_1_894' title='bbox 2351 5693 2367 5720; x_wconf 96' lang='lat'><strong>,</strong></span> <span class='ocrx_word' id='word_1_895' title='bbox 2390 5657 2923 5730; x_wconf 40' lang='grc' dir='ltr'><strong>ηιιειιὶειιοοοιηοιςινὶδ</strong></span> <span class='ocrx_word' id='word_1_896' title='bbox 2950 5675 2968 5715; x_wconf 91' lang='lat'><strong><em>:</em></strong></span> <span class='ocrx_word' id='word_1_897' title='bbox 2993 5671 3047 5716; x_wconf 91' lang='lat' dir='ltr'><strong>et</strong></span> <span class='ocrx_word' id='word_1_898' title='bbox 3064 5663 3114 5714; x_wconf 89' lang='lat' dir='ltr'><strong>in</strong></span> <span class='ocrx_word' id='word_1_899' title='bbox 3134 5671 3382 5730; x_wconf 80' lang='lat' dir='ltr'><strong>sequente</strong></span> <span class='ocrx_word' id='word_1_900' title='bbox 3401 5677 3566 5728; x_wconf 81' lang='lat' dir='ltr'><strong>versu,</strong></span> <span class='ocrx_word' id='word_1_901' title='bbox 3595 5663 3686 5716; x_wconf 81' lang='lat' dir='ltr'><strong>mi-</strong></span> 
     </span>
    </p>
   </div>
   <div class='ocr_carea' id='block_1_120' title="bbox 2097 5720 3358 5841">
    <p class='ocr_par' dir='ltr' id='par_1_120' title="bbox 2097 5720 3358 5837">
     <span class='ocr_line' id='line_1_120' title="bbox 2097 5720 3358 5837; baseline 0.005 -67"><span class='ocrx_word' id='word_1_902' title='bbox 2097 5735 2186 5816; x_wconf 60' lang='lat' dir='ltr'><strong>nu:</strong></span> <span class='ocrx_word' id='word_1_903' title='bbox 2199 5733 2355 5835; x_wconf 45' lang='lat' dir='ltr'><strong>,F%</strong></span> <span class='ocrx_word' id='word_1_904' title='bbox 2365 5720 2892 5837; x_wconf 51' lang='lat' dir='ltr'><strong>&quot;Mentiuntur</strong></span> <span class='ocrx_word' id='word_1_905' title='bbox 2915 5737 2980 5776; x_wconf 78' lang='lat' dir='ltr'><strong>ex</strong></span> <span class='ocrx_word' id='word_1_906' title='bbox 3004 5720 3358 5791; x_wconf 70' lang='lat' dir='ltr'><strong>mnosa‘tptta.</strong></span> 
     </span>
    </p>
   </div>
  </div>
