4172 6484
395 467 526 526 I36!

393 586 548 636 erant
587 584 712 632 ante
742 583 1017 647 peccatum
1037 615 1054 642 ,
1089 581 1143 630 et
1182 585 1286 628 non
1313 567 1772 627 confundebantur
1791 566 1818 622 ἲ
1844 562 1999 634 Quid“

394 680 480 728 est
515 669 659 724 enim
685 665 828 739 quod
853 665 1011 735 dicis,
1044 683 1064 718 ι
1099 665 1364 720 Amictum
1395 659 1598 718 homini
1621 657 1902 732 prudentia
1931 663 1998 711 et'

397 763 651 820 honestas
677 767 976 832 comparat,
1004 773 1164 830 quam
1206 756 1356 814 dedit
1398 753 1578 812 Dens?
1607 773 1625 808 ι
1666 751 1828 810 Stulti
1855 765 1987 822 ergo

397 863 552 912 erant
579 860 634 908 et
660 850 960 918 inhonesti,
988 859 1044 906 et
1069 847 1432 920 imprudentes
1459 856 1622 918 atque
1649 841 1988 916 impudentes

400 931 647 1000 homines
667 950 793 998 ante
813 951 1111 1013 peccatum,
1133 939 1346 1012 quando
1367 953 1462 996 eos
1483 935 1738 994 nuditatis
1762 949 1870 990 non
1892 947 1988 1004 pu-

399 1033 600 1090 debat?
625 1032 838 1090 Gratias
866 1038 1127 1105 peccato:
1155 1045 1276 1086 nam
1304 1029 1384 1085 sic
1407 1027 1809 1086 remansissent.
1835 1021 2006 1092 Quod“

399 1127 445 1180 si
471 1123 858 1180 absurdissima
898 1122 1112 1188 dicitur,
1142 1120 1384 1193 profecto
1412 1117 1694 1190 prudentia
1735 1115 1992 1172 naturalis

401 1227 458 1275 et
488 1215 742 1272 honestas
779 1213 1026 1287 pudenda
1065 1221 1344 1280 texerunt;
1374 1210 1470 1268 sed
1504 1225 1625 1282 quae
1649 1219 1774 1264 ante
1801 1220 2000 1279 peccas

404 1317 514 1363 tum
544 1304 790 1376 pudenda
817 1321 924 1360 non
947 1303 1184 1360 fuerunt.
1211 1303 1478 1359 Excessus
1516 1298 1739 1371 proinde
1759 1295 1996 1353 libidinis

403 1398 456 1452 in
487 1405 706 1468 peccato
731 1405 814 1452 est
843 1412 858 1450 :
889 1395 986 1452 sed
1011 1395 1174 1452 etiam
1205 1393 1467 1465 impulsus
1508 1391 1560 1448 in
1589 1391 1738 1447 vitio.
1785 1389 1862 1446 De
1887 1403 1996 1460 quo

405 1487 634 1560 lmplllSIl
659 1487 991 1546 erubuerunt
1015 1486 1132 1555 illi,
1157 1486 1248 1558 qui
1284 1484 1526 1542 membra
1545 1497 1665 1554 quze
1688 1489 1874 1538 contra
1898 1493 1996 1536 eo-

405 1595 526 1636 rum
554 1579 879 1634 voluntatem
901 1585 1147 1650 suscepta
1175 1585 1263 1632 tua
1293 1573 1635 1640 sollicitabat,
1668 1571 1808 1628 nuda
1833 1569 1998 1627 relin-

405 1690 573 1748 quere
598 1673 905 1730 noluerunt.
1807 1671 1820 1678 '

477 1765 642 1823 XLII.
679 1763 803 1822 Jun.
843 1763 1074 1821 Attende
1100 1777 1232 1820 sane
1259 1777 1402 1819 nunc
1437 1759 1596 1834 quale
1626 1759 1730 1826 sit,
1759 1755 1910 1830 quod
1931 1755 2000 1813 de

408 1869 496 1914 tua
521 1859 778 1930 opinione
795 1857 1107 1929 colligitur:
1140 1855 1390 1912 videlicet
1415 1852 1767 1926 operiendam
1795 1849 2007 1922 pudore

410 1967 516 2006 non
537 1966 678 2019 esse,
700 1950 955 2023 quidquid
978 1950 1174 2005 bonum
1197 1948 1456 2005 creditur.
1483 1945 1594 2004 Nos
1614 1953 1792 2001 autem
1815 1941 2002 1999 docui-

409 2059 528 2098 mus
559 2041 883 2098 voluntatem
907 2044 924 2076 ¹
965 2041 1114 2098 illam
1148 2039 1462 2097 naturaliter
1487 2037 1706 2096 sexibus
1733 2033 1956 2092 inditam
1980 2075 1998 2101 ,

411 2145 518 2190 tam
543 2135 736 2190 malam
773 2150 881 2189 non
908 2147 1049 2201 esse,
1080 2147 1240 2204 quam
1265 2129 1334 2186 ad
1361 2131 1458 2187 Dei
1487 2143 1704 2200 operam
1733 2125 2004 2198 pertinen-

412 2237 544 2286 tem.
574 2229 652 2284 Ac
679 2243 774 2300 per
794 2227 897 2284 hoc
924 2235 978 2283 tu
1007 2236 1100 2282 aut
1127 2224 1454 2296 impietatem
1484 2232 1627 2278 tuam
1649 2219 1888 2286 deseres,
1909 2225 2005 2272 aut

412 2319 692 2390 pudorem.
741 2319 850 2376 Sed
891 2318 1018 2391 qttid
1071 2333 1171 2374 nos
1215 2318 1332 2373 hate
1375 2314 1634 2372 antem’?
1679 2311 1742 2369 Si
1790 2309 2003 2366 mutabit

413 2410 660 2480 Ethiops
687 2411 868 2482 pellem
895 2425 1038 2464 suam
1057 2451 1074 2478 ,
1114 2415 1206 2462 aut
1229 2407 1422 2479 pardus
1447 2404 1742 2460 uarietatem
1767 2399 2000 2473 (larem.

414 2519 542 2572 xm,
572 2503 644 2560 23
668 2503 724 2576 );
757 2502 827 2558 ita
858 2510 912 2558 et
952 2508 1007 2557 tu
1033 2516 1064 2556 a
1100 2497 1516 2556 Manichaeorum
1544 2495 1813 2570 mysteriis
1851 2492 2004 2549 elue-

415 2611 509 2648 I‘IS.

484 2683 623 2741 Anc.
665 2682 778 2738 lmo
808 2691 860 2738 tu
884 2681 1212 2739 Manichaeos
1235 2679 1489 2752 adjuvare
1508 2693 1614 2735 non
1640 2677 1879 2745 desines,
1902 2675 2007 2733 nisi

415 2775 574 2829 istam
603 2784 906 2845 susceptam
933 2783 1099 2840 tuam,
1141 2789 1299 2845 quam
1327 2774 1488 2830 etiam
1513 2769 1786 2826 Manichzei
1813 2768 2007 2824 malam

415 2881 536 2922 esse
560 2867 910 2933 convincunt,
939 2881 1061 2922 cum
1098 2865 1385 2920 Ambrosio
1407 2873 1460 2920 et
1489 2878 1612 2920 cum
1636 2860 1888 2918 omnibus
1909 2860 2010 2916 Cao'

416 2957 627 3014 tholicis
651 2957 871 3023 dixeris,
911 2973 978 3012 ex
1007 2952 1453 3028 prtevaricationc
1496 2955 1654 3028 primi
1679 2954 1917 3011 hominis
1955 2953 2010 3010 in

417 3056 654 3102 nostram
691 3047 916 3103 vertisse
959 3055 1239 3102 naturam:
1268 3061 1337 3102 ne
1375 3045 1672 3102 secundum
1707 3046 1850 3114 illos,
1875 3057 2012 3116 quos

419 3139 668 3196 nesciens
687 3137 905 3208 adjuvas
924 3135 1182 3193 nefandos
1217 3135 1519 3205 haereticos,
1549 3135 1660 3192 Deo
1683 3143 2012 3193 coaeternum

417 3229 669 3284 credatur
690 3229 890 3286 habere
917 3224 1260 3300 principium,
1285 3235 1392 3283 tam
1415 3225 1754 3284 manifestum
1780 3225 2014 3283 hominis

419 3319 628 3376 vitium.

491 3409 675 3467 XLIII.
715 3410 836 3467 Jun.
887 3409 1141 3483 Sequitur
1177 3425 1308 3482 ergo
1337 3419 1398 3466 ut
1436 3409 1812 3468 verecundiam
1849 3408 2016 3480 depo-

421 3519 538 3570 nas,
567 3519 631 3560 ac
656 3514 908 3560 manente
935 3503 1171 3560 amicitia
1195 3518 1318 3560 eum
1341 3503 1618 3574 magistro,
1661 3501 1875 3575 Cynicis
1911 3500 2016 3558 fte-

419 3597 628 3654 dereris
658 3611 832 3668 :quos
861 3605 1038 3652 tamen
1065 3595 1386 3668 aliquorum,
1417 3604 1476 3650 nt
1505 3592 1693 3650 Cicero
1722 3595 1774 3651 in
1814 3592 2018 3650 Ofﬁciis

421 3689 608 3758 refert,
640 3691 802 3747 etiam
828 3689 1130 3747 Stoicorum
1159 3697 1472 3762 argumenta
1494 3688 1838 3745 comitantur.
1873 3705 1893 3741 ι
1916 3686 2020 3743 Ar-

421 3793 590 3856 guuut
611 3783 806 3856 quippe
825 3798 1167 3841 communem
1189 3781 1548 3850 honestatem,
1569 3779 1712 3853 quod
1731 3795 1796 3838 ea
1816 3794 1939 3852 qua:
1959 3794 2020 3836 re

423 3874 597 3946 turpia
635 3889 740 3930 non
763 3874 890 3940 sint,
920 3873 1085 3930 verbo
1110 3871 1370 3945 ﬂagitiosa
1398 3871 1655 3928 ducamus
1685 3887 1700 3925 :
1724 3869 1816 3927 illa
1840 3880 2018 3926 autem

424 3980 544 4036 quae
580 3979 640 4020 re
673 3964 845 4036 turpia
875 3965 1003 4032 sint,
1035 3963 1343 4021 nominibus
1376 3962 1712 4036 appellemus
1740 3961 1872 4018 suis.
1913 3961 2018 4018 La-

426 4057 710 4114 trocinium
752 4067 1086 4129 perpetrare,
1150 4055 1392 4114 fraudem
1445 4053 1645 4123 facere,
1695 4055 2020 4112 adulterium

425 4148 782 4212 committam,
829 4163 891 4204 re
919 4156 1074 4218 turpe
1107 4155 1210 4216 est,
1251 4145 1349 4204 sed
1387 4145 1584 4203 dicitur
1607 4161 1714 4202 non
1739 4147 1974 4204 obscene
2004 4163 2018 4202 :

427 4239 606 4294 liberis
634 4254 852 4310 operam
880 4238 1032 4306 dare,
1060 4239 1343 4296 honestum
1364 4247 1447 4296 est
1474 4253 1554 4308 re,
1585 4238 1808 4296 nomine
1829 4239 2022 4296 obsce-

427 4343 575 4384 num.
601 4329 864 4400 Pluraque
883 4329 936 4384 in
953 4344 1071 4386 eam
1089 4331 1433 4395 sententiam,
1454 4329 1524 4386 ab
1538 4329 1763 4396 eisdem,
1785 4347 1806 4384 ι
1830 4328 2022 4402 inquit,

428 4431 619 4476 contra
643 4421 1020 4476 verecundiam
1041 4421 1401 4492 disputantur.
1429 4419 1536 4478 Nos
1569 4429 1750 4478 autem
1780 4431 2024 4477 naturam

431 4529 742 4584 sequamur,
772 4521 828 4568 et
866 4529 1026 4570 omne
1053 4514 1198 4585 quod
1223 4515 1481 4571 abhorret
1512 4515 1584 4571 ab
1615 4515 1892 4572 oculorum
1925 4531 2024 4569 an-

429 4603 676 4674 riumque
697 4604 1084 4675 approbatione
1113 4605 1374 4676 fugiamus
1395 4624 1414 4658 ι
1456 4605 1560 4678 (De
1587 4607 1795 4678 Oﬁciis,
1825 4610 1912 4664 lib.
1948 4607 2022 4680 I).

430 4693 500 4750 Et
526 4707 581 4749 tu
611 4707 769 4764 ergo,
799 4694 884 4748 cui
909 4693 1154 4764 displicet
1180 4695 1280 4752 ista
1325 4697 1464 4752 ratio
1490 4699 1752 4758 naturalis
1775 4714 2026 4772 germana

431 4785 750 4852 honestatis,
795 4793 888 4840 aut
935 4784 1044 4854 dic,
1093 4794 1150 4842 et
1184 4787 1484 4854 latrocinio,
1528 4797 1584 4844 et
1623 4789 1924 4860 sacrilegio,
1971 4801 2030 4846 et

431 4874 737 4947 parricidio,
769 4891 888 4946 qua:
913 4877 1091 4931 omnia
1118 4876 1172 4932 in
1199 4891 1261 4933 rc
1279 4876 1480 4934 habent
1508 4878 1886 4948 turpitudinem
1909 4895 2028 4937 ma-

432 4967 651 5036 ximam,
679 4966 732 5024 in
779 4967 1084 5024 nominibus
1130 4967 1331 5024 nullam
1383 4969 1788 5038 obscenitatem,
1840 4970 2030 5028 tetrius

431 5073 552 5115 esse
575 5065 630 5115 et
651 5057 929 5131 profanius
947 5073 1165 5132 operam
1192 5059 1324 5116 dare
1347 5059 1548 5128 liberis,
1569 5075 1730 5133 quam
1757 5075 2026 5119 verecun-

431 5151 535 5208 diae
560 5153 790 5224 reposcit
819 5153 1054 5210 officium
1088 5171 1102 5209 :
1131 5163 1224 5212 aut
1261 5154 1309 5212 si
1339 5155 1612 5214 erubescis
1639 5169 1706 5214 eo
1735 5173 1903 5230 usque
1925 5173 2030 5214 nu-

435 5245 571 5316 ptias
595 5259 871 5315 accusare,
900 5256 960 5302 ut
987 5247 1150 5304 etiam
1176 5247 1466 5306 sceleribus
1485 5248 1692 5306 collata:
1712 5249 2028 5321 prtcpondev

435 5346 593 5406 rent;
619 5337 907 5395 adhortare
943 5340 1200 5413 conjuch
1229 5347 1336 5411 tam
1361 5355 1550 5400 secure
1581 5342 1851 5416 appellare
1883 5342 2030 5402 illam

501 5515 522 5588 ξ
547 5519 713 5588 [orta
735 5513 1042 5588 φιυριαιεηις

500 5577 526 5646 τ
545 5559 628 5646 si;
643 5559 1198 5646 ῐιῇᾗῖὲῐῖιίζὲϊῐιρται,
1225 5578 1377 5646 ξιριη.
1558 5583 1712 5646 p.91.
1745 5590 1796 5634 ιιι
1819 5589 1868 5634 ιι.
1895 5597 1908 5636 :
1935 5585 2028 5638 sed
2051 5559 2060 5578 '

441 5635 563 5712 quid
579 5635 1024 5712 mi'uwg_qtmt.
1041 5637 1090 5691 si
1097 5635 1300 5712 mutabit
1319 5635 1530 5712 ΑᾈΙιὶυρέ
1541 5635 1714 5712 pellent
1727 5659 1886 5712 sttqmt,
1898 5635 2028 5712 lete;

437 5699 598 5770 addita
619 5697 711 5770 hac
745 5700 996 5770 notatione
1020 5714 1034 5751 :
1065 5717 1090 5748 ι
1128 5709 1267 5770 Post2
1287 5703 1376 5754 sed
1407 5697 1552 5770 qtt'id'
1569 5718 1657 5770 nos
1677 5705 1702 5756 Ρ
1729 5697 2034 5770 ειιὶιειιὶτιίέιιί

447 5759 1099 5836 suum
1124 5763 1211 5836 vel
1242 5759 1368 5836 forte
1412 5759 1728 5836 legendutn_:_
1753 5769 1845 5820 sed
1868 5783 2034 5836 quem-

446 5834 473 5866 ι
493 5818 758 5896 agmina
807 5821 1044 5896 Jerggnias
1097 5822 1166 5876 ait
1185 5858 1201 5886 ,
1252 5825 1300 5878 si
1343 5818 1543 5880 mutabit
1601 5818 1836 5896 uitiatis
1855 5818 2032 5896 petierit

449 5897 474 5930 ιι
495 5893 654 5942 suam.
677 5889 774 5935 etc.
799 5900 823 5932 ι
895 5892 950 5935 ιι.

1739 438 1944 504 LIBER
1982 439 2350 512 ρυειιιτυδ..

3552 453 3702 509 1⁸5ῡὲ

2093 562 2550 634 eommixtionem,
2593 571 2808 636 tamque
2836 563 3019 633 libere,
3047 579 3225 637 quam.
3245 564 3480 622 solemus
3509 567 3686 636 parri-

2092 656 2290 714 cidium
2314 667 2367 715 et
2392 657 2727 715 latrocinium
2749 657 3044 716 nominare.
3068 657 3320 717 Jamvero
3345 657 3390 714 si
3413 655 3689 715 addideris

2093 751 2524 822 coniunctionem
2542 767 2827 824 corporum
2849 749 3044 808 fetibus
3077 751 3420 818 destinatam,
3451 749 3524 808 ob
3563 749 3685 806 illuo

2093 845 2350 913 dendnm,
2369 854 2424 902 ut
2451 847 2614 913 soles,
2643 845 2861 902 auribus
2887 843 3214 913 christianis,
3233 841 3380 900 nulla
3405 841 3698 913 iniquitate

2050 981 2067 998 .
2097 937 2372 1006 maculari,
2414 936 2508 993 sed
2537 952 2635 1010 pro
2661 951 2760 992 suo
2785 934 3176 992 modo‘bonam
3224 947 3389 1006 posse
3437 932 3645 990 censeri
3666 974 3683 999 ,

2095 1027 2402 1101 amplexare
2431 1027 2626 1084 factum
2653 1026 2782 1084 illud
2808 1027 2981 1084 Graue
3010 1026 3029 1060 ι
3049 1023 3313 1092 Thebani;
3345 1023 3581 1081 hominis
3609 1023 3690 1080 lo-

2096 1121 2323 1193 enpietis
2358 1129 2415 1178 et
2443 1119 2660 1189 nobilis,
2681 1119 2766 1176 cui
2793 1119 2930 1176 adeo
2955 1116 3226 1176 fuit-cordi
3271 1125 3420 1173 secta
3461 1114 3692 1189 Cynico-

2099 1230 2238 1282 rum,
2261 1222 2318 1270 ut
2339 1213 2652 1285 relinquens
2678 1221 2928 1284 paternas
2951 1227 3103 1284 opes,
3119 1209 3356 1267 Athenas
3375 1223 3497 1266 eum
3523 1223 3695 1265 uxore

2099 1305 2414 1379 migraverit
2452 1305 2774 1380 Hyparcide,
2815 1305 2931 1378 pari
2956 1305 3137 1360 animo
3162 1303 3317 1360 istius
3339 1300 3692 1375 philosophia:

2098 1397 2402 1464 scctatriee,
2423 1411 2544 1452 cum
2563 1411 2668 1469 qua
2683 1410 2806 1453 cum
2827 1395 3186 1452 concumbere
3205 1394 3258 1450 in
3280 1393 3490 1466 publico
3509 1391 3692 1457 vellet;

2103 1499 2159 1545 ut
2182 1487 2346 1546 refert
2375 1489 2657 1546 Cornelius
2684 1487 2885 1562 Nepos,
2935 1497 2992 1546 et
3028 1487 3120 1544 illa
3151 1484 3452 1544 occultandi
3497 1484 3692 1557 gratia,

2101 1582 2246 1656 pallii
2275 1581 2520 1639 velamen
2562 1581 2878 1648 obduceret,
2911 1580 3191 1638 verberata
3242 1587 3328 1636 est
3376 1593 3406 1633 a
3451 1577 3692 1634 marito:

2110 1693 2128 1728 ι
2156 1674 2286 1731 Tuis
2304 1675 2550 1732 sensibus
2567 1673 2838 1743 nimirum,
2865 1692 2885 1728 ι
2921 1672 3112 1744 inquit,
3142 1688 3163 1725 ι
3189 1684 3378 1742 parum
3394 1668 3570 1725 adhuc
3593 1667 3698 1724 do-

2102 1778 2187 1825 cta
2213 1784 2294 1836 es,
2319 1783 2440 1839 qua:
2465 1767 2605 1839 quod
2627 1777 2678 1823 te
2699 1775 2844 1825 recte
2873 1765 3048 1822 facere
3069 1764 3304 1831 noveris,
3341 1761 3534 1818 idaliis
3556 1775 3695 1833 prte-

2103 1861 2346 1919 sentibus
2361 1876 2613 1918 exercere
2629 1876 2738 1918 non
2765 1860 2983 1916 audeas.
3007 1880 3027 1914 ι
3058 1860 3290 1916 Debetur
3319 1857 3540 1914 omnino
3577 1854 3700 1910 talis

2106 1954 2318 2010 habitus
2343 1954 2538 2010 vestris
2571 1953 2842 2025 gregibus,
2869 1962 2932 2008 ut
2963 1953 3244 2018 naturalia,
3294 1950 3418 2024 quia
3461 1963 3558 2021 per
3595 1948 3698 2004 hoc

2106 2046 2244 2102 bona
2273 2047 2295 2079 θ
2320 2045 2463 2118 quod
2491 2059 2523 2102 a
2545 2045 2657 2101 Deo
2672 2044 2884 2100 condita
2910 2042 2964 2099 in
2985 2039 3478 2114 multiplicationem
3507 2051 3701 2110 eorm-

2109 2152 2228 2192 rum
2281 2135 2718 2206 comprobantur,
2775 2135 2894 2192 sine
2949 2133 3058 2190 ullo
3102 2131 3324 2206 pudoris
3377 2139 3705 2202 usurpentur

2106 2227 2340 2296 objectn.
2373 2227 2659 2283 neStituite
2696 2225 2857 2296 igitur
2893 2223 3329 2296 quadrupedibus
3367 2221 3612 2294 gratiam,
3645 2229 3705 2275 ut

2106 2321 2230 2390 quia
2266 2319 2355 2374 illa
2397 2333 2613 2374 sensum
2643 2331 2928 2389 corporum
2963 2325 3265 2372 vestrorum
3302 2329 3332 2368 a
3361 2312 3706 2386 possessione

2107 2409 2304 2467 diaboli
2331 2417 2388 2466 ct
2422 2423 2518 2466 ore
2541 2407 2822 2481 Blaniehtei
2859 2407 2972 2463 suis
3023 2415 3240 2462 tuentur
3277 2403 3558 2474 exemplis,
3608 2415 3707 2458 vos

2109 2515 2323 2575 quoque
2367 2502 2582 2558 illorum
2607 2500 2660 2556 in
2685 2497 2930 2556 coeundo
2955 2497 3257 2554 libertatem
3297 2507 3396 2567 pro
3431 2493 3512 2550 rei
3549 2491 3708 2548 bona:

2111 2594 2452 2652 attestatione
2475 2593 2777 2651 sectemini.
2816 2591 3074 2662 Congruit
3120 2589 3320 2663 quippe
3363 2597 3420 2646 ut
3449 2595 3710 2660 prmstcnt

2111 2702 2322 2744 montm
2341 2681 2727 2759 magisterium,
2749 2683 2943 2756 quibus
2965 2682 3320 2755 patrocinium
3349 2679 3710 2752 praestiterunt

2114 2781 2500 2838 membrorum.
2533 2780 2598 2835 Et
2619 2787 2676 2835 ut
2699 2778 2840 2850 quod
2879 2777 3086 2848 egimus
3115 2774 3434 2848 repetitione
3464 2773 3708 2842 assigne-

2114 2881 2200 2927 tur
2223 2870 2246 2904 ²
2271 2887 2284 2926 :
2309 2869 2489 2926 dixisti
2528 2869 2826 2934 libidinem,
2879 2869 2924 2923 si
2967 2883 3085 2924 eam
3115 2867 3258 2922 Deus
3292 2865 3525 2929 fecisset,
3562 2861 3713 2918 nullo

2113 2961 2464 3020 amiciendam
2485 2961 2692 3033 pudore
2718 2981 2731 3017 :
2758 2976 2858 3017 nos
2884 2961 3006 3016 licet
3026 2961 3078 3015 in
3103 2967 3332 3032 quatuor
3349 2957 3542 3030 prioris
3567 2971 3699 3026 ope-

2113 3054 2190 3112 ris
2211 3054 2358 3112 libris
2383 3053 2436 3110 id
2467 3054 2622 3125 plene
2654 3052 2958 3124 egerimus,
2989 3061 3168 3108 tamen
3198 3051 3252 3106 in
3287 3047 3537 3120 prmsenti
3570 3061 3710 3118 quo-

2115 3161 2220 3218 que
2243 3145 2482 3203 omnium
2525 3143 2831 3199 animalium
2861 3142 3196 3208 testimonio,
3222 3155 3342 3211 quae
3372 3155 3404 3194 a
3435 3138 3548 3194 Deo
3583 3151 3716 3193 con-

2116 3238 2228 3295 dita
2254 3237 2464 3294 interim
2493 3234 2786 3300 conﬁteris,
2810 3234 3084 3290 libidinem
3111 3245 3335 3288 sexuum
3361 3246 3390 3285 a
3419 3229 3532 3286 Deo
3554 3243 3710 3286 crea-

2119 3339 2226 3386 tam
2268 3343 2390 3386 esse
2426 3325 2860 3393 monstravimus,
2899 3340 3059 3398 quam
3091 3333 3270 3380 tamen
3311 3323 3366 3378 in
3405 3319 3714 3378 hominibus

2118 3419 2326 3492 pudore
2379 3419 2800 3476 obumbrandam
2853 3417 3123 3473 fatemur:
3149 3421 3300 3472 tuum
3347 3427 3477 3486 ergo
3519 3411 3713 3484 dogma

2119 3511 2486 3583 consequitur,
2530 3519 2584 3566 ut
2621 3510 2781 3582 longo
2811 3507 3139 3582 postliminio
3185 3505 3510 3580 Cynicorum
3557 3505 3716 3562 nobis

2118 3611 2474 3674 repraesentes
2499 3601 2773 3667 decorem,
2803 3610 2858 3657 et
2884 3615 2947 3657 ea
2977 3615 3096 3672 qum
3118 3598 3377 3654 naturalia
3399 3604 3552 3663 sunt,
3590 3596 3716 3667 quia

2121 3709 2152 3749 a
2176 3695 2284 3750 Deo
2306 3693 2440 3750 faeta
2461 3703 2606 3760 sunt,
2637 3691 2688 3748 in
2712 3691 2882 3748 oculis
2910 3691 3139 3748 civitatis
3167 3703 3439 3748 exerceas.
3467 3687 3718 3746 Sentisne

2122 3801 2282 3857 quam
2327 3783 2582 3841 involutis
2637 3782 2928 3840 luminibus
2973 3781 3259 3838 insiliveris
3295 3782 3352 3836 in
3394 3779 3715 3837 sententiam

2125 3893 2324 3944 meam,
2345 3892 2448 3948 qua
2486 3876 2620 3943 dixi,
2656 3893 2677 3929 ι
2707 3875 2778 3932 Ut
2799 3875 3124 3947 exprimeret
3153 3873 3311 3930 iidem
3337 3888 3556 3946 opertmr
3585 3887 3741 3946 prem

2124 3969 2305 4040 pheta,
2335 3982 2500 4039 prope
2530 3967 2820 4039 periculum
2849 3965 3071 4040 pudoris
3087 3964 3350 4022 accessit?
3378 3981 3400 4018 ι
3423 3963 3550 4020 Ilaec
3572 3964 3716 4021 enim

2127 4039 2184 4118 ut
2206 4071 2596 4134 consequenter
2616 4061 2772 4132 juxta
2823 4075 2950 4116 suas
2977 4039 3206 4116 \fabulas
3251 4069 3550 4132 prmecptor
3599 4069 3721 4114 tuus
3753 4083 3774 4104 ο

2125 4155 2320 4226 arguit,
2345 4153 2497 4223 cujus
2521 4154 2573 4208 in
2604 4153 2742 4208 libro
2764 4152 2918 4224 posui
2955 4152 3235 4223 superiore
3259 4159 3560 4206 commenta
3583 4191 3598 4214 ,
3630 4151 3719 4220 qui

2127 4245 2306 4302 omnia
2329 4259 2555 4316 corpora
2575 4243 2714 4300 facta
2743 4259 2774 4298 a
2805 4243 2915 4300 Deo
2935 4251 3223 4314 pernegat;
3255 4241 3328 4298 ita
3355 4251 3408 4296 tu
3436 4241 3722 4312 impuden-

2130 4348 2210 4394 ter
2234 4347 2571 4395 contrectare
2589 4351 2752 4394 ausus
2775 4352 2856 4404 es,
2873 4337 2964 4408 qui
3001 4345 3298 4392 creatorem
3330 4335 3499 4391 Deum
3541 4333 3724 4390 lateris

2131 4429 2391 4500 (timendo
2427 4429 2572 4504 licet)
2601 4443 2910 4498 corporum,
2941 4443 3170 4500 quorum
3210 4442 3428 4484 sensum
3463 4426 3726 4482 adscribis

2132 4523 2358 4595 principi
2389 4524 2724 4579 tenebrarum
2751 4540 2766 4576 :
2798 4521 2938 4594 quod
2968 4529 3112 4579 certe
3134 4529 3278 4576 tanta
3305 4520 3547 4577 veritatis
3573 4529 3722 4588 pote.-

2130 4621 2268 4670 state
2293 4613 2544 4668 detritum
2565 4623 2668 4680 est,
2691 4621 2888 4684 quanta
2919 4611 3022 4667 fide
3045 4611 3246 4666 dictum
3263 4611 3328 4664 ab
3355 4609 3722 4678 Evangeiista,

2131 4703 2263 4770 Quia
2293 4718 2388 4771 per
2413 4701 2580 4758 Deum
2609 4701 2746 4772 facta
2779 4710 2898 4756 sunt
2933 4701 3126 4768 omnia,
3153 4709 3201 4754 et
3235 4699 3346 4754 sine
3377 4699 3492 4770 ipso
3533 4703 3724 4769 luctum

2121 4802 2204 4848 est
2231 4791 2361 4846 nihil
2385 4791 2562 4863 (Jonn.
2591 4808 2626 4856 t,
2645 4791 2725 4865 5).

2205 4887 2341 4942 Anc.
2385 4885 2656 4956 Numquid
2683 4897 2868 4956 posses
2894 4883 2946 4940 in
2974 4883 3152 4940 almis
3179 4880 3611 4953 concupiscentia
3639 4884 3726 4940 vel

2137 4978 2356 5034 libidine
2383 4977 2583 5037 bestias
2600 4976 2906 5033 hominibus
2931 4990 3262 5048 comparare,
3289 4973 3393 5030 nisi
3419 4973 3582 5031 etiam
3607 4973 3730 5035 illos

2135 5070 2337 5142 primos
2359 5079 2611 5140 parentes
2639 5069 2856 5142 generis
2883 5067 3101 5124 humani
3127 5075 3378 5140 tanquam
3403 5067 3732 5140 corruptibi-

2136 5165 2204 5221 lia
2230 5176 2479 5238 gerentes
2507 5179 2753 5237 corpora,
2773 5163 2982 5220 etiamsi
3001 5179 3105 5219 non
3124 5171 3456 5235 peccassent,
3478 5162 3732 5220 crederes

2135 5259 2302 5318 fuisse
2325 5260 2656 5316 morituros?
2676 5260 2752 5314 A‘c
2794 5257 2974 5314 hocin
3005 5256 3226 5314 hmresis
3265 5267 3460 5314 vestrae
3495 5270 3682 5312 errore
3711 5255 3735 5287 ‘

2138 5352 2342 5410 novitio
2369 5352 2450 5408 sic
2493 5349 2756 5408 catholica
2805 5348 3028 5406 damnat
3079 5337 3446 5418 Ecclesiafut
3487 5345 3734 5419 Pelagius

2139 5445 2386 5518 princeps
2423 5451 2602 5500 vester
2631 5442 2682 5499 id
2721 5441 2820 5499 sibi
2865 5441 3006 5498 inter
3031 5450 3226 5498 cetera
3273 5441 3540 5511 obiectum
3590 5437 3731 5513 apud

2203 5647 2219 5677 ¹
2255 5651 2457 5704 Nomen,
2479 5648 2658 5706 crate,
2683 5642 2905 5696 addimus
2928 5657 2992 5695 ex
3017 5649 3127 5697 Mss.

2203 5709 2225 5774 ξ
2257 5706 2404 5774 aditi,
2441 5703 2532 5771 pro
2565 5703 2655 5774 (gae
2687 5705 2822 5757 bono.
2866 5709 3170 5774 Castiganmr
3194 5718 3258 5755 ex
3299 5703 3656 5774 manuscript".

2205 5769 2227 5831 ἓ
2251 5767 2320 5818 Ad
2337 5763 2473 5831 oram
2491 5767 2670 5818 codicis
2693 5777 2936 5824 Portarnm
2957 5763 3154 5831 antiqua
3175 5781 3339 5825 manu,
3361 5763 3671 5831 ittsigm'itmr.

2203 5829 2226 5861 ⁸
2258 5837 2306 5878 ιιι
2333 5829 2478 5882 editis
2513 5831 2762 5892 omissum,
2801 5843 2968 5881 errore
2996 5843 3012 5880 :
3039 5827 3230 5880 tametsi
3278 5833 3440 5878 exstet
3477 5827 3528 5876 in
3559 5836 3702 5877 manu

2142 5893 2335 5956 scriptis
