4124 6508
489 420 630 478 4563

485 535 891 608 quatuordecim
913 535 1196 608 episcopos
1211 535 1522 603 orientales,
1540 551 1569 590 a
1595 533 1792 605 quibus
1812 531 2080 607 jndicihus

485 629 824 696 audiebatur,
855 626 1214 683 damnationis
1241 642 1352 682 sua:
1381 627 1569 682 timore
1595 626 1873 680 damnaret
1900 624 1998 695 (α).
2024 621 2080 676 In

487 739 590 790 quo
611 719 815 794 judicio
839 717 1083 792 profecto
1107 718 1268 773 etiam
1310 703 1364 774 tu
1409 719 1523 790 ipse
1561 717 1838 773 damnatus
1881 731 1959 780 es,
1989 715 2082 786 qui

483 814 620 871 dicis
649 814 817 871 Adam
847 816 918 870 ita
940 813 1158 881 factum,
1183 822 1242 869 ut
1266 814 1378 869 sive
1400 823 1662 884 peccaret,
1691 812 1804 867 sive
1835 827 1938 866 non
1957 825 2084 881 pec-

484 914 658 973 caret,
679 906 971 962 moriturus
987 915 1132 963 esset
1151 925 1165 964 :
1186 905 1558 962 contradicens
1582 905 1838 975 Apostolo
1856 902 2079 970 dicenti,

487 995 686 1071 Corpus
711 1007 965 1054 mortuum
994 1008 1066 1055 est
1092 1009 1298 1068 propter
1324 1006 1582 1070 peccatum
1609 993 1788 1067 (Rom.
1817 1011 1932 1059 vttt,
1963 994 2078 1065 10).

485 1086 678 1157 Porro,
705 1089 750 1144 si
778 1105 885 1144 non
930 1089 1265 1160 praecedente
1307 1097 1524 1159 peccato
1553 1087 1810 1142 moritura
1850 1086 1938 1142 illa
1975 1100 2081 1141 non

487 1189 643 1238 erant
667 1195 914 1252 corpora,
940 1181 1120 1252 utique
1144 1196 1245 1237 nec
1273 1179 1636 1252 corruptibilia
1661 1189 1833 1246 erant,
1860 1194 1928 1234 nc
1955 1178 2083 1234 bea-

489 1285 570 1328 tas
588 1273 796 1330 animas
813 1275 930 1330 illas
943 1281 1291 1346 aggravarent
1312 1290 1327 1328 :
1347 1271 1546 1344 Corpus
1571 1272 1701 1326 enim
1729 1270 2078 1341 corruptibile,

486 1367 624 1422 sicut
646 1367 904 1438 scriptum
934 1375 1296 1439 est,aggravat
1319 1366 1541 1420 animum
1574 1363 1729 1438 (Sap.
1754 1378 1828 1429 Ix,
1863 1360 1973 1433 l5).
2005 1362 2083 1418 Ac

488 1474 585 1529 per
609 1459 733 1527 hoc,
761 1459 1212 1532 quemadmodum
1238 1474 1386 1515 mors
1411 1468 1571 1529 atque
1594 1458 1866 1529 corruptio
1893 1457 2082 1513 bcllui-

492 1551 576 1607 nis
604 1550 958 1624 humanisque
994 1551 1308 1622 corporibus
1347 1551 1518 1622 potuit
1552 1566 1658 1606 non
1685 1564 1806 1606 esse
1834 1564 2080 1605 commu-

487 1645 592 1711 nis,
615 1645 859 1716 quamvis
894 1644 1196 1700 communis
1229 1644 1308 1700 eis
1348 1652 1492 1700 esset
1529 1654 1742 1700 terrena
1780 1642 2030 1698 materies
2062 1660 2076 1696 :

486 1739 558 1794 ita
585 1738 757 1810 potuit
785 1753 885 1794 nec
931 1738 984 1793 in
1036 1737 1395 1810 propagandis
1449 1735 1573 1792 [iliis
1623 1737 1702 1792 eis
1754 1750 1874 1793 esse
1916 1735 2081 1790 libido

483 1831 816 1898 communis;
839 1830 932 1886 sed
958 1841 1051 1886 aut
1073 1831 1216 1886 nulla
1238 1833 1290 1885 in
1320 1831 1644 1899 hominibus,
1660 1839 1720 1885 ut
1744 1829 2083 1902 quemadmo-

483 1925 606 1979 dum
631 1922 749 1976 aliis
779 1921 1039 1978 membris
1077 1923 1143 1976 ad
1179 1937 1343 1994 opera
1391 1937 1649 1992 congrua,
1704 1920 1783 1978 sic
1828 1921 1893 1975 ad
1945 1936 2083 1992 opus

483 2013 772 2083 generandi
791 2013 1063 2070 voluntate
1076 2013 1235 2069 motis
1255 2013 1415 2069 etiam
1435 2009 1752 2084 genitalibus
1769 2022 2078 2080 uterentur;

481 2115 572 2161 aut
601 2122 704 2162 non
728 2106 851 2162 talis
878 2107 1056 2179 qualis
1081 2107 1138 2160 in
1168 2106 1372 2173 bestiis,
1401 2106 1494 2162 sed
1515 2106 1581 2161 ad
1607 2115 1792 2161 nutum
1817 2105 2078 2171 serviens,

485 2209 542 2258 et
571 2214 841 2271 nunquam
871 2209 1108 2255 mentem
1139 2213 1171 2254 a
1204 2198 1542 2270 cogitationis
1580 2199 1776 2270 vigilia,
1821 2211 1924 2252 nec
1965 2195 2078 2267 ipsa

483 2297 753 2358 postremo
791 2290 808 2323 ι
848 2290 1119 2362 voluptate
1147 2289 1443 2360 deponens.
1472 2289 1628 2345 Nunc
1651 2298 1830 2344 autem
1874 2303 2080 2360 praece-

485 2383 648 2440 dente
671 2394 917 2453 peccato,
943 2399 1049 2454 quo
1070 2382 1300 2438 lmmana
1323 2384 1375 2438 in
1403 2383 1640 2439 deterius
1667 2392 1855 2438 natura
1879 2391 2080 2437 mutata

483 2483 587 2542 est,
613 2473 750 2531 facta
783 2485 909 2531 sunt
947 2476 998 2532 ei
1035 2475 1288 2546 poenalia,
1315 2491 1437 2546 quia
1469 2469 1598 2532 s'unt
1633 2484 1837 2531 natura:
1873 2475 2081 2546 pecoris

483 2581 719 2638 congrua
761 2584 775 2620 :
821 2567 915 2622 sed
969 2567 1022 2624 in
1070 2566 1174 2623 hoc
1212 2567 1372 2632 malo,
1423 2583 1529 2640 quo
1578 2582 1706 2624 caro
1754 2567 2083 2639 concupiscit

489 2659 749 2717 adversus
786 2659 1056 2730 spiritum,
1101 2659 1273 2731 major
1320 2659 1539 2730 pudoris
1588 2669 1672 2715 est
1713 2673 1894 2723 causa,
1939 2657 2080 2730 quod

486 2751 630 2807 inter
650 2750 779 2817 duo,
810 2766 1038 2822 quorum
1065 2750 1130 2806 ad
1160 2760 1396 2808 nostram
1425 2750 1655 2821 pertinet
1681 2760 1964 2822 utrumque
1986 2765 2081 2805 na-

487 2855 681 2908 turam,
703 2855 760 2900 et
783 2859 1014 2915 quorum
1063 2844 1328 2914 imperare
1365 2860 1553 2910 unum,
1606 2844 1810 2900 servire
1852 2843 2080 2900 alterum

484 2937 664 3004 debet,
692 2945 876 2992 exorta
907 2946 990 2992 est
1016 2951 1120 2991 non
1148 2935 1376 2991 dolenda
1410 2944 1616 2992 tantum
1639 2977 1653 3000 ,
1695 2950 1879 2991 verum
1919 2936 2078 2992 etiam

485 3031 710 3086 multum
738 3028 1102 3087 erubescenda
1144 3029 1432 3086 discordia.
1473 3028 1611 3098 Quid
1641 3027 1800 3100 igitur
1829 3029 1921 3084 tibi
1952 3045 2079 3100 pro-

485 3123 697 3178 fuerunt
722 3121 790 3176 ad
822 3137 935 3176 rem
959 3137 1066 3176 non
1090 3120 1410 3193 pertinentia
1435 3130 1727 3176 convocata
1752 3121 1947 3176 auxilia
1973 3121 2079 3194 Cy-

484 3215 760 3279 nicorum;
791 3212 1223 3285 quandoquidem
1259 3221 1314 3269 te
1351 3212 1407 3268 in
1434 3211 1536 3268 hac
1573 3211 1648 3267 tui
1681 3213 1882 3268 erroris
1907 3212 1991 3269 via
2011 3212 2080 3270 dc

481 3305 564 3362 via
589 3305 953 3372 deiicientem,
985 3320 1088 3362 nec
1123 3320 1188 3362 ea
1228 3319 1348 3376 qua:
1388 3303 1696 3361 hominibus
1733 3303 2076 3377 comparasti,

477 3395 720 3470 jumenta
747 3395 935 3469 juvare
959 3395 1289 3468 potuerunt?

555 3487 741 3544 XLIV.
781 3487 902 3544 Jun.
942 3487 1177 3560 Tempus
1221 3487 1477 3544 admonet
1511 3497 1568 3543 ut
1597 3487 1663 3544 ad
1697 3487 1798 3544 alia
1835 3496 2077 3544 transea-

482 3597 604 3639 mus
631 3597 648 3638 :
674 3581 769 3638 sed
799 3580 1053 3654 quoniam
1078 3589 1286 3639 certum
1311 3589 1394 3637 est
1410 3623 1425 3649 ,
1455 3579 1587 3636 nihil
1621 3589 1674 3638 te
1710 3573 1911 3637 habere
1936 3578 2078 3651 quod

482 3673 726 3736 vendites
757 3675 1018 3746 imperitis
1047 3675 1265 3731 auribus
1293 3683 1488 3744 praeter
1511 3672 1887 3730 verecundiam
1920 3683 2078 3730 natu-

481 3766 673 3822 ralium
697 3783 714 3834 ;
741 3781 900 3838 quam
924 3765 1238 3822 brevissime
1258 3773 1466 3836 potero,
1487 3763 1631 3836 quod
1650 3773 1863 3834 putatur
1883 3779 2079 3836 super-

450 3909 463 3921 .
488 3872 644 3925 esse,
684 3857 1012 3928 contingam.
1039 3855 1170 3924 Quis
1188 3871 1315 3928 ergo
1348 3864 1523 3927 neget,
1555 3856 1887 3912 honestatem
1917 3856 2077 3926 hanc,

487 3965 593 4020 qua
611 3944 864 4021 geni-talia
895 3958 1081 4004 nostra
1109 3947 1466 4020 contegimus,
1497 3962 1595 4019 pro
1631 3947 1892 4018 personis,
1925 3947 2076 4016 locis,

417 4084 441 4108 ,
486 4041 680 4097 ofﬁciis
709 4041 1056 4113 moribusque
1084 4041 1309 4096 variari?
1335 4040 1425 4097 Sic
1453 4041 1505 4096 in
1546 4039 1934 4097 conventiculis
1975 4054 2078 4110 pu-

487 4135 642 4190 blicis
672 4135 956 4190 ohscenior
982 4134 1213 4200 nnditas,
1268 4133 1400 4189 nihil
1447 4133 1606 4189 habet
1645 4132 1985 4204 turpitudinis
2024 4133 2077 4188 in

487 4227 734 4282 lavacris.
762 4227 852 4282 Sic
874 4225 1012 4283 alter
1035 4235 1118 4282 est
1141 4223 1461 4282 cubicularis
1496 4225 1738 4294 habitus,
1767 4222 2078 4281 seminudus

486 4328 544 4375 et
565 4333 822 4385 securus;
847 4319 984 4375 alter
1003 4334 1130 4374 vero
1150 4318 1398 4386 forensis,
1418 4319 1695 4374 sollicitior
1715 4327 1769 4375 et
1789 4317 2075 4390 profusior.

490 4409 652 4477 Quid,
675 4409 816 4480 quod
847 4408 913 4466 ad
943 4409 1305 4465 testimonium
1343 4409 1530 4465 crebro
1559 4408 1956 4478 familiaritatis,
1987 4426 2077 4466 rc-

485 4501 644 4572 spicit
665 4501 982 4574 negligentia
1021 4502 1307 4570 cautionis,
1364 4510 1418 4557 et
1460 4511 1660 4574 quanto
1712 4519 1939 4574 persona
1987 4513 2080 4560 aut

487 4593 718 4665 ignotior
743 4602 836 4650 aut
864 4593 1178 4651 honoratior
1201 4593 1448 4662 adfuerit,
1483 4605 1630 4650 tanto
1650 4595 1954 4666 diligentior
1979 4595 2077 4652 ha-

484 4685 627 4741 bitus
649 4686 1027 4757 comparatur?
1053 4685 1209 4755 Quid,
1231 4686 1372 4758 quod
1396 4687 1570 4742 nautis
1590 4696 1644 4744 ct
1663 4688 1942 4759 opificibus
1964 4690 2078 4761 ple-

485 4778 665 4847 risque
695 4793 852 4833 nemo
882 4778 1012 4835 vitio
1036 4778 1330 4834 nuditatem
1361 4778 1546 4834 dedit?
1582 4780 1661 4836 Ac
1688 4797 1756 4837 ne
1791 4780 1891 4836 ista
1940 4781 2075 4837 sim-

485 4869 689 4940 plicitas
739 4871 983 4942 personis
1027 4871 1196 4944 magis
1244 4887 1403 4944 quam
1456 4873 1684 4944 negotiis
1734 4874 2027 4944 imputetur
2057 4917 2072 4942 ,

488 4977 641 5018 more
674 4964 909 5020 omnium
939 4965 1100 5020 etiam
1135 4965 1326 5020 Petrus
1355 4965 1644 5034 apostolus,
1671 4974 1727 5021 et
1751 4975 1871 5036 post
1898 4983 2080 5023 resur-

485 5056 777 5112 rectionem
802 5057 1006 5112 Domini
1038 5055 1210 5113 nudus
1227 5057 1279 5112 in
1293 5057 1512 5127 navigio
1531 5058 1552 5088 ¹
1573 5057 1876 5126 piscabatur
1894 5057 2073 5130 (Joan.

487 5157 601 5212 nt,
629 5147 707 5218 7).
735 5146 910 5219 Dirige
939 5144 1066 5204 hinc
1104 5148 1291 5203 oculos
1321 5147 1388 5202 ad
1419 5146 1775 5202 medicantum
1805 5164 2025 5204 munera
2057 5165 2074 5204 :

485 5236 688 5294 ducunt
711 5247 880 5294 artem
907 5239 1084 5295 studio
1112 5239 1300 5294 salutis
1325 5239 1376 5293 in
1403 5238 1551 5294 locos
1578 5237 1814 5308 pudoris.
1847 5240 2078 5298 Athletis

486 5329 698 5386 auditas
721 5331 880 5386 etiam
908 5329 1109 5386 decora
1133 5340 1238 5385 est.
1284 5329 1401 5386 Jam
1451 5343 1580 5384 vero
1609 5343 1714 5384 non
1742 5330 1915 5385 solum
1947 5331 2077 5387 ado-

486 5420 814 5490 lescentulis.
833 5430 892 5478 et
918 5419 1178 5493 petulanti
1207 5420 1307 5475 sibi
1333 5421 1591 5476 societate
1629 5419 1956 5491 coniunctis,
1974 5423 2074 5479 sed

487 5514 646 5570 etiam
667 5516 790 5570 totis
805 5513 1123 5586 quibusdam
1136 5513 1381 5583 gentibus
1395 5522 1618 5578 uterque
1639 5528 1797 5569 sexus
1819 5525 2070 5584 retectus,

488 5616 541 5658 et
579 5606 695 5662 sine
730 5605 922 5661 secreti
946 5612 1029 5658 est
1057 5603 1320 5659 electione
1363 5604 1693 5660 commixtio.
1725 5605 1860 5675 Quid
1893 5616 2071 5662 tamen

552 5723 570 5752 ι
600 5721 674 5769 sic
692 5726 801 5772 llas.
826 5726 890 5782 At
905 5717 1040 5782 editi,
1067 5722 1322 5782 postrema.

493 5783 764 5893 ω
791 5781 952 5833 nulla
971 5779 1249 5845 piam
1266 5794 1286 5844 ;
1306 5784 1503 5844 animo,
1523 5781 1972 5850 innavigio;'mod
2000 5797 2074 5839 est

556 5908 628 5966 (α)
659 5907 773 5955 Vide
799 5920 873 5966 sui
889 5919 956 5967 ra,
995 5908 1054 5956 «le
1081 5908 1232 5956 G'zstis
1252 5906 1447 5970 Pelagii,
1473 5922 1552 5958 un.
1581 5909 1656 5973 ἂι,
1677 5912 1753 5973 57,
1772 5911 1842 5964 60.

1163 418 1411 477 OPERIS
1449 415 1861 474 IMPERFECTI
1902 412 2179 470 CONTRA
2219 411 2582 482 JULIANUM,
2624 416 2686 472 S.
2725 415 3095 475 AUGUSTINI

3644 425 3770 484 1365

2194 525 2410 595 mirum,
2442 529 2486 586 si
2507 529 2561 585 id
2585 530 2778 588 Scotus
2797 533 3199 606 vicinarumque
3234 537 3474 608 gentium
3513 538 3773 598 barbaries

2189 631 2345 693 agat;
2370 638 2496 680 cum
2537 635 2591 681 et
2620 624 2953 699 philosophia
2979 669 2994 695 ,
3026 629 3180 698 cujus
3205 644 3366 702 supra
3391 647 3771 692 commemora-

2192 716 2390 772 tionem
2421 715 2646 774 fecimus
2697 720 2838 775 idcm
2883 722 3176 789 censuerit,
3221 733 3275 779 et
3327 724 3771 788 Traducianornm

2190 806 2296 866 huc
2317 808 2510 884 dogma
2551 812 2890 882 pervenerit?
2934 812 3064 882 Quae
3105 829 3234 886 ergo
3269 816 3484 886 pudoris
3515 819 3770 876 tenebitur

2187 904 2478 974 quantitas,
2525 907 2685 976 quive
2739 907 2892 963 limes
2941 906 3081 963 inter
3123 917 3203 964 tot
3250 910 3368 980 ejus
3417 910 3765 982 diversitates,

2187 1003 2350 1067 atque
2370 997 2510 1053 inter
2527 1006 2734 1068 emptus
2760 998 2951 1070 partim
2978 1001 3344 1067 necessarios,
3388 1004 3578 1072 partim
3601 1005 3769 1060 socie-

2190 1096 2298 1144 tate
2321 1087 2594 1159 defensos,
2621 1106 2716 1161 per
2735 1107 2894 1162 quem
2916 1092 3087 1163 possit
3129 1092 3332 1160 doceri,
3367 1093 3636 1150 diabolum
3685 1113 3772 1152 na-

2186 1180 2414 1236 turalem
2435 1181 2684 1238 ardorem
2712 1181 2931 1239 senibus
2956 1183 3274 1241 miscuisse?
3301 1187 3379 1240 Ac
3429 1201 3524 1256 per
3575 1186 3694 1250 hoc.
3721 1198 3771 1244 ut

2187 1273 2492 1344 pmsidium
2520 1275 2786 1345 Opinionis
2813 1287 2918 1332 tute
2962 1286 3192 1342 constat,
3235 1276 3447 1343 officiis,
3475 1277 3623 1343 locis,
3666 1295 3774 1333 ηιορ

2187 1366 2361 1432 ribus,
2387 1366 2612 1435 artibus,
2640 1379 2693 1424 et
2723 1369 2854 1424 totis
2877 1367 3034 1424 simul
3063 1369 3310 1440 gentibus
3337 1367 3680 1436 dissolutum;
3705 1370 3770 1425 ita

2189 1458 2450 1514 remansit
2475 1458 2752 1527 invictum,
2785 1457 2928 1530 quod
2959 1475 3059 1516 nos
3085 1460 3198 1532 ipsa
3227 1460 3435 1516 ratione
3455 1470 3510 1515 et
3533 1461 3772 1531 apostolo

2187 1549 2358 1607 Paulo
2406 1551 2635 1610 docente
2682 1553 3041 1620 defendimus,
3086 1555 3265 1610 omnia
3300 1569 3548 1626 corpora,
3601 1556 3771 1612 omnia

2188 1645 2426 1700 membra
2477 1660 2811 1717 corporum,
2857 1661 3153 1719 omnesque
3204 1662 3395 1703 sensus
3446 1663 3724 1718 corporum
3751 1689 3770 1714 ,

2187 1735 2357 1792 Deum
2406 1747 2681 1795 auctorem
2710 1739 3085 1796 universorum
3128 1754 3384 1807 creasse;
3411 1739 3505 1795 sed
3550 1741 3620 1794 ita
3643 1741 3771 1794 ordi-

2185 1844 2361 1896 nasse,
2385 1841 2446 1887 ut
2470 1831 2720 1902 quatdam
2743 1832 2794 1888 in
2815 1834 3074 1889 membris
3104 1834 3301 1890 nostris
3329 1849 3425 1904 pro
3463 1837 3770 1904 Opportune

2186 1922 2382 1979 uitibus
2427 1933 2726 1994 temporum
2748 1926 2988 1981 amiciret
3026 1924 3218 1996 pudor,
3245 1925 3494 1995 q-uzednm
3529 1925 3774 1982 honestas

2187 2014 2442 2071 naturalis
2469 2013 2708 2083 offerret,
2737 2016 2932 2087 quibus
2976 2027 3081 2070 tam
3131 2015 3440 2072 indecorum
3467 2027 3610 2073 esset
3648 2018 3771 2088 tegi.

2185 2122 2308 2164 men
2333 2107 2600 2175 adhiberi,
2643 2125 2803 2181 quam
2844 2109 3153 2180 importune
3202 2109 3516 2182 genitalium
3565 2110 3774 2180 vulgare

2183 2207 2451 2255 secretum
2459 2238 2475 2253 .

2255 2290 2391 2346 Anc.
2430 2290 2512 2346 Tu
2554 2291 2736 2364 potius
2794 2291 3101 2362 importune
3157 2292 3312 2364 culpa
3364 2292 3770 2364 importunitatis

2182 2382 2427 2453 aspergis
2449 2396 2564 2449 eos,
2613 2383 2682 2438 de
2727 2383 2922 2454 quibus
2954 2385 3027 2440 ait
3059 2383 3334 2457 Scriptura
3385 2385 3581 2449 divina,
3632 2384 3772 2438 Nudi

2183 2483 2346 2540 erant,
2373 2484 2539 2529 etnon
2565 2475 3004 2546 confundebantur
3043 2473 3201 2548 (Gen.
3256 2492 3311 2543 tl,
3365 2475 3478 2546 25).
3528 2477 3590 2530 Et
3634 2485 3773 2532 certe

2185 2575 2311 2622 tunc
2332 2567 2403 2621 ita
2435 2568 2565 2622 recti
2594 2576 2767 2635 erant,
2801 2577 2858 2622 ut
2888 2568 3020 2622 recti
3060 2566 3187 2623 faeti
3210 2575 3382 2624 erant
3409 2585 3424 2622 :
3450 2567 3588 2622 Fecit
3627 2568 3763 2622 enim

2184 2657 2345 2726 Deus,
2373 2658 2512 2715 sicut
2539 2657 2787 2730 legimus,
2820 2658 3074 2713 Iwncinem
3095 2667 3288 2713 rectum
3313 2657 3510 2728 (Eccle.
3537 2674 3632 2726 vu,
3658 2658 3769 2729 30).

2183 2746 2282 2805 Illo
2309 2763 2439 2819 ergo
2467 2759 2707 2820 tempore
2751 2757 2914 2805 tantae
2961 2749 3302 2805 rectitudinis
3350 2765 3482 2815 suae,
3527 2749 3774 2820 numquid

2183 2851 2291 2900 tam
2317 2843 2472 2914 pravi
2496 2851 2682 2909 eram,
2711 2851 2770 2898 ut
2795 2841 3182 2913 imprudenter,
3212 2840 3584 2911 impudenter,
3623 2840 3774 2896 inho-

2183 2942 2377 3001 neste,
2426 2932 2767 3005 importune,
2833 2935 3146 3004 genitalium
3204 2943 3413 2990 secreta
3473 2933 3775 3004 vulgarent?

2181 3027 2427 3097 Agnosce
2496 3025 2659 3098 igitur
2710 3025 2948 3080 nondum
3008 3022 3174 3081 fuisse
3224 3039 3439 3080 causam
3507 3023 3771 3094 pudendi,

2181 3116 2396 3190 quando
2442 3115 2680 3173 nondum
2721 3115 2969 3188 pudenda
3019 3124 3175 3173 erant
3225 3116 3314 3171 illa
3355 3115 3610 3179 membra,
3659 3130 3773 3185 qua:

2182 3224 2326 3266 nunc
2353 3209 2567 3281 proprie
2586 3207 2836 3280 pudenda
2865 3207 3138 3264 dicuntur.
3165 3207 3284 3263 Non
3320 3207 3462 3264 enim
3513 3205 3775 3262 habitabat

2183 3303 2236 3358 in
2261 3302 2520 3359 membris
2545 3301 2631 3358 lex
2657 3316 2960 3372 repugnans
2980 3301 3082 3372 legi
3110 3299 3304 3357 mentis
3327 3341 3345 3367 ,
3369 3300 3486 3357 sine
3509 3315 3611 3372 qua
3639 3314 3775 3355 nunc

2180 3395 2420 3452 nascitur
2461 3408 2644 3450 nemo.
2681 3393 2930 3450 Nondum
2967 3392 3297 3464 fueratjusto
3319 3391 3518 3463 judicio
3543 3391 3771 3462 θεῖ,ηυί

2181 3486 2379 3545 merito
2404 3484 2646 3543 deseruit
2665 3485 3023 3551 desertorem,
3055 3483 3383 3542 inobedienti
3425 3482 3625 3539 homini
3666 3497 3773 3538 sua:

2179 3576 2361 3633 carnis
2387 3575 2748 3632 inobedientia
2789 3576 3071 3632 retributa.
3121 3574 3305 3646 Neque
3351 3573 3495 3631 enim
3545 3588 3649 3632 non
3694 3583 3774 3629 est

2181 3670 2362 3727 carnis
2412 3669 2777 3726 inobedientia
2831 3678 3019 3726 contra
3072 3669 3320 3740 spiritum
3372 3669 3769 3741 concupiscere.

2181 3763 2426 3835 quamvis
2452 3764 2613 3821 etiam
2656 3762 2846 3834 spiritu
2871 3773 3059 3820 contra
3087 3777 3206 3820 eam
3234 3761 3641 3834 concupiscente
3669 3776 3773 3816 non

2179 3856 2388 3913 sinatur
2411 3855 2554 3928 quod
2581 3864 2806 3912 conatur
2824 3854 3073 3926 implere.
3095 3854 3208 3912 Hoc
3221 3869 3350 3923 ergo
3375 3852 3608 3910 nondum
3629 3861 3771 3921 erat,

2182 3947 2398 4020 quando
2431 3948 2556 4002 nudi
2587 3957 2761 4014 erant,
2791 3955 2979 4004 etnon
3015 3945 3505 4002 confundebantur.
3533 3945 3644 4001 Non
3671 3947 3773 4001 ita-

2181 4055 2288 4113 que
2324 4041 2397 4098 illi
2423 4057 2549 4096 vera
2573 4041 2816 4098 nuditate
2843 4043 2859 4073 ί
2888 4041 3191 4112 importune
3228 4041 3536 4113 genitalium
3572 4049 3771 4094 secreta

2183 4135 2503 4206 vulgabaut:
2534 4134 2628 4190 sed
2657 4134 2834 4190 adhuc
2868 4134 3231 4204 importunum
3274 4130 3403 4188 nihil
3451 4132 3502 4187 in
3530 4131 3771 4203 geni-ﬁali-

2184 4227 2287 4284 bns
2327 4238 2632 4284 semet-ant.
2661 4229 2798 4298 Quid
2826 4229 3032 4300 colligis
3081 4231 3240 4284 verba
3276 4229 3474 4294 inania,
3524 4237 3769 4299 tanquam

2183 4319 2307 4377 folia
2331 4321 2494 4387 levia,
2517 4322 2710 4390 quibus
2733 4329 2790 4377 et
2813 4331 2869 4376 tu
2894 4332 3146 4392 coutcgas
3173 4321 3442 4377 carnalem
3476 4320 3771 4376 contentio—

2183 4427 2307 4467 nem
2330 4419 2478 4466 tuam
2499 4422 2683 4467 contra
2710 4413 3043 4484 spiritualem
3060 4412 3452 4479 auctoritatem,
3477 4412 3624 4483 quasi
3643 4427 3768 4466 con-

2181 4503 2547 4576 cupiscentem
2581 4513 2769 4560 contra
2799 4503 3044 4574 spiritum
3096 4504 3357 4560 carnem?
3399 4501 3534 4571 Quid
3577 4501 3771 4572 quaeris

2180 4610 2301 4668 qua:
2337 4594 2560 4666 pudoris
2597 4595 2829 4652 tenenda
2855 4596 2925 4650 sit
2951 4596 3223 4667 quantitas
3241 4635 3256 4661 ,
3282 4597 3396 4652 sive
3414 4595 3601 4662 limes,
3634 4594 3772 4649 inter

2183 4697 2260 4742 tot
2284 4687 2400 4758 ejus
2419 4686 2780 4756 diversitates,
2803 4702 2922 4758 qua:
2935 4688 3070 4742 liunt
3081 4687 3309 4743 diversis
3329 4685 3752 4751 necessitatibus,

2179 4780 2407 4847 artibus,
2429 4779 2793 4849 opinionibus,
2818 4779 3079 4846 moribus,
3112 4779 3235 4835 sive
3273 4779 3454 4847 rectis,
3493 4778 3607 4834 sive
3643 4793 3769 4848 per»

2183 4872 2395 4929 versis?
2413 4873 2552 4929 Ecee
2566 4871 2736 4929 habes
2756 4872 3024 4938 homines,
3043 4887 3154 4927 non
3175 4871 3401 4942 alicujus
3419 4871 3612 4942 gentis,
3630 4873 3773 4926 sicut

2179 4964 2394 5031 Scotos,
2422 4963 2518 5020 sed
2563 4974 2818 5035 parentes
2849 4964 3088 5020 omnium
3123 4965 3404 5034 gentium;
3448 4977 3552 5017 non
3594 4961 3770 5033 aliqua

2177 5072 2342 5126 prava
2371 5055 2623 5126 opinione
2661 5057 3000 5128 depmvatos,
3025 5056 3162 5111 sicut
3193 5054 3444 5127 Cynicos,
3473 5062 3531 5111 et
3564 5053 3771 5125 quosli—

2181 5150 2271 5205 bet
2289 5148 2424 5204 alios
2443 5143 2635 5204 similis
2655 5149 3019 5204 irreverentia:
3039 5147 3379 5203 deformitate
3404 5145 3647 5211 fmdatos,
3668 5144 3770 5200 sed

2181 5257 2210 5296 a
2245 5241 2362 5297 Deo
2379 5239 2627 5296 conditos
2643 5251 2821 5296 rectos
2840 5255 2859 5308 ;
2887 5255 2994 5295 non
3013 5254 3178 5311 Opere
3201 5239 3424 5309 alicujus
3437 5237 3770 5294 necessitatis

2179 5330 2488 5394 obstrictos,
2509 5329 2647 5386 sicut
2673 5329 2816 5387 Petri
2845 5330 3060 5386 auditas
3089 5328 3210 5396 fuit,
3232 5345 3336 5400 qua
3363 5338 3414 5385 te
3429 5328 3623 5399 putasti
3650 5342 3773 5380 esse

2180 5425 2490 5490 velandum,
2514 5423 2609 5479 sed
2649 5425 2700 5479 in
2726 5424 3033 5480 deliciarum
3074 5422 3324 5496 paradiso
3372 5420 3772 5490 liberos:ipsos

2179 5518 2359 5587 aspice
2382 5556 2397 5579 ,
2433 5524 2560 5571 ante
2595 5525 2874 5586 peccatum
2913 5524 3273 5571 ostentatores
3315 5513 3598 5578 libertatis,
3648 5520 3774 5581 post

2179 5617 2453 5681 peceatum
2478 5607 2728 5665 doctores
2753 5608 2988 5680 pudoris.
3013 5607 3151 5664 Ante
3161 5603 3571 5678 peceatumnudi
3592 5615 3768 5670 erant,

2179 5710 2234 5756 et
2283 5714 2391 5755 non
2430 5698 2892 5756 confundebantur
2919 5717 2932 5754 :
2959 5709 3087 5770 post
3113 5707 3394 5772 peccatum
3415 5697 3489 5754 de
3524 5695 3774 5753 nuditate

2243 5855 2260 5888 ι
2297 5855 2462 5926 ator-el,
2480 5855 2631 5926 ξτλᾳῃλ.
2648 5859 2788 5915 me,
2808 5855 3045 5926 133.281,
3061 5855 3171 5920 383.,
3189 5857 3260 5908 sic
3280 5854 3408 5920 legit
3428 5854 3727 5906 huncloetnn
3752 5865 3769 5903 :

2184 5925 2210 5967 tt
2222 5931 2282 5968 on
2306 5917 2465 5982 itaque
2481 5917 2552 5970 illi
2571 5918 2720 5970 libera
2734 5917 2967 5969 nuditate.
3035 5925 3092 5968 ιι.
