4124 6564
432 395 566 453 1565

426 507 632 568 confusi
659 516 804 566 sunt.
833 505 973 564 Ante
998 513 1274 578 peccatum
1319 499 1571 576 genitalia
1621 496 1855 554 nondum
1905 510 2007 567 puo

425 601 598 660 denda
619 601 736 658 sine
761 598 1013 672 tegimine
1037 597 1364 678 reliquerunt
1385 610 1402 649 :
1423 602 1543 665 post
1569 599 1840 664 peccatum
1862 589 2014 661 geni-

429 693 555 750 talia
575 693 686 768 jam
714 691 963 764 pudenda
993 697 1261 748 texerunt.
1291 687 1357 744 lii
1383 701 1515 758 ergo
1542 693 1708 742 testa
1733 683 1863 741 satis
1891 681 2011 739 ido-

429 784 538 854 nei,
587 793 644 844 et
681 783 1087 856 Pelagianorum
1129 779 1507 854 pervicaciam,
1553 785 1610 834 et
1660 773 2012 849 quarumdam

430 875 666 948 gentium
695 875 1125 949 Cynicorumque
1149 869 1557 944 impudentiam,
1597 867 1748 941 prius
1773 880 1884 924 non
1912 880 2013 938 pu-

429 965 602 1023 denda
633 975 686 1022 et
710 974 896 1038 postea
925 963 1172 1038 pudenda
1193 963 1433 1020 nuditate
1455 976 1551 1017 sua
1573 959 1918 1019 convincunt.

395 1054 405 1119 ι
499 1057 662 1114 XLV.
700 1058 821 1116 Jun.
861 1059 977 1116 lloc
1001 1058 1164 1130 igitur
1185 1057 1240 1113 in
1262 1055 1512 1128 praesenti
1539 1060 2006 1126 operegquantum

431 1164 520 1207 res
543 1159 660 1207 acta
687 1149 923 1222 pcrtutit,
946 1149 1211 1224 absoluto,
1241 1148 1403 1206 venio
1416 1147 1482 1204 ad
1507 1145 1641 1202 illud
1658 1143 1801 1218 quod
1817 1142 2015 1210 dixisti,

434 1241 488 1298 in
503 1240 722 1299 Christo
742 1241 883 1300 hanc
897 1242 1191 1298 naturalem
1206 1237 1691 1312 concupiscentiam
1711 1251 1816 1294 non
1835 1235 2016 1292 fuisse.

431 1331 521 1389 Sic
543 1333 688 1389 enim
723 1332 1028 1404 obioqueris
1053 1331 1186 1388 mihi
1216 1348 1231 1386 :
1268 1349 1290 1386 t
1321 1329 1430 1387 Sed
1460 1330 1562 1386 iste
1584 1329 1638 1384 in
1665 1328 1750 1384 his
1773 1325 2024 1383 omnibus

435 1423 602 1481 noluit
615 1423 892 1481 nominare
909 1423 1394 1496 concupiscentiam
1411 1421 1615 1490 carnis,
1631 1435 1752 1492 qua:
1771 1433 1879 1476 non
1893 1427 1973 1476 est
1991 1435 2024 1476 a

434 1515 610 1581 Patro,
637 1515 733 1573 sed
761 1531 828 1574 ex
852 1515 1053 1574 mundo
1075 1524 1191 1583 est;
1212 1514 1364 1587 cujus
1380 1513 1570 1572 mundi.
1581 1513 1827 1585 princeps
1849 1511 2026 1570 dictus

432 1617 518 1666 est
539 1608 782 1666 diabolus
811 1627 826 1664 :
857 1609 948 1682 qui
972 1623 1092 1666 eam
1133 1607 1188 1664 in
1223 1607 1452 1664 Domino
1496 1621 1604 1662 non
1647 1605 1877 1673 invenit,
1902 1604 2024 1675 quia

440 1700 699 1756 Dominus
741 1697 907 1756 homo
936 1715 1045 1756 non
1095 1714 1194 1771 per
1231 1699 1405 1778 ipsam
1431 1697 1500 1754 ad
1539 1696 1790 1754 homines
1815 1695 1962 1752 venit
1999 1713 2026 1748 ι

441 1789 544 1862 (De
562 1787 774 1864 Nuptiis
798 1799 846 1847 et
869 1790 1308 1864 Concupisecntia,
1333 1789 1424 1846 lib.
1446 1788 1509 1860 Ξ,
1535 1805 1652 1861 cap.
1671 1787 1755 1860 ὕ).
1779 1787 2028 1844 Pronun—

438 1879 580 1937 tiasti
617 1893 748 1952 ergo
771 1879 1067 1950 Christum,
1112 1895 1274 1952 quem
1300 1893 1489 1938 verum
1511 1893 1610 1951 per
1647 1877 1828 1935 ornnia
1855 1875 2028 1933 homi-

441 1984 562 2026 nem
589 1969 724 2026 ﬁdes
743 1969 1008 2027 catholica
1027 1969 1332 2037 conﬁtetur,
1353 1968 1494 2027 hanc
1517 1967 2024 2040 concupiscentiam,

437 2074 598 2132 quam
626 2059 756 2118 dicit
794 2061 1031 2119 Joannes
1056 2061 1355 2134 apostolus,
1393 2060 1451 2118 in
1483 2073 1581 2117 sua
1627 2075 1734 2116 non
1779 2058 2030 2116 habuisse

439 2165 622 2208 carne.
652 2151 761 2208 Sed
787 2151 1023 2209 Joannes
1039 2195 1058 2222 ,
1091 2160 1150 2209 ut
1173 2152 1292 2224 ejus
1319 2151 1461 2210 diota
1487 2151 1806 2218 docuerunt,
1829 2164 2027 2206 concu-

441 2241 752 2312 pisceutiain
775 2243 975 2308 carnis,
996 2251 1052 2298 et
1076 2241 1558 2315 concupiscentiam
1583 2241 1884 2306 oculorum,
1902 2253 2029 2296 eum

439 2332 585 2386 omni
605 2331 806 2388 nutatio
827 2347 895 2388 cx
921 2333 1082 2390 Patre
1113 2347 1218 2390 non
1237 2347 1360 2390 esse
1386 2333 1691 2405 pronuntiat
1720 2331 1940 2406 (Natta.
1965 2347 2028 2395 lt.

441 2419 566 2492 id):
594 2421 740 2494 quod
768 2436 868 2480 nos
890 2423 1338 2495 quemadmodum
1361 2423 1587 2497 intelligi
1609 2421 1836 2481 deberet
1851 2430 2033 2480 osten-

439 2511 635 2568 ditatus.

513 2606 650 2662 duo.
681 2605 976 2664 Ostettdieti
1000 2605 1240 2678 quidem,
1268 2607 1366 2663 sed
1391 2604 1844 2678 quemadmodum
1869 2611 1925 2660 tu
1943 2605 2031 2666 in-

443 2697 733 2769 telligens,
755 2700 840 2756 vel
859 2701 1036 2771 potius
1051 2714 1174 2756 non.
1187 2700 1534 2772 intelligens,
1557 2713 1662 2754 non
1683 2697 2034 2770 quemadmo-

436 2787 569 2844 dum
595 2788 820 2846 deberet
845 2791 1067 2862 Μάιίεὶ
1101 2808 1117 2847 :
1141 2790 1211 2846 de
1237 2805 1342 2861 qua
1366 2805 1429 2847 re
1452 2790 1546 2846 tibi
1586 2791 1640 2846 in
1659 2790 1778 2861 ipsa
1805 2799 1894 2846 tua
1926 2803 2031 2845 non

443 2881 639 2944 veraci,
663 2880 769 2936 sed
782 2880 992 2952 loquaci
1020 2881 1398 2950 disputatione,
1424 2881 1664 2938 certans’
1695 2881 2036 2952 promittite

513 3061 700 3118 XLVI.
739 3060 861 3118 ιω..
897 3059 983 3118 tu
1003 3075 1134 3117 vero
1159 3075 1370 3118 nomen.
1382 3060 1573 3133 ipsum
1587 3061 2035 3133 concupiscentia

445 3154 798 3226 amplexatus,
822 3153 905 3211 vis
927 3169 959 3209 a
977 3152 1180 3210 Christi
1204 3167 1440 3223 corpore
1473 3162 1578 3209 tam
1603 3152 1880 3213 oordomm
1906 3167 2034 3210 κῆρ

440 3261 562 3302 sum
589 3245 854 3314 abfuisse,
865 3260 1024 3318 quam
1050 3245 1333 3302 viscerum.

517 3338 655 3396 Anc.
693 3335 799 3394 ista
831 3352 946 3393 non
987 3337 1230 3402 diceres,
1267 3337 1314 3396 si
1338 3347 1394 3394 tu
1423 3351 1614 3395 sanum
1649 3351 1890 3407 sensus,
1927 3352 2053 3394 non.

439 3430 704 3502 corporis,
729 3429 826 3487 sed
853 3429 1030 3486 animi.
1040 3429 1290 3486 habenas.

515 3522 724 3580 XLVﬂ.
739 3523 859 3580 Jun.
878 3523 974 3580 ilic
988 3523 1148 3596 igitur
1167 3531 1224 3580 ut
1241 3523 1517 3580 adsit~toto
1543 3521 1724 3580 animo
1743 3521 1930 3590 lector,
1948 3521 2038 3579 ad-

445 3629 640 3671 moneo
667 3613 908 3672 :videhit
931 3614 1074 3670 enim
1119 3613 1615 3685 Apollinaristarum
1653 3611 1923 3682 heresim,
1937 3612 2035 3675 sed

445 3721 568 3764 cum
595 3706 872 3764 Maniciuei
901 3721 998 3779 per
1017 3713 1074 3764 te
1097 3705 1399 3777 adiectione
1429 3706 1688 3778 reparari.
1711 3705 2042 3777 Apollinaris

447 3799 644 3870 quippe
672 3798 846 3871 primo
872 3799 1036 3856 talem
1077 3797 1500 3855 incarnationem
1538 3797 1736 3855 Christi
1759 3797 2036 3854 induxisse

443 3888 634 3957 fertur,
665 3901 723 3947 ut
747 3889 954 3947 diceret
975 3888 1148 3947 solum
1171 3903 1369 3961 corpus
1391 3889 1711 3947 deimmana
1734 3889 2036 3946 substantia

445 3989 780 4052 assumptum
802 3979 992 4048 videri,
1022 3994 1121 4052 pro
1140 3981 1326 4036 anima
1339 3993 1471 4038 vero
1491 3979 1664 4052 ipsam
1688 3979 1854 4038 fuisse
1873 3979 2035 4036 deita.

447 4078 586 4138 tem;
605 4070 952 4143 Christusque
967 4084 1077 4128 non
1097 4071 1394 4138 hominem,
1414 4070 1510 4129 sed
1524 4069 1754 4129 cadaver
1767 4071 2038 4130 videretur

447 4161 686 4222 hominis
709 4165 1030 4237 suscepisse.
1063 4163 1222 4236 Quod
1260 4171 1603 4238 posteaquam
1629 4165 1794 4238 capit
1813 4175 1924 4222 tam
1948 4179 2034 4222 ra-

449 4257 612 4315 tionis
646 4272 807 4330 quam
837 4257 1110 4330 Evangelii
1151 4258 1490 4316 attestatione
1513 4259 1760 4328 convelli,
1788 4257 2036 4316 videlicet

447 4349 572 4421 quia
599 4349 702 4406 hoc
729 4349 846 4421 ipso
867 4365 1089 4408 necesse
1104 4360 1223 4406 erat
1244 4358 1414 4406 totum
1439 4350 1568 4407 illud
1595 4349 1838 4408 falsitatis
1859 4350 2032 4422 argui,

450 4441 590 4512 quod
619 4442 890 4498 hominem
931 4458 993 4499 se
1025 4442 1272 4499 Christus
1305 4443 1541 4508 dixerat,
1573 4459 1730 4515 quem
1752 4445 2034 4501 veritatem

441 4533 682 4588 locutum
709 4533 1164 4606 persequebantur
1188 4533 1382 4602 Judaei,
1407 4535 1452 4592 si
1479 4544 1594 4592 erat
1622 4536 1690 4592 ab
1713 4553 1779 4592 eo
1803 4551 1929 4592 caro
1949 4551 2037 4592 so-

447 4626 494 4681 la
537 4637 807 4698 suscepta,
851 4643 973 4684 cum
1021 4627 1184 4682 homo
1217 4627 1318 4682 nisi
1361 4627 1538 4682 anima
1583 4629 1740 4684 simul
1767 4639 2034 4700 etcorpus

446 4733 565 4776 esse
595 4735 699 4774 non
743 4727 956 4790 posset;
983 4719 1068 4775 vel
1093 4717 1234 4790 quod
1281 4717 1336 4774 in
1365 4718 1654 4790 Evangelia
1690 4719 1918 4786 dixerat,
1967 4717 2036 4774 ιη

453 4819 697 4879 potestate
724 4809 881 4864 habeo
907 4825 1094 4882 ponere
1114 4810 1348 4864 animum
1379 4815 1571 4875 meam;
1606 4819 1656 4865 et
1697 4810 1755 4864 in
1792 4819 2038 4882 potestate

447 4901 604 4957 habeo
633 4901 813 4958 iterum
849 4917 1047 4957 sumere
1088 4917 1200 4957 eam
1243 4901 1424 4974 (locu.
1469 4917 1526 4968 ι,
1577 4900 1684 4978 l8).
1726 4903 1858 4972 Qua:
1890 4903 2035 4960 enim

447 4991 622 5048 anima
651 5001 958 5065 poneretur,
984 4992 1029 5048 si
1065 5001 1336 5068 assumpta
1361 5007 1468 5050 non
1507 4992 1725 5051 fuerat?
1749 4993 1884 5051 Cum
1907 5010 2036 5067 ergo

413 5052 767 5159 iauctori'tate
797 5085 978 5142 talium
999 5052 1436 5144 testimoniorum
1466 5095 1522 5144 et
1548 5087 1840 5159 perspicuae
1867 5052 2035 5145 mo;-

413 5123 767 5190 Ᾱ-ι.ν.υ......υ
797 5123 978 5142 ...ιυηη
1008 5123 1436 5144 ..λουηινηιυη-η.
1466 5123 1522 5144 υ.
1549 5123 1840 5159 pompm“;
1869 5123 2035 5145 mm-

449 5175 533 5232 nis
577 5191 796 5234 eversus
840 5177 1407 5251 fuisset,excogitavit
1428 5178 1574 5236 aliud
1608 5179 1752 5236 unde
1787 5179 1902 5251 ejus
1925 5180 2038 5237 hac-

449 5268 612 5334 resis,
647 5285 767 5342 quae
797 5270 1057 5341 perdurat
1080 5271 1363 5338 hactenus,
1399 5281 1746 5340 nasceretur;
1785 5282 1841 5330 et
1880 5273 2033 5342 dixit,

447 5359 678 5414 animam
702 5360 916 5430 quidem
943 5361 1228 5417 humanam
1260 5361 1314 5419 in
1339 5361 1555 5419 Christo
1579 5361 1763 5429 fuisse,
1785 5362 1880 5420 sed
1904 5379 2034 5420 sen-

449 5461 540 5504 sus
585 5450 640 5504 in
668 5465 738 5507 eo
780 5452 1024 5522 corporis
1069 5467 1187 5510 non
1214 5453 1417 5528 fuisse,
1447 5465 1616 5528 atque
1654 5453 2032 5530 inpossibilem

451 5553 568 5595 eum
590 5541 948 5614 pronuntiavit
971 5544 992 5577 ⁸
1017 5543 1281 5600 universis
1305 5545 1576 5602 esstitisse
1592 5545 1853 5616 peccatis.

504 5715 532 5753 σι

504 5715 532 5753 gl

457 5715 1186 5892 ωἶέἓὲῗὲρῗηάᾟῶἓῧ.
1202 5717 1809 5842 ggerimus
1823 5785 2029 5837 auctori.

1777 377 1975 435 LIBER
2015 373 2340 440 QUARTUS

2194 491 2330 549 Acs.
2368 492 2582 549 Sanctae
2616 493 2892 550 memoria
2914 491 3140 566 Cyprias
3171 494 3456 566 eiuscopus
3477 492 3710 565 Epipha-

2117 582 2238 640 nius
2257 582 2310 640 in
2333 583 2589 656 opusculo
2602 581 2746 656 quod
2763 581 2834 640 de
2846 582 3138 644 hmresibus
3159 582 3494 652 alidit,.dixit
3513 582 3714 658 Apolli-

2119 677 2442 734 naristarum
2469 677 2727 750 quosdam
2757 677 2815 733 in
2839 674 3062 739 Domino
3080 675 3206 734 issu
3225 675 3444 738 Christo
3465 673 3716 742 divinitaw

2120 769 2160 826 ti
2183 784 2380 842 corpus
2405 769 2858 832 consubstantiale
2877 769 3110 836 dixisse;
3138 769 3273 833 alios
3293 778 3470 835 autem
3492 781 3722 840 negasse

2121 861 2262 933 quod
2284 861 2518 920 animam
2561 861 2884 936 sumpserit;
2925 861 3061 921 alios
3096 869 3317 933 propter
3343 859 3484 932 quod
3515 861 3716 920 dictum

2122 962 2227 1022 est,
2253 951 2470 1010 Verbum
2489 971 2610 1012 caro
2633 954 2824 1026 [actim
2840 963 2918 1011 est
2937 951 3120 1026 (han.
3150 969 3194 1021 ι,
3217 951 3328 1031 υ).
3351 949 3708 1023 conth

2123 1061 2231 1104 non
2254 1062 2376 1108 eum
2419 1062 2637 1106 carnem
2667 1047 2966 1119 sumpsisse
3003 1045 3073 1104 de
3109 1055 3290 1108 creata
3313 1059 3499 1110 carne.
3531 1041 3584 1104 id
3610 1053 3714 1110 est.

2125 1138 2350 1210 Maria,
2381 1139 2480 1198 sed
2519 1139 2756 1198 Verbum
2801 1156 3022 1198 carnem
3075 1140 3308 1208 factum;
3353 1146 3538 1210 postea
3589 1151 3719 1194 vero

2125 1231 2312 1288 nescio
2353 1230 2485 1304 quid
2507 1231 2807 1305 cogitantes
2848 1231 3054 1288 dixisse
3093 1229 3239 1302 quod
3273 1244 3397 1286 non.
3427 1225 3720 1300 sumpserit

2125 1331 2384 1380 mentem.
2427 1321 2584 1392 Quod
2617 1337 2750 1395 ergo
2781 1323 3020 1381 afﬁrmas
3053 1321 3460 1394 Apollinaristas
3495 1333 3714 1378 asseve—

2126 1429 2278 1471 rasse
2301 1412 2360 1476 in
2385 1413 2820 1477 Christo-sensus
2845 1414 3220 1486 corporisnon
3241 1411 3408 1472 fuisse
3423 1413 3468 1482 ⁸,
3490 1426 3732 1483 eumque

2129 1504 2252 1562 illos
2279 1505 3088 1578 prouutuiassoimpassibiiem;
3116 1521 3219 1565 nec
3237 1508 3446 1585 uspiam
3467 1504 3588 1577 legi,
3615 1504 3738 1568 nisi

2129 1595 2184 1652 in
2208 1596 2314 1652 hoc
2339 1595 2480 1660 libro
2505 1605 2623 1666 tuo,
2655 1613 2756 1663 nec
2778 1597 3067 1669 aliquando
3089 1599 3158 1658 ab
3178 1597 3360 1670 aliquo
3387 1595 3586 1654 audivi.
3612 1595 3739 1656 Sod-

2129 1689 2381 1760 quoniam
2411 1688 2571 1748 viduo
2607 1699 2661 1749 te
2693 1705 2940 1761 qummre
2983 1689 3074 1753 ubi
3105 1689 3379 1761 sanandas
3413 1689 3720 1762 vaniloquia

2131 1790 2242 1850 tua,
2263 1791 2323 1837 ut
2347 1796 2473 1838 eum
2495 1782 2570 1840 sis
2589 1781 2867 1848 verbosus,
2897 1782 3136 1842 videaris
3153 1798 3278 1846 esse
3306 1783 3582 1854 copiosus,
3611 1782 3722 1840 cito

2131 1872 2464 1944 respondeo:
2487 1872 2744 1946 Quisquis
2759 1873 2932 1932 credit
2951 1874 3035 1933 vel
3056 1874 3146 1936 illa
3169 1889 3290 1946 qum
3319 1873 3740 1946 Apollinaristas

2131 1962 2314 2021 dicere
2339 1979 2501 2035 supra
2525 1965 2982 2034 commemoravi,
3008 1965 3106 2026 vel
3136 1981 3246 2031 non
3291 1965 3544 2028 habuisse
3563 1964 3724 2023 Chri-

2131 2061 2272 2112 stum
2304 2054 2554 2127 corporis
2572 2070 2786 2125 sensus,
2805 2065 2965 2128 atque
2981 2057 3370 2128 impassibilcm
3389 2055 3576 2126 fuisse,
3594 2071 3725 2117 ana~

2136 2145 2314 2212 thema
2362 2148 2452 2206 sit.
2512 2146 2583 2206 Ut
2623 2163 2750 2208 vero
2796 2157 2851 2211 te
2891 2165 3104 2220 quoque
3155 2149 3330 2220 possis
3380 2163 3674 2222 agnoscere
3707 2167 3720 2202 :

2133 2236 2384 2309 Quisquis
2406 2237 2577 2299 credit
2601 2254 2820 2303 carnem
2847 2240 3046 2304 Christi
3077 2251 3264 2304 contra
3294 2241 3542 2312 spiritum
3581 2255 3720 2298 con.-

2131 2331 2369 2400 cupisse,
2396 2329 2680 2391 anathema
2707 2332 2804 2392 sit.

2208 2421 2440 2484 XLVIII.
2480 2421 2603 2485 Jun.
2643 2423 2760 2488 Non
2781 2423 2876 2498 qui
2897 2423 3096 2491 virtute
3117 2423 3304 2496 iudicii
3343 2423 3538 2489 delicta
3566 2423 3726 2488 vius-

2135 2525 2250 2584 sot;
2293 2515 2400 2574 sed
2417 2517 2510 2588 qui
2553 2515 2807 2578 felicitate
2840 2517 3024 2582 carnis
3061 2532 3102 2584 ᾳ
3135 2517 3338 2577 nostris
3361 2514 3725 2587 sensibusse-

2134 2615 2440 2680 questrntte,
2459 2607 2805 2680 cupiditatem
2829 2609 3298 2675 vitiorumscntire
3317 2607 3662 2680 nequivisset.

2207 2699 2344 2762 Auo.
2381 2697 2498 2762 Non
2528 2699 2758 2766 dicisaus
2775 2714 2897 2767 nos,
2925 2717 2946 2754 ι
2977 2699 3254 2766 Christum
3276 2699 3524 2761 felicitate
3551 2697 3748 2770 carnis.

2133 2808 2168 2852 a
2197 2793 2396 2853 nostris
2422 2794 2671 2856 sensibus
2687 2801 3060 2866 sequestratae,
3097 2793 3443 2867 cupiditatem
3480 2793 3728 2865 vitiorum

2133 2883 2340 2943 seruire
2364 2898 2472 2948 non
2493 2885 2731 2956 veniisse
2753 2901 2769 2942 :
2809 2905 2831 2940 ι
2863 2884 2960 2950 sed
2980 2885 3233 2957 dicimus,
3249 2901 3374 2956 eum
3393 2883 3652 2960 perfectio
3661 2901 3729 2946 ne

2137 2975 2368 3042 virtutis,
2393 2984 2459 3037 et-
2477 2991 2585 3037 non
2606 2992 2704 3048 per
2729 2977 2912 3040 carnis
2934 2978 3430 3050 concupiscentiam
3451 2986 3745 3054 procreata.

2131 3079 2323 3132 carne,
2347 3063 2698 3136 cupiditatem
2729 3083 2838 3126 non
2877 3067 3132 3134 habuisse
3157 3069 3432 3137 vitiorum.
3460 3068 3618 3126 Aliud
3646 3078 3740 3130 est

2137 3153 2283 3222 enim
2309 3168 2417 3214 non
2435 3153 2685 3218 habuisse
2699 3157 3044 3230 cupiditatem
3063 3158 3261 3220 malam
3281 3175 3298 3226 ;
3324 3157 3469 3216 aliud
3485 3174 3594 3216 non
3606 3173 3739 3219 eam

2138 3246 2380 3318 potuisse
2417 3248 2621 3306 sentire
2651 3267 2670 3307 :
2699 3251 2958 3310 sensisset
2990 3252 3138 3310 enim
3174 3252 3223 3310 si
3264 3250 3576 3324 habuisset;
3621 3266 3736 3314 nco

2137 3338 2286 3396 enim
2305 3353 2498 3396 sensus
2520 3340 2570 3398 ei
2600 3339 2772 3398 defuit
2803 3357 2912 3416 quo
2933 3358 3054 3400 cam
3083 3343 3334 3413 sentiret,
3357 3343 3456 3410 sed
3483 3343 3739 3414 vvlumas

2136 3427 2306 3489 adfuit
2330 3443 2447 3501 qua
2461 3446 2570 3494 non
2594 3430 2838 3495 haberet.
2859 3431 3200 3499 Neemireris
3222 3434 3515 3505 Christum,
3537 3452 3728 3510 quam-

2137 3519 2220 3610 vis
2245 3519 2520 3610 hominem
2544 3537 2754 3593 verum,
2796 3533 2974 3590 tamen
3015 3541 3112 3600 per
3143 3527 3574 3610 omnisbouum,
3623 3547 3724 3586 no—

2142 3608 2310 3674 luisse
2352 3609 2554 3676 hobere
2592 3614 2940 3686 cupiditatem
2965 3618 3186 3684 malam.
3213 3608 3344 3689 Nam
3385 3621 3507 3692 quis
3532 3631 3729 3692 praeter

2139 3713 2236 3756 vos
2275 3702 2622 3773 cupiditatem
2665 3714 2826 3779 negat
2869 3722 2991 3765 esse
3037 3709 3252 3777 malam,
3301 3726 3404 3784 qua
3442 3711 3728 3786 cupiuntur

2135 3789 2278 3856 tnala
2295 3790 2491 3864 I-quis,
2515 3793 2753 3866 inquam,
2785 3805 2980 3868 praeter
3017 3813 3116 3858 vos
3131 3800 3463 3870 persuadere
3487 3811 3716 3860 conatur

2139 3895 2246 3938 non
2290 3896 2419 3949 esse
2451 3883 2660 3952 vitium,
2693 3902 2871 3958 quam.
2896 3888 3246 3961 cupiditatem
3283 3892 3572 3952 conﬁtetur
3607 3909 3733 3951 esse

2138 3971 2420 4042 vitiorum;
2445 3982 2499 4034 et
2542 3991 2648 4044 non
2685 3992 2808 4038 esse
2850 3979 3076 4052 malum,
3118 3981 3206 4046 cui
3247 3982 3493 4042 suadenti
3519 3984 3566 4041 si
3593 4001 3729 4043 con-

2136 4063 2396 4126 sentiatur
2423 4065 2484 4124 ﬁt
2505 4082 2650 4140 opus
2672 4070 2914 4138 malum!
2937 4071 3089 4136 ﬂante
3120 4073 3468 4146 cupiditatem
3487 4075 3732 4136 Christus

2137 4163 2192 4212 et
2217 4157 2423 4222 sentire
2451 4170 2653 4230 posset,
2679 4161 2728 4218 si
2772 4161 3028 4236 haberet;
3075 4175 3129 4222 et
3156 4165 3358 4232 habere
3373 4171 3417 4236 ',
3447 4170 3494 4229 si
3525 4171 3728 4228 vellet:

2137 4247 2236 4305 sed
2253 4249 2401 4318 absit
2425 4261 2486 4318 ut
2530 4253 2710 4318 vellet.
2741 4251 3122 4323 Verumtamen
3147 4259 3195 4314 si
3227 4259 3450 4318 haberet
3471 4263 3733 4336 cupidita-

2134 4345 2248 4401 tem
2267 4343 2493 4412 malam,
2520 4351 2684 4416 atque
2709 4355 2768 4410 ut
2816 4355 2908 4402 tuo
2946 4348 3111 4406 verbo
3147 4357 3288 4416 utar,
3319 4368 3341 4405 σ
3386 4351 3728 4422 cupiditatem

2140 4431 2412 4501 vitiorum,
2446 4451 2472 4489 ›
2501 4433 2570 4492 ah
2598 4434 2768 4508 ipsius
2791 4438 3062 4502 voluntate
3087 4439 3139 4496 in
3167 4440 3257 4498 illo
3286 4456 3406 4498 esse
3431 4444 3725 4516 coepisset;

2135 4522 2261 4593 quia
2283 4538 2392 4590 non
2417 4539 2540 4582 cum
2558 4525 2650 4592 illa
2677 4535 2761 4594 est
2781 4537 2965 4598 natus,
2995 4539 3054 4598 ut
3079 4546 3198 4588 nos.
3229 4533 3309 4590 Ac
3335 4549 3433 4606 per
3448 4535 3570 4603 hoc,
3592 4537 3734 4594 illius

2139 4613 2308 4678 virtus
2329 4613 2450 4672 haec
2493 4623 2631 4687 erat,
2660 4631 2781 4676 earn
2811 4634 2917 4678 non
2953 4619 3192 4679 habere:
3221 4633 3404 4680 nostra
3435 4625 3602 4682 virtus
3625 4634 3728 4686 est,

2139 4705 2189 4760 ei
2209 4720 2313 4760 non
2343 4707 2684 4776 consentire;
2711 4719 2766 4766 et
2789 4711 2844 4766 in
2863 4711 2968 4772 hoc
2991 4713 3138 4769 illum
3155 4714 3371 4782 imitari,
3399 4719 3726 4788 utqucmad-

2139 4793 2357 4850 modum
2388 4795 2504 4870 ipse
2531 4808 2812 4866 peccatum
2840 4816 2946 4858 non
2970 4801 3120 4871 fecit,
3145 4818 3264 4860 eam
3309 4822 3416 4862 non
3459 4806 3725 4874 habendo,

2139 4883 2211 4939 ita
2243 4899 2343 4941 nec
2371 4899 2472 4952 nos
2495 4884 2779 4966 faciamus,
2806 4905 2912 4946 non
2940 4892 2990 4949 ei
3015 4895 3438 4962 consentiendo;
3469 4906 3527 4955 ct
3544 4914 3728 4970 quem-

2138 4973 2422 5032 admodum
2441 4976 2558 5047 ipse
2579 4993 2698 5038 eam
2719 4981 2886 5039 voluit
2907 4991 2964 5040 et
2986 4985 3154 5057 potuit
3181 5001 3288 5042 non
3319 4987 3538 5058 habere,
3568 4991 3648 5048 sic
3667 5009 3728 5049 ea

2142 5083 2244 5126 nos
2289 5069 2538 5145 velimus,
2577 5074 2703 5146 quia
2744 5077 3058 5156 poterimus,
3103 5070 3310 5138 carere.
3357 5082 3487 5156 Ejus
3533 5086 3731 5160 quippe

2137 5160 2307 5230 gratia
2333 5176 2432 5223 nos
2455 5161 2700 5228 liberabit
2725 5165 2792 5222 de
2819 5181 3046 5238 carpam
3075 5171 3270 5232 mortis
3289 5171 3468 5246 huius,
3500 5174 3602 5232 hoc
3627 5187 3726 5250 est,

2138 5251 2207 5308 de
2243 5267 2408 5310 carne
2436 5258 2660 5327 peccati,
2703 5259 2795 5331 qui
2824 5261 2972 5316 venit
3009 5260 3078 5344 ad
3107 5277 3210 5329 nos
3245 5263 3299 5320 in
3324 5265 3740 5329 similitudinem

2138 5344 2314 5400 Carnis
2333 5348 2559 5418 peccati,
2588 5363 2694 5406 non
2723 5350 2777 5406 in
2801 5365 2965 5411 carne
2993 5357 3220 5429 peccati.
3322 5343 3324 5346 ’

2211 5435 2400 5498 XLIX.
2440 5437 2561 5502 Jun.
2593 5440 2726 5507 Iam
2760 5445 2937 5516 gravi,
2991 5455 3048 5504 ut
3093 5463 3186 5518 res
3230 5450 3450 5518 indicat,
3482 5450 3536 5509 in
3568 5453 3732 5512 ﬁdem

2137 5529 2530 5590 Catholicorum
2551 5534 2912 5610 aduiatione',
2947 5557 3054 5598 non
3083 5542 3262 5600 solum
3305 5545 3436 5602 nihil
3475 5559 3726 5602 necessu-

2199 5665 2218 5737 ξ
2248 5665 2402 5740 Hicin
2419 5667 2572 5740 editis
2606 5669 2856 5733 undosum,
2876 5672 3142 5740 arduam
3183 5687 3351 5727 sem
3381 5673 3604 5738 corporis
3633 5687 3733 5727 nou

2133 5727 2302 5800 fuisse.
2326 5729 2692 5800 destituiturex
2709 5727 3068 5800 manumiptis.

2199 5791 2220 5821 ²
2242 5790 2316 5838 sic
2337 5797 2443 5840 uss.
2471 5797 2526 5842 At
2547 5793 2682 5852 editi,
2701 5793 2912 5846 haberet.

2203 5853 2223 5884 ³
2253 5852 2404 5902 ωίιὶε
2433 5862 2551 5904 rant
2562 5855 2867 5920 protulerant
2889 5869 2968 5908 res
2993 5854 3198 5916 eam.
3219 5857 3268 5910 in
3291 5855 3442 5910 ﬁnem
3473 5858 3722 5910 catholico-
