4124 6518
465 322 487 376 Ι
499 319 600 374 567

474 440 565 506 tia,
599 450 782 494 verum
821 434 982 490 etiam
1009 431 1254 505 profana.
1285 431 1418 488 Cum
1461 431 1601 486 enim
1632 429 1746 486 vult
1773 424 2058 484 ostendere

467 531 581 602 plus
601 527 802 600 aliquid
825 527 989 582 fuisse
1013 525 1066 581 in
1083 524 1279 582 Christi
1309 539 1555 594 corpore,
1581 538 1648 578 ne
1663 521 1840 577 carnis
1859 528 2058 574 nostra:

463 620 840 676 communione
867 617 1169 682 vilesceret,
1203 615 1521 672 naturalium
1542 629 1664 670 eutn
1696 626 1947 668 sensuum
1973 610 2058 664 in-

467 715 714 786 tegritate
775 711 1074 778 fraudavit;
1131 725 1241 766 non
1300 709 1486 764 videns
1527 708 1579 763 in
1641 715 1895 778 quantum
1955 705 2058 760 iret

469 807 693 862 exitium
733 805 988 860 damnum
1035 803 1277 860 veritatis
1308 802 1389 858 vel
1415 800 1723 856 adulatione
1763 805 2054 868 corruptte.

468 898 747 954 Infremuit
773 897 971 968 quippe
1010 913 1041 953 a
1085 895 1374 952 Catholicis
1415 894 1647 950 excitata
1693 889 2054 962 pruiscriptio;

467 991 592 1062 quia
651 989 791 1062 apud
849 991 1007 1046 talem
1063 989 1221 1044 fidem
1271 987 1442 1057 majus
1495 985 1748 1040 damnum
1802 982 2056 1056 mysteria

465 1081 690 1144 Christi,
731 1095 890 1152 quam
915 1079 1151 1135 membra
1199 1077 1519 1150 perferrent.
1548 1078 1605 1134 Si
1650 1076 1794 1132 enim
1843 1083 2060 1146 propter

465 1173 589 1240 hoc,
637 1173 900 1244 inquiunt,
955 1173 1121 1228 factus
1162 1183 1243 1228 cst
1279 1171 1525 1228 Christus
1563 1187 1630 1226 cx
1655 1169 1862 1226 semine
1895 1165 2057 1223 David

465 1264 639 1339 (Rom.
672 1281 710 1331 ι,
751 1263 829 1337 5),
877 1264 1047 1322 factus
1089 1282 1156 1322 ex
1197 1265 1442 1331 muliere,
1492 1263 1768 1335 factusque
1812 1261 1913 1318 sub
1940 1261 2058 1332 lege

465 1355 662 1431 (Colat.
691 1373 768 1426 Iv,
794 1359 875 1428 4),
906 1367 964 1413 ιιι
991 1359 1144 1414 nobis
1167 1359 1320 1415 daret
1347 1358 1674 1429 exemplum,
1706 1367 1763 1412 et
1790 1371 2054 1426 sequere-

467 1465 587 1503 mur
613 1450 829 1520 vestigia
857 1449 990 1522 ejus,
1020 1451 1108 1522 qui
1139 1461 1410 1522 peccatum
1441 1467 1545 1506 non
1573 1449 1720 1518 fecit,
1749 1464 1848 1506 nec
1867 1450 2058 1504 inven~

470 1556 554 1597 tus
579 1553 662 1598 est
690 1543 840 1598 dolus
883 1545 934 1598 in
959 1559 1054 1600 ore
1081 1545 1198 1616 ejus
1228 1545 1280 1618 (l
1301 1544 1445 1602 Petr.
1488 1560 1545 1610 ιι,
1573 1545 1660 1612 l2,
1688 1544 1820 1616 22);
1851 1559 1952 1600 nec
1982 1552 2060 1598 ta-

473 1651 592 1690 men
637 1652 730 1707 per
760 1638 938 1692 omnia
979 1639 1290 1694 substantiae
1329 1649 1527 1696 nostra:
1557 1639 1730 1694 induit
1760 1637 2058 1710 proprieta-

469 1737 595 1790 tem,
623 1728 667 1782 si
716 1729 802 1784 vel
847 1743 1064 1784 carnem
1109 1732 1226 1786 sine
1253 1731 1452 1800 anima,
1503 1731 1587 1788 vel
1631 1731 1903 1787 hominem
1943 1731 2060 1786 sine

467 1820 733 1882 sensibus,
765 1821 960 1890 quibus
987 1837 1084 1878 nos
1107 1823 1295 1878 imbuit
1323 1834 1531 1888 natura,
1555 1824 1805 1894 gestavit,
1827 1824 2060 1893 exempli

465 1912 687 1966 formam
713 1921 768 1968 et
793 1913 924 1984 legis
953 1929 1059 1968 non
1089 1914 1313 1970 ducetur
1338 1916 1611 1986 implesse.
1635 1916 1772 1984 Quid
1795 1917 1936 1972 enim
1963 1915 2060 1972 fuit

465 2002 620 2060 laude
643 2004 887 2075 dignum,
914 2016 1261 2063 contemnere
1287 2007 1568 2064 illecebras
1605 2023 1880 2074 sensuum,
1921 2022 2058 2079 qna-

465 2111 579 2150 rum
631 2097 855 2168 iucapax
897 2107 1016 2154 erat
1057 2098 1318 2155 beneficio
1365 2101 1608 2156 natura)?
1649 2099 1786 2169 Quid
1841 2100 2056 2167 mirum,

463 2189 717 2247 cohibere
763 2191 954 2248 oculos
991 2191 1169 2247 carnis
1213 2207 1325 2248 sme
1354 2193 1557 2248 auxilio
1611 2207 1716 2246 non
1761 2193 2058 2263 vagantes?

463 2281 603 2348 Quid
628 2299 904 2355 magnum,
929 2285 1200 2341 abducere
1226 2285 1295 2340 ab
1321 2285 1654 2341 illecebrosis
1679 2283 1936 2340 odoribus
1963 2301 2060 2340 na-

467 2391 577 2440 res,
607 2377 799 2446 quibus
829 2379 1100 2433 nescirent
1126 2379 1345 2449 patere?
1367 2378 1502 2446 Quid
1531 2379 1875 2449 stupendum,
1913 2387 2062 2434 tene-

468 2483 526 2523 re
546 2469 767 2524 arduam
795 2470 1036 2542 quotidie
1063 2472 1114 2526 in
1138 2471 1307 2541 epulis
1339 2471 1679 2544 parcitatem,
1707 2487 1931 2543 quarum
1963 2487 2059 2527 nc-

467 2561 653 2631 quibat
683 2561 1021 2620 irritamenta
1050 2565 1294 2620 sentire?
1324 2564 1460 2632 Quid
1483 2575 1756 2635 postremo
1781 2565 1933 2620 ardui
1967 2565 2061 2618 hac

465 2655 658 2711 herent
703 2656 755 2711 in
808 2657 1274 2728 quadragesimum
1321 2657 1462 2713 diem
1505 2658 1712 2729 prolata
1749 2657 1973 2728 jejunio,
2016 2659 2060 2714 si

465 2749 673 2804 esuries
701 2749 928 2805 molesta
951 2765 1072 2806 esse
1101 2766 1208 2804 non
1249 2750 1495 2821 poterat?
1521 2749 1657 2818 Quid
1701 2749 2060 2805 venerationis

467 2839 753 2912 disciplina
783 2843 991 2898 aurium
1019 2853 1338 2909 mereretur,
1378 2858 1648 2915 nunquam
1676 2843 1778 2897 nisi
1810 2842 2060 2898 honesta-

471 2949 591 2988 rum
618 2949 810 2990 vocum
843 2936 1131 3006 receptrix,
1161 2935 1206 2990 si
1243 2936 1472 2990 nativam
1497 2935 1796 3004 patiebatur
1825 2934 1876 2988 in
1909 2933 2058 2989 inde-

466 3023 605 3080 bitus
646 3025 1005 3080 surditatem?
1046 3025 1177 3094 Qua:
1215 3035 1392 3080 autem
1443 3024 1610 3096 gloria
1652 3023 1947 3089 castitatis,
2009 3025 2056 3080 si

464 3115 688 3171 virilitas
714 3117 884 3189 magis
914 3117 1098 3172 aberat
1127 3132 1286 3188 quam
1333 3117 1594 3181 voluntas,
1626 3125 1679 3170 et
1712 3115 1856 3186 quod
1902 3125 2056 3186 pnta~

467 3207 624 3262 batur
666 3206 779 3263 ﬁeri
828 3207 898 3264 de
945 3208 1128 3280 vigore
1181 3206 1366 3271 animi,
1411 3207 1658 3263 veniebat
1683 3205 1752 3262 de
1780 3203 2056 3262 debilitate

461 3297 822 3354 membrorum
841 3299 866 3354 ?

539 3398 675 3450 Anc.
715 3393 906 3448 Merito
950 3393 1200 3449 dicuntur
1249 3392 1384 3457 luce,
1415 3407 1518 3446 non
1566 3400 1752 3447 contra
1779 3389 2056 3462 Apollina-

467 3507 580 3548 rem
611 3489 694 3546 vel
733 3486 1236 3560 Apollinaristarum
1270 3486 1522 3556 aliquem,
1559 3500 1697 3556 quos
1719 3484 1924 3540 dixisse
1950 3499 2056 3537 non

462 3583 693 3637 arbitror
718 3578 918 3636 Christi
941 3593 1157 3634 carnem
1195 3593 1301 3633 non
1333 3577 1584 3634 habuisse
1607 3577 1823 3632 humani
1857 3593 2054 3646 corpo-

462 3677 536 3732 ris
565 3687 776 3739 sensus,
801 3671 895 3728 sed
927 3681 1111 3727 contra
1155 3670 1446 3742 quemlibet
1493 3670 1735 3741 quisquis
1767 3669 1869 3725 hoc
1902 3669 2051 3726 dicit.

461 3769 571 3824 Nos
598 3778 774 3823 autem
806 3765 953 3820 illum
993 3773 1048 3820 et
1089 3762 1310 3834 pulchra
1355 3778 1419 3817 ac
1447 3762 1833 3832 deformia.per
1869 3762 2053 3818 oculos

461 3861 704 3918 sensisse
729 3859 978 3924 dicimus,
1007 3865 1061 3912 ct
1082 3855 1443 3912 suaveolentia
1465 3865 1520 3911 ct
1545 3855 1906 3926 graveoientia
1933 3869 2056 3909 sen-

461 3954 597 4008 sisse
627 3967 722 4022 per
750 3963 930 4015 nares,
958 3957 1011 4004 ct
1035 3963 1196 4004 sensu
1224 3947 1429 4002 aurium
1457 3948 1761 4018 percepisse
1782 3962 1977 4002 canora
2005 3955 2060 4002 et

463 4042 717 4108 absurda,
739 4051 794 4096 et
818 4057 847 4096 a
879 4039 1123 4095 dulcibus
1147 4053 1329 4093 amara
1350 4037 1670 4094 diserevisse
1690 4037 1975 4110 gustando,
2005 4048 2060 4094 et

463 4152 651 4206 aspera
677 4150 741 4190 ac
763 4133 925 4202 lenia,
953 4131 1084 4189 dura
1112 4146 1175 4187 ac
1205 4129 1403 4198 mollia,
1437 4130 1622 4204 frigida
1653 4141 1704 4187 et
1728 4130 1898 4186 calida
1919 4129 2058 4201 diju-

462 4230 674 4285 dicasse
712 4225 1016 4301 tangendo;
1055 4235 1111 4282 et
1151 4223 1407 4297 quidquid
1451 4225 1592 4280 aliud
1623 4225 1868 4296 corporis
1892 4239 2054 4280 sensu

463 4315 652 4371 sentiri
713 4323 768 4371 et
822 4313 1024 4384 percipi
1099 4319 1311 4382 potest,
1373 4312 1572 4366 sentire
1638 4327 1702 4366 ac
1775 4311 2054 4381 percipere

465 4407 740 4479 potuisse;
772 4421 874 4461 nec
896 4405 945 4460 ei
979 4403 1410 4476 possibilitatem,
1436 4403 1481 4458 si
1509 4403 1788 4470 voluisset,
1817 4403 2056 4459 defuisse

463 4498 752 4573 generandi
782 4505 878 4554 :et
925 4507 1100 4553 tamen
1141 4495 1260 4568 ejus
1305 4511 1520 4553 carnem
1555 4513 1824 4568 nunquam
1869 4507 2055 4553 contra

461 4595 711 4668 spiritum
738 4591 1074 4664 concupisse.
1108 4589 1258 4658 Quod
1286 4591 1329 4646 si
1373 4599 1654 4662 propterea
1686 4606 1934 4663 magnum
1961 4591 2057 4646 bo-

459 4703 586 4743 num
617 4695 719 4752 est,
743 4693 800 4741 ut
830 4693 1004 4756 putas,
1035 4683 1306 4740 abstinere
1333 4698 1363 4737 a
1393 4682 1624 4748 delictis,
1656 4684 1779 4754 quia
1811 4698 1914 4739 non
1954 4683 2054 4740 de-

460 4794 583 4839 sunt
617 4783 865 4839 libidines
903 4798 1022 4855 quae
1061 4781 1360 4846 vincantur,
1409 4795 1514 4836 non
1562 4789 1744 4836 autem
1800 4796 2051 4852 maguum

463 4885 638 4938 esset,
671 4875 716 4929 si
763 4873 1058 4931 defuissent
1097 4891 1111 4928 :
1157 4881 1302 4928 tanto
1334 4872 1561 4944 quisque
1609 4873 1712 4928 erit
1757 4873 1808 4927 in
1857 4874 2053 4928 virtute

465 4965 796 5032 laudabilior,
818 4975 1014 5036 quanto
1031 4965 1193 5020 fuerit
1213 4965 1265 5020 in
1299 4979 1463 5020 carne
1480 4963 1833 5020 libidinosior.
1855 4966 1931 5018 Ac
1957 4979 2054 5032 per

463 5058 564 5112 hoc
607 5056 872 5123 Christus,
923 5057 1217 5114 secundum
1254 5057 1410 5112 istam
1459 5065 1688 5111 vestram
1744 5055 2051 5111 horribilem

463 5157 519 5206 et
547 5147 918 5204 detestabilem
952 5149 1288 5218 pravitatem,
1329 5148 1471 5204 sicut
1499 5147 1553 5202 in
1581 5149 1776 5201 virtute
1813 5148 2054 5201 omnium

465 5237 778 5295 hominum‘
820 5242 1108 5304 maximus,
1145 5239 1213 5293 ita
1243 5231 1364 5296 esse
1393 5239 1445 5291 in
1476 5252 1638 5293 carne
1676 5236 2055 5291 libidinosissi-

464 5347 584 5390 mus
610 5331 818 5388 debuit.
847 5331 998 5401 Quod
1020 5341 1212 5402 quanta
1243 5331 1504 5386 sentiatur
1532 5331 1824 5400 impietate,
1853 5331 1896 5386 si
1927 5345 2052 5386 sen-

462 5425 556 5494 tis,
576 5423 896 5480 senteutiam
921 5432 1129 5477 mutare
1149 5437 1216 5477 ne
1241 5421 1456 5477 differas
1476 5439 1490 5488 ;
1509 5431 1562 5476 et
1581 5421 1830 5478 libidines
1851 5421 2055 5478 discer-

462 5613 572 5660 rum
594 5597 888 5650 adulatione.
915 5604 972 5649 At
993 5609 1167 5649 onmes
1189 5604 1316 5657 Mss,
1331 5594 1482 5660 grati.
1505 5601 1558 5646 Et
1575 5609 1640 5646 ex
1659 5595 1735 5646 his
1753 5596 1908 5647 codex
1923 5605 2052 5660 ttae,

458 5659 869 5789 ﬁdfmvugnierius,
895 5719 1112 5773 cautium
1129 5717 1406 5780 maximus;
1431 5721 1622 5784 omisso,
1643 5719 1898 5783 hominum,
1923 5722 2051 5784 quod

461 5803 527 5840 cx
555 5797 656 5841 stes.
684 5789 916 5841 addimus.

1429 6497 1590 6516 x_,‘
1635 6491 2080 6514 Δρ--

1135 313 1380 372 OPEiliS
1421 309 1830 370 lMPERFECTI
1868 305 2136 366 CONTRA
2178 307 2538 380 JULIANUM,
2579 312 2636 370 S.
2678 313 3042 373 AUGUSTINI

3615 330 3752 388 1363

2172 441 2300 482 nere
2328 443 2357 482 a
2409 431 2678 500 sensibus,
2719 449 2841 505 qua:
2883 436 3186 494 sentiuntur
3223 440 3400 510 potius
3452 443 3505 500 in
3535 445 3751 517 quibus-

2165 536 2300 592 que,
2353 541 2512 593 qnam
2571 528 2860 584 sentiunt:
2911 545 2979 586 ne
3030 539 3177 588 tanto
3233 535 3456 608 quisque
3512 539 3780 598 videatur

2165 616 2356 670 sensui
2375 631 2495 672 esse
2521 619 2776 686 vivacior,
2807 631 3005 692 quanto
3024 623 3182 680 fuerit
3201 627 3420 685 libidine
3439 631 3748 702 ardentior;

2165 714 2220 760 et
2243 715 2390 762 tanto
2417 709 2664 766 Christus
2691 714 2892 770 arsisse
2930 716 3178 772 credatur
3203 719 3510 780 libidinibus
3531 727 3751 786 acriori-

2167 795 2284 860 bus,
2312 809 2511 869 quanto
2540 801 2708 874 viguit
2727 805 3032 874 purioribus
3061 809 3328 866 sensibus.

2237 889 2299 944 L.
2329 890 2447 948 Jun.
2477 893 2608 962 Qua:
2654 905 2926 966 postremo
2971 901 3142 968 palma
3165 902 3483 974 tolerantiae,
3511 908 3556 963 si
3603 909 3751 968 dolor

2166 981 2443 1040 vulnerum
2487 997 2542 1040 et
2570 987 2850 1043 verberum
2869 1030 2884 1054 ,
2929 989 3220 1063 intercepto
3246 995 3435 1054 itinere
3459 1013 3708 1056 sensuum
3731 1045 3746 1069 ,

2167 1076 2469 1148 pertingere
2495 1079 2562 1134 ad
2591 1081 2827 1138 animum
2870 1099 2974 1138 non
3002 1086 3249 1142 valebat?
3274 1089 3388 1156 Quo
3415 1106 3541 1163 ergo
3569 1095 3747 1163 profe-

2165 1166 2238 1222 cit
2261 1169 2582 1238 Apollinaris
2609 1171 2887 1230 adulatio?
2918 1175 3174 1234 V'idelicet
3202 1188 3260 1234 ut
3295 1182 3468 1236 omnis
3503 1185 3748 1242 virtutum

2167 1257 2504 1326 pulchritudo
2523 1303 2539 1328 ,
2570 1278 2725 1332 quam
2769 1264 2820 1318 in
2847 1280 2906 1320 se
2930 1265 3171 1324 Christus
3197 1283 3569 1343 expresserat,
3601 1276 3747 1334 inde-

2167 1350 2290 1408 bitis
2315 1362 2517 1410 natura:
2557 1355 2672 1424 ejus
2703 1357 2947 1414 laudibus
2976 1373 3195 1418 vacuata
3221 1364 3560 1424 tlaccesceret
3581 1411 3596 1434 ,
3624 1386 3750 1427 cun-

2165 1451 2358 1514 ctoque
2377 1447 2614 1504 veritatis
2637 1463 2747 1504 sua:
2771 1451 3054 1522 splendore
3076 1455 3268 1512 nudata
3285 1472 3492 1514 sacrum
3511 1464 3751 1534 magiste-

2166 1535 2302 1590 rium
2333 1537 2637 1596 Mediatoris
2675 1541 2892 1600 offerret
2919 1545 3116 1602 irrisui.
3151 1548 3266 1614 liuc
3301 1553 3588 1610 accedebat
3617 1573 3747 1627 quo-

2166 1627 2308 1683 niam
2345 1645 2452 1685 non
2501 1632 2672 1688 solum
2698 1650 2918 1706 operum
2963 1652 3184 1696 suorum
3213 1642 3468 1712 perdebat
3487 1647 3705 1718 insignia
3729 1692 3746 1714 ,

2167 1721 2469 1788 nativitate,
2524 1739 2629 1778 non
2691 1726 2885 1784 virtute
2927 1727 3169 1796 felicior;
3209 1733 3304 1790 sed
3343 1736 3500 1791 etiam
3556 1737 3750 1794 fraudis

2165 1811 2480 1870 criminibus
2510 1817 2813 1887 urgebatur,
2837 1819 2882 1876 si
2911 1821 3168 1878 indiceret
3192 1825 3522 1896 mortalibus,
3555 1830 3748 1886 Exten-

2165 1901 2352 1958 dimini
2379 1905 2448 1960 ad
2480 1908 2790 1977 patientiam
2821 1911 3052 1968 hominis
3079 1913 3208 1969 nihil
3248 1917 3556 1986 sentientis,
3583 1929 3634 1975 et
3659 1937 3748 1976 ve-

2167 1999 2277 2053 nite
2315 2013 2412 2068 per
2438 2016 2590 2056 veras
2620 2017 2809 2059 cruces
2839 2004 2905 2060 ad
2935 2005 3156 2062 virtutes
3195 2011 3434 2079 corporis
3475 2011 3590 2068 falsi
3621 2014 3750 2069 nihil

2165 2089 2431 2160 dolentis;
2477 2095 2592 2162 vel,
2647 2097 2930 2154 imitamini
2978 2100 3308 2169 castitatem,
3357 2113 3500 2160 certa
3553 2116 3748 2162 natura:

2166 2193 2356 2240 vestra:
2405 2185 2736 2243 irritamenta
2789 2191 3101 2260 vincentes,
3152 2194 3290 2250 illius
3316 2211 3472 2265 quem
3513 2197 3749 2252 debilitas

2165 2273 2292 2331 fecit
2334 2278 2582 2347 pudicum
2633 2281 2822 2338 videri.
2880 2285 3040 2342 Certe
3087 2286 3218 2342 nihil
3269 2288 3576 2358 profanius,
3619 2292 3748 2348 nihil

2165 2367 2446 2426 scelestius
2489 2371 2680 2428 talibus
2729 2375 3016 2446 excogitari
3079 2379 3396 2434 commentis
3443 2389 3631 2449 potest.
3685 2383 3748 2438 Et

2165 2459 2490 2528 Apollinaris
2527 2464 2702 2517 omnia
2753 2465 2850 2520 ista
2881 2480 2986 2520 non
3013 2466 3220 2522 dixerat
3247 2486 3260 2524 :
3291 2485 3384 2538 per
3423 2470 3548 2524 illud
3593 2487 3746 2526 tuutm

2165 2549 2310 2620 quod
2348 2554 2716 2622 pronuntiarat
2739 2597 2754 2620 ,
2784 2555 2986 2612 homini
3011 2556 3228 2614 Christo
3253 2560 3488 2618 defuisse
3511 2577 3602 2618 eos
3627 2577 3748 2618 sen-

2164 2655 2275 2703 sus,
2300 2644 2391 2713 qui
2421 2660 2450 2698 a
2478 2654 2662 2700 natura
2693 2646 2842 2702 inditi
2868 2689 2882 2713 ,
2915 2663 3021 2704 non
3049 2665 3146 2706 usu
3164 2692 3178 2716 ,
3206 2651 3300 2707 sed
3336 2667 3554 2710 excessu
3583 2653 3648 2710 ad
3671 2655 3747 2708 vi-

2165 2734 2236 2788 tia
2262 2733 2534 2802 labuntur;
2561 2737 2676 2794 huic
2701 2739 2879 2794 omnia
2904 2756 3024 2812 qua:
3051 2756 3082 2796 a
3111 2740 3396 2798 Catholicis
3423 2745 3584 2800 relata
3607 2757 3746 2814 sunt,

2165 2824 2472 2895 prerjudicio
2489 2827 2756 2898 Opinionis
2776 2845 2887 2886 sua:
2905 2839 3082 2887 mutus
3103 2835 3328 2904 excepit.
3351 2834 3544 2890 liorum
3561 2837 3748 2906 quippe

2161 2925 2476 2974 cunctorum
2521 2919 2878 2978 afﬁrmatione
2927 2925 3256 2982 construitur
3300 2927 3554 2984 catholica
3585 2928 3745 2993 ﬁdes,

2163 3027 2390 3082 quorum
2417 3015 2699 3085 negatione
2723 3016 2806 3072 vel
2831 3019 3210 3074 eonsecutione
3237 3020 3562 3089 Apollinaris
3583 3021 3746 3076 her-

2163 3103 2240 3160 sis
2287 3116 2562 3176 compacta
2611 3115 2696 3163 est
2742 3115 2902 3178 atque
2943 3109 3213 3165 damnata.
3257 3110 3338 3166 Tu
3368 3111 3524 3183 igitur
3549 3112 3748 3182 conjiee

2163 3193 2290 3264 quid
2316 3195 2382 3251 de
2410 3205 2460 3250 te
2485 3196 2677 3252 debeat
2690 3197 2940 3268 judicari,
2959 3199 3050 3270 qui
3069 3203 3498 3258 commixtioncm
3529 3217 3744 3258 sexuum

2163 3285 2406 3354 damnas,
2429 3297 2485 3342 ut
2507 3288 2846 3355 Maniehreus;
2870 3303 3115 3348 naturam
3141 3294 3315 3348 carnis
3337 3291 3530 3348 Chr-iui
3551 3309 3580 3346 a
3605 3309 3750 3349 com-

2163 3377 2417 3433 munione
2439 3379 2712 3434 hominum
2741 3391 3068 3452 sequestras,
3089 3382 3379 3440 secundum
3411 3383 3742 3448 illanichteos;

2163 3469 2651 3538 concupiscentiam
2675 3471 2853 3526 carnis
2873 3486 3114 3534 accusas,
3134 3472 3287 3542 juxta
3317 3474 3653 3545 praiceptoris
3675 3474 3744 3528 tui

2161 3560 2300 3615 dicta
2333 3561 2606 3616 Mauichmi
2631 3578 2647 3628 ;
2675 3561 2810 3619 dicis
2842 3563 3328 3634 concupiscentiam
3377 3568 3666 3620 sensuum’
3695 3567 3744 3620 iu

2161 3650 2357 3710 Christi
2378 3668 2602 3723 corpore
2623 3670 2726 3708 non
2753 3654 2918 3710 fuisse
2939 3695 2954 3718 ,
2985 3655 3068 3710 vel
3094 3655 3384 3712 secundum
3409 3656 3742 3722 Manichzeos,

2161 3744 2246 3798 vel
2291 3745 2584 3800 secundum
2622 3745 3073 3822 Apollinaristas:
3105 3757 3159 3804 et
3207 3755 3382 3802 tamen
3415 3750 3492 3802 vis
3526 3763 3556 3802 a
3597 3747 3746 3802 nobis

2163 3849 2262 3889 nec
2285 3834 2665 3904 Apollinarista
2689 3877 2705 3904 ,
2733 3852 2832 3894 nec
2857 3836 3176 3892 Maniehzeus
3204 3839 3401 3894 vocari.
3440 3838 3740 3910 Quanquam

2161 3923 2231 3978 do
2261 3939 2483 3992 manus,
2509 3935 2810 3998 praestoque
2835 3927 3176 3994 beneﬁcium;
3207 3943 3306 3984 nec
3335 3944 3432 3984 nos
3457 3929 3745 3984 liberaliter-

2163 4015 2230 4070 tis
2260 4017 2482 4085 poenitet
2503 4033 2519 4084 ;
2544 4033 2640 4088 per
2660 4033 2746 4075 me
2770 4028 2828 4073 ut
2845 4019 3173 4090 Apollinaris
3198 4029 3431 4076 sectator
3449 4036 3553 4076 non
3572 4021 3744 4076 vidca-

2163 4111 2237 4166 ris
2259 4109 2468 4165 licebit:
2490 4111 2710 4166 minoris
2735 4112 2930 4182 quippe
2954 4121 3036 4168 est
3060 4112 3150 4168 ille
3171 4115 3452 4184 impietatis
3473 4115 3738 4172 inventor:

2163 4221 2258 4277 per
2295 4213 2348 4262 te
2383 4216 2562 4264 autem
2598 4224 2704 4265 non
2731 4208 2856 4265 licet
2897 4217 2957 4264 ut
2984 4210 3190 4266 voceris
3227 4209 3370 4268 aliud
3397 4225 3550 4282 quam
3583 4210 3746 4266 Mani-

2161 4298 2362 4354 cinctis.

2231 4391 2370 4446 Anc.
2398 4389 2508 4446 Nec
2547 4391 2924 4461 Apollinarista
2947 4434 2963 4460 ,
2996 4407 3097 4450 nec
3135 4393 3454 4450 Maniclneus
3487 4393 3622 4460 fuit,
3649 4395 3738 4450 sed

2162 4479 2536 4538 haereticorum
2582 4493 2914 4552 expugnator
2956 4485 3269 4542 Ambrosius
3293 4526 3309 4550 ,
3341 4485 3428 4555 qui
3477 4501 3571 4556 per
3603 4493 3740 4540 luam

2161 4581 2464 4642 susceptam
2494 4573 2745 4644 quidquid
2786 4575 3060 4630 hominum
3091 4585 3400 4631 nasceretur
3425 4575 3446 4606 ³
3469 4617 3485 4643 ,
3515 4576 3628 4631 sine
3652 4575 3744 4629 de-

2161 4665 2288 4721 iicto
2317 4665 2451 4722 dixit
2474 4681 2593 4722 esse
2623 4682 2732 4722 non
2757 4681 2915 4738 posse
2939 4709 2954 4731 ,
2981 4668 3278 4738 apostolum
3326 4667 3546 4722 Paulum
3568 4708 3584 4732 ,
3611 4668 3746 4722 sicut

2160 4757 2426 4827 oportuit,
2453 4766 2507 4811 et
2535 4757 2834 4828 intelligens
2875 4765 2929 4814 et
2965 4772 3260 4828 exponens.
3283 4757 3362 4814 Tu
3392 4767 3568 4814 autem
3601 4765 3744 4811 tanto

2159 4848 2328 4918 magis
2352 4847 2573 4916 adjuvas
2613 4848 2964 4914 Manichzeos,
2995 4847 3137 4919 quod
3178 4847 3474 4918 smpissime
3499 4847 3740 4912 ostendi,

2159 4950 2357 5012 quanto
2377 4940 2544 5010 magis
2569 4939 2636 4996 ab
2653 4941 2732 4996 eis
2757 4951 2808 4997 te
2825 4955 2944 4996 esse
2967 4941 3238 4998 arbitraris
3265 4940 3496 4995 alienum
3523 4957 3538 4994 :
3565 4955 3623 4998 es
3647 4955 3742 4994 au-

2162 5043 2266 5088 tem
2297 5049 2468 5088 novus
2509 5033 2794 5088 haereticus
2816 5033 3166 5104 Pelagianus,
3195 5035 3247 5088 in
3281 5033 3630 5102 disputatione
3660 5032 3744 5088 lo-

2159 5124 2550 5194 quacissiinus,
2603 5125 2656 5180 in
2705 5124 3047 5180 contentione
3093 5123 3640 5188 caitntmiosissitnus,
3690 5121 3744 5174 in

2161 5216 2490 5288 professione
2539 5215 2933 5272 fallacissimus.
2977 5215 3117 5273 Nihil
3147 5215 3287 5271 enim
3333 5212 3474 5285 quod
3495 5214 3636 5268 dicas
3666 5213 3746 5274 in-

2225 5453 2241 5486 ⁸
2275 5453 2376 5508 Hic,
2401 5464 2560 5508 seruit,
2583 5451 2774 5503 additur
2795 5453 3082 5502 auctoritate
3103 5456 3212 5501 Mss.

2224 5517 2244 5548 ³
2279 5514 2436 5564 Codex
2456 5521 2603 5572 μοι-ι..
2626 5527 2848 5565 sexuimt.

2225 5577 2247 5609 ³
2278 5576 2488 5625 Verbum
2514 5613 2528 5634 ,
2571 5583 2879 5632 nasceretur,
2921 5575 3188 5627 addidimus
3237 5587 3301 5624 ex
3346 5573 3440 5622 lide
3493 5578 3574 5634 Itis.
3615 5577 3744 5620 Fort.

2162 5639 2369 5708 Respicit
2393 5633 2684 5700 Augustinus
2705 5639 2765 5687 ad
2802 5640 3033 5710 Ambrosii
3054 5637 3211 5688 locum
3233 5637 3430 5708 citatum
3451 5633 3742 5742 infra,rapp.

2162 5701 2236 5742 εἰς.
2261 5699 2338 5742 56-
2369 5713 2557 5742 necnon
2589 5713 2752 5742 suum-
2767 5701 2832 5742 de.
2855 5709 3038 5742 NIIDHIS
3069 5708 3122 5742 at
3142 5703 3553 5742 Conmuuscentta.
3577 5691 3662 5742 ιὼο
3721 5725 3738 5742 .

2159 5691 2339 5763 .53,
2369 5691 2559 5763 necnon
2589 5701 2832 5762 supra,dc
2855 5701 3038 5763 Nuptiis
3069 5708 3122 5751 et
3142 5697 3553 5761 concupiscentia,
3577 5691 3672 5744 lib;
3692 5691 3738 5752 1,

2161 5775 2208 5810 ιι.
2234 5761 2312 5822 40,
2339 5769 2390 5812 et
2409 5761 2491 5814 lib.
2517 5761 2564 5822 2,
2587 5776 2636 5814 ιι.
2654 5761 2741 5813 15.
