4124 6528
288 393 421 452 I569

287 510 524 573 veniens.
549 502 728 562 inania
755 499 918 557 multa
937 497 1071 554 dicis
1089 537 1103 561 ,
1139 492 1325 549 falsum
1353 490 1554 546 crimen
1582 483 1869 540 Catholicis

285 601 514 670 objiciis,
536 594 854 654 catholicum
886 600 939 646 te
968 603 1087 645 esse
1111 584 1374 641 mentiris.

357 668 440 748 LI.
464 690 583 746 Ιιιι..
611 683 830 744 Ostendi
854 680 1066 754 quidem
1093 679 1145 732 in
1175 675 1331 731 tertio
1361 671 1540 727 libello
1565 668 1720 740 primi
1738 683 1870 736 ope-

289 785 360 840 ris
389 781 494 837 mei
519 821 535 846 ,
564 773 961 834 irrefutabiliter
985 783 1205 826 necesse
1245 780 1364 822 esse
1390 763 1493 819 diei
1527 762 1687 816 etiam
1713 759 1871 814 Chrio

289 886 424 930 stum
457 881 660 927 reatum
701 868 770 924 de
792 865 970 921 Mariae
1012 877 1172 918 carne
1202 859 1428 914 traxisse
1451 898 1465 921 ,
1492 856 1536 911 si
1564 853 1876 910 crederetur

291 964 527 1020 naturale
551 966 825 1032 peccatum
845 973 861 1022 ;
883 968 1112 1023 eumque
1131 968 1160 1006 a
1187 959 1238 1007 te
1259 949 1358 1004 sub
1388 953 1650 1018 potestate
1677 940 1874 997 diaboli

289 1053 536 1110 collocari
561 1095 576 1118 ,
605 1050 693 1121 qui
715 1048 1010 1105 aflirmares
1035 1044 1102 1100 ad
1119 1044 1206 1114 jus
1229 1040 1424 1097 diaboli
1452 1037 1727 1093 hominum
1759 1034 1877 1088 uni~

291 1159 498 1199 versam
529 1141 798 1212 pertinere
824 1134 1198 1193 substantiam.

361 1238 494 1292 Ave.
525 1233 676 1303 Quod
707 1233 761 1287 iu
791 1230 952 1287 tertio
977 1239 1066 1283 tuo
1084 1227 1222 1282 libro
1249 1233 1300 1280 te
1325 1222 1626 1279 ostendisse
1641 1234 1878 1276 comme—

291 1343 489 1395 moras,
517 1326 704 1397 quinto
733 1339 852 1379 meo
879 1332 932 1379 te
955 1337 1066 1377 non
1085 1317 1384 1375 ostendisse
1414 1314 1639 1372 conviei.

358 1417 468 1473 LII.
497 1417 617 1474 IUL.
653 1414 722 1472 Et
747 1415 868 1472 ideo
909 1414 1012 1470 hoc
1054 1412 1107 1467 in
1135 1409 1538 1482 praesentiarum
1568 1405 1789 1470 relicto,
1816 1403 1880 1458 il-

289 1512 378 1568 Iud
397 1511 630 1581 efﬂagito
648 1551 664 1577 ,
698 1509 784 1564 ubi
808 1517 863 1564 tu
885 1505 1078 1579 legeris
1098 1503 1367 1561 Christum
1394 1498 1696 1556 eunuclmm
1718 1495 1880 1551 fuisse

289 1602 620 1658 naturaliter.

361 1694 496 1749 Auc.
523 1692 600 1747 Tu
624 1691 766 1748 enim
797 1690 884 1745 ubi
910 1704 996 1744 me
1023 1688 1126 1743 hoc
1151 1686 1352 1742 dixisse
1385 1681 1596 1754 legisti,
1629 1681 1728 1736 nisi
1755 1679 1879 1750 quia

287 1783 665 1850 calumniaris,
703 1791 762 1837 ut
800 1782 985 1837 soles?
1010 1779 1166 1835 Aliud
1215 1786 1300 1834 est
1350 1774 1672 1845 possibilitas
1711 1772 1880 1828 semi-

289 1875 588 1930 nandorum
619 1874 846 1929 filiorum
873 1915 888 1940 ,
911 1887 1069 1943 quam
1107 1869 1308 1926 Christi
1337 1867 1482 1923 carni
1511 1865 1745 1920 defuisse
1775 1877 1881 1916 non

288 1967 537 2031 dicimus,
567 1965 705 2020 sicut
727 1964 916 2020 deesse
939 1963 1084 2018 carni
1119 1960 1364 2017 novimus
1391 1960 1756 2014 eunncbormn
1787 1973 1800 2009 :
1829 1963 1882 2008 et

288 2058 432 2114 aliud
459 2066 542 2112 est
565 2055 826 2126 cupiditas
857 2055 1128 2120 vitiorum,
1159 2067 1318 2122 quam
1359 2059 1412 2104 tu
1447 2049 1766 2118 persuadere
1786 2059 1881 2100 co-

292 2150 438 2203 naris
468 2148 718 2203 habuisse
746 2146 1017 2202 Christum
1043 2187 1055 2206 .
1103 2153 1157 2200 et
1190 2143 1360 2212 jactas
1410 2150 1461 2194 te
1487 2154 1606 2194 esse
1631 2136 1882 2192 christia-

290 2256 419 2295 num
445 2257 459 2305 ;
490 2240 614 2310 quia
639 2238 910 2303 videlicet,
943 2238 1082 2292 sicut
1112 2235 1268 2304 paqu
1293 2241 1416 2286 ante
1443 2231 1641 2290 dixisti,
1676 2247 1694 2280 ι
1727 2229 1884 2283 Citri-

287 2341 411 2390 stus
459 2331 619 2384 etiam
666 2327 866 2383 fraudis
904 2325 1217 2383 criminibus
1262 2331 1565 2392 urgeretur,
1597 2321 1642 2374 si
1684 2319 1886 2373 diceret

289 2421 640 2488 mortalibus,
679 2419 1036 2476 Extendimini
1064 2417 1128 2471 ad
1155 2415 1461 2487 patientiam
1489 2413 1722 2468 hominis
1753 2409 1884 2464 nihil

288 2513 616 2571 sentientis:
655 2531 674 2565 ι
704 2511 854 2582 quasi
885 2519 1174 2581 sequatur,
1206 2517 1263 2563 ut
1289 2522 1392 2561 non
1432 2505 1628 2560 sentiat
1658 2502 1887 2558 inﬂictos

288 2605 506 2660 dolores
526 2647 540 2670 ,
585 2605 674 2674 qui
700 2604 810 2658 vult
837 2612 888 2658 et
919 2609 1094 2673 potest
1120 2615 1228 2655 non
1263 2599 1460 2653 habere
1487 2597 1653 2650 malas
1684 2593 1884 2663 cupidi-

290 2707 432 2753 tates
463 2716 478 2752 :
517 2699 600 2753 vel
645 2698 689 2752 si
732 2697 967 2764 diceret,
1002 2706 1058 2750 ut
1098 2704 1184 2748 tua
1214 2694 1373 2749 verba
1404 2693 1519 2762 ipse
1561 2689 1840 2761 componis
1867 2730 1883 2756 ,

294 2808 316 2842 ι
350 2789 634 2844 lmitamini
675 2789 1013 2853 castitatem,
1050 2795 1193 2842 certa
1223 2793 1429 2839 natura:
1472 2793 1663 2838 vestra:
1710 2783 1886 2837 irrita-

287 2893 474 2937 menta
498 2882 768 2934 vincentes
792 2918 808 2941 ,
841 2879 980 2931 illius
1018 2892 1177 2945 quem
1207 2875 1454 2928 debilitas
1491 2873 1614 2927 fecit
1641 2873 1884 2944 pudicum

283 2975 486 3028 videri.
524 2993 542 3025 ι
571 2972 661 3026 Sic
704 2971 844 3024 enim
884 2984 942 3023 es
989 2976 1196 3021 amator
1242 2966 1482 3036 egregius
1511 2967 1799 3028 castitatis,
1833 2971 1890 3018 ut

284 3066 392 3123 tibi
418 3063 617 3118 castior
631 3061 892 3126 videatur,
914 3060 1004 3130 qui
1025 3058 1339 3114 concubitus
1367 3057 1581 3112 illicitos
1606 3055 1772 3126 cupit,
1793 3054 1888 3110 sed

285 3165 353 3212 ιιι
401 3169 505 3209 non
551 3160 816 3223 perpetret
842 3194 857 3218 ,
887 3167 1000 3206 sua:
1045 3150 1320 3220 cupiditati
1361 3149 1586 3214 resistit;
1615 3165 1771 3217 quam
1799 3148 1888 3219 qui

284 3248 423 3304 talia
453 3246 588 3300 mala
617 3261 714 3300 nec
740 3245 928 3300 saltem
952 3244 1115 3312 cupit,
1149 3257 1254 3297 non
1286 3258 1380 3311 per
1408 3241 1888 3311 impossibilitatem

281 3338 496 3404 carnis,
527 3337 618 3394 sed
643 3353 736 3408 per
756 3336 1115 3391 smmuitatem
1141 3332 1849 3404 perfectionemquevirtutis
1873 3350 1887 3386 :

285 3433 409 3487 imo
457 3431 546 3484 ille
573 3432 642 3484 sit
666 3439 846 3484 castus
867 3471 881 3494 ,
915 3430 1014 3483 iste
1060 3436 1239 3483 autem
1287 3427 1506 3482 omnino
1535 3441 1633 3482 nec
1658 3426 1726 3480 sit
1751 3466 1766 3492 ,
1795 3425 1891 3479 scd

281 3537 421 3576 csse
449 3519 817 3575 tantummodo
860 3518 1135 3583 videatur;
1172 3518 1444 3588 quoniam,
1488 3517 1780 3572 secundum
1813 3526 1887 3583 te,

280 3614 338 3669 si
370 3621 551 3668 castus
593 3619 775 3676 esset,
806 3611 944 3666 mala
975 3611 1073 3665 ista
1115 3618 1335 3679 cuperet
1373 3624 1471 3679 per
1495 3619 1768 3674 naturam,
1794 3608 1890 3664 sed

281 3705 543 3762 eamdem
584 3705 881 3760 naturalem
919 3702 1262 3772 cupiditatem
1290 3703 1486 3757 virtute
1529 3702 1690 3756 animi
1735 3715 1894 3757 coer-

280 3805 465 3853 ceret.
499 3797 569 3851 lta
601 3796 692 3860 ﬂt,
722 3805 780 3852 ut
807 3805 858 3852 te
884 3795 971 3850 illa
1002 3795 1304 3859 horribilis,
1333 3794 1472 3849 sicut
1503 3792 1613 3863 jam
1644 3793 1893 3863 superius

279 3886 552 3954 ostendi,
602 3895 856 3956 sequatur
898 3884 1239 3951 absurditas,
1271 3893 1419 3938 tanto
1465 3898 1584 3939 esse
1627 3898 1894 3953 quemque

281 3977 575 4032 voluntate
599 3977 903 4041 castiorem,
933 3985 1131 4046 quanto
1169 3978 1423 4046 majorem
1452 3985 1656 4030 natura:
1692 3989 1802 4030 sua:
1825 3974 1892 4030 li-

279 4072 538 4130 bidinem
586 4070 798 4137 vicerit,
851 4085 952 4125 nec
997 4069 1048 4124 in
1078 4069 1285 4138 aliquos
1322 4082 1578 4124 excessus
1632 4067 1890 4132 luxuriae,

280 4162 596 4234 quamlibet
637 4161 723 4215 illa
767 4176 956 4230 magna
996 4160 1094 4226 sit,
1124 4159 1272 4214 exire
1309 4159 1612 4228 permiserit
1641 4176 1654 4213 :
1683 4159 1771 4230 qui
1800 4174 1896 4212 au-

282 4264 411 4309 tem
453 4253 715 4309 minorem
763 4251 1082 4322 ﬂagitiorum
1123 4251 1396 4307 libidinem
1443 4250 1690 4315 cohibet,
1718 4249 1894 4306 minus

279 4362 424 4404 esse
443 4357 671 4412 castum;
699 4345 949 4416 quoniam
972 4361 1130 4415 quem
1156 4360 1262 4399 non
1292 4344 1420 4400 libet
1448 4343 1586 4414 quod
1610 4359 1714 4398 non
1747 4343 1891 4406 licet.

275 4437 598 4495 secundum
643 4446 786 4492 tuam
832 4436 1184 4506 sapientiam,
1212 4433 1294 4490 vel
1338 4435 1512 4504 potius
1557 4435 1889 4499 amentiam,

274 4530 522 4586 omnino
553 4544 652 4584 nec
694 4536 873 4584 castus
901 4535 1003 4583 est.
1034 4527 1172 4582 Ecce
1197 4524 1337 4596 quod
1364 4523 1577 4580 Christo
1604 4524 1894 4591 importare

269 4623 515 4680 conaris
561 4622 745 4678 insane
768 4663 783 4688 ,
815 4630 872 4677 ut
895 4629 1080 4676 natura
1127 4619 1286 4674 fuerit
1309 4618 1545 4672 omnium
1573 4617 1894 4673 libidinosis-

271 4719 511 4781 simus,
565 4717 688 4786 quia
737 4717 805 4770 ita
850 4719 1032 4785 posset
1077 4713 1369 4768 Voluntatis
1415 4712 1610 4766 virtute
1653 4710 1890 4764 omnium

266 4823 426 4866 esse
455 4808 806 4864 eaStissimus.
849 4806 1022 4861 Tanto
1051 4805 1247 4875 quippe
1273 4805 1324 4858 in
1351 4818 1438 4868 eo,
1467 4802 1603 4858 sicut
1629 4801 1889 4870 dismitas,

265 4901 647 4958 continentia:
686 4900 903 4972 spiritus
954 4899 1125 4968 major
1160 4905 1308 4953 esset
1334 4897 1350 4927 ⁸
1371 4937 1386 4963 ,
1410 4904 1608 4965 quanto
1629 4892 1892 4964 majorem

261 4993 480 5048 carnis
525 4991 1012 5062 concupiscentiam
1058 4997 1350 5044 coerceret.
1397 4986 1478 5041 Ad
1518 4987 1660 5040 hunc
1719 4994 1771 5040 te
1814 4984 1894 5039 in-

267 5087 516 5144 teritum
543 5095 628 5140 tua
655 5093 899 5153 suscepta
929 5082 1146 5137 nimium
1173 5081 1361 5136 dilecta
1397 5079 1662 5151 perduxit.

373 5175 512 5234 LIII.
540 5175 660 5231 ιῐυι..
684 5176 783 5244 Qui
810 5175 908 5229 etsi
935 5182 1154 5244 propter
1180 5173 1389 5243 signum
1419 5180 1574 5226 natus
1601 5185 1666 5224 ex
1688 5167 1894 5240 virgine

1634 366 1834 424 LlBEll
1873 363 2220 434 QUARTUS.

3438 375 3580 432 I570

1983 483 2077 538 sed
2103 483 2247 555 quod
2275 483 2378 539 hoc
2407 492 2574 540 totum
2606 486 2801 543 virtute
2823 487 3022 543 mentis
3040 529 3054 555 ,
3088 502 3195 543 non
3219 491 3396 551 carnis
3423 490 3574 545 infir-

1981 574 2166 631 mitate
2194 576 2511 646 perfecerit,
2541 579 3028 649 concupiscentiam
3055 581 3231 636 carnis
3261 582 3422 638 totius
3449 598 3577 638 cor-

1983 667 2127 736 poris
2161 668 2455 724 immixtam
2498 671 2779 738 sensibus,
2805 680 2862 728 et
2885 673 3165 729 veritatem
3195 689 3259 730 ac
3295 676 3576 731 sanitatem

1981 760 2452 832 conditionemque
2491 763 2856 820 membrorum
2897 765 3060 820 fuisse
3082 765 3136 819 in
3157 779 3244 833 eo,
3273 774 3327 820 et
3353 781 3576 821 somnus

1981 850 2100 922 ejus
2121 892 2138 920 ,
2160 861 2215 907 et
2237 854 2388 909 cibus
2412 896 2428 920 ,
2459 864 2516 911 et
2544 855 2705 910 barba
2723 896 2740 924 ,
2782 866 2836 912 et
2859 856 3044 924 sudor,
3072 867 3128 913 et
3155 858 3326 926 labor,
3362 867 3417 914 et
3444 873 3578 914 crux

1983 950 2228 1010 testatur,
2274 953 2330 1000 et
2371 945 2579 1002 lancea.
2607 945 2723 1002 Non
2766 962 2897 1019 ergo
2943 963 3136 1005 sensus
3182 949 3425 1019 corporis
3471 965 3576 1004 non

1982 1031 2168 1090 habuit
2187 1034 2304 1102 ille,
2333 1035 2429 1092 sed
2474 1036 2632 1092 rexit.
2664 1037 2776 1094 lloc
2819 1047 2907 1094 est
2935 1039 3077 1095 unde
3110 1040 3405 1108 Gentibus,
3435 1040 3578 1096 unde

1982 1118 2291 1184 Manichaeis
2323 1128 2543 1185 insultat
2570 1131 2968 1187 Catholicorum
2999 1132 3130 1189 ﬁdes
3153 1173 3168 1198 ,
3198 1135 3321 1204 quia
3352 1132 3576 1188 verbum

1983 1231 2042 1276 ut
2085 1221 2259 1278 crucis
2293 1264 2309 1290 ,
2339 1223 2410 1277 ita
2435 1223 2611 1278 carnis
2639 1223 2756 1294 ejus
2779 1265 2796 1290 ,
2825 1224 3169 1294 pereuntibus
3197 1225 3421 1280 stultitia
3455 1233 3576 1290 est,

1982 1312 2145 1368 salvis
2163 1321 2342 1369 autem
2364 1311 2558 1370 futuris
2582 1315 2754 1370 virtus
2781 1315 2894 1371 Dei.
2923 1315 3038 1372 Hoc
3063 1326 3145 1373 est
3170 1333 3277 1388 quo
3301 1331 3580 1373 commen-

1983 1404 2127 1460 davit
2155 1405 2469 1462 charitatem
2501 1407 2518 1439 ί
2545 1422 2697 1462 suam
2742 1407 2796 1462 in
2833 1407 3017 1475 nobis;
3048 1409 3300 1479 quoniam
3345 1425 3465 1479 qua:
3495 1409 3577 1462 la-

1983 1505 2132 1552 eerat
2151 1497 2395 1567 impietas
2437 1497 2744 1565 Manichzei,
2777 1514 2840 1554 ea
2865 1499 3043 1554 omnia
3076 1499 3247 1569 pietas
3271 1497 3581 1555 Mediatoris

1984 1591 2291 1660 assumpsit.
2329 1589 2470 1645 Nihil
2513 1605 2642 1662 ergo
2669 1605 2758 1646 me
2793 1590 2958 1661 pudet
2986 1591 3040 1646 in
3073 1591 3301 1646 Domino
3332 1607 3491 1646 meo:
3525 1592 3578 1645 in

1983 1698 2104 1752 quae
2153 1690 2369 1752 propter
2415 1683 2641 1738 salutem
2678 1699 2850 1739 meam
2885 1685 3064 1751 venit,
3094 1694 3251 1740 teneo
3297 1685 3577 1740 veritatem

1985 1775 2386 1844 membrorum,
2424 1785 2481 1831 ut
2508 1776 2739 1848 exempli
2765 1777 2883 1848 ejus
2923 1777 3247 1834 soliditatem
3292 1793 3582 1849 arcemque

1985 1869 2292 1940 suscipiam.

2056 1962 2192 2018 Anc.
2220 1961 2376 2017 Aliud
2403 1970 2486 2018 est
2504 1963 2702 2018 veritas
2729 1963 3114 2029 membrorum,
3144 1979 3302 2034 quam
3327 1963 3578 2019 christia-

1986 2068 2090 2108 nus
2114 2054 2290 2108 omnis
2317 2055 2560 2124 agnoscit
2586 2055 2637 2109 in
2669 2054 2921 2110 Christo”
2956 2073 2970 2109 :
2994 2055 3138 2110 aliud
3165 2055 3429 2125 cupiditas
3456 2071 3583 2125 pce-

1986 2154 2225 2202 catorum
2245 2188 2261 2214 ,
2294 2162 2452 2217 quam
2493 2156 2550 2202 tu
2580 2147 2870 2218 importem
2898 2148 2978 2203 vis
3005 2148 3240 2203 Christo.
3274 2148 3416 2203 Dicis
3439 2148 3582 2203 enim

1986 2240 2481 2309 concupiscentiam
2506 2241 2714 2307 carnis,
2746 2240 2849 2296 hoc
2886 2249 2971 2296 est
2997 2241 3296 2310 libidinem,
3323 2257 3481 2313 quam
3515 2241 3584 2294 li-

1989 2331 2202 2387 bentius
2254 2347 2414 2386 vocas
2463 2333 2948 2403 concupiscentiam
2995 2333 3327 2398 naturalem,
3384 2332 3584 2387 bonum

1989 2438 2141 2488 esse;
2183 2431 2237 2478 et
2275 2424 2352 2477 sic
2379 2424 2556 2493 arguis
2579 2425 2697 2494 ejus
2739 2439 3020 2479 excessum
3047 2465 3064 2490 ,
3096 2432 3156 2479 ut
3196 2424 3440 2495 quisquis
3464 2440 3582 2478 eam

1988 2529 2279 2571 concessas
2323 2515 2456 2570 ﬂues
2513 2498 2812 2586 tranfgredi
2860 2515 3085 2581 siverit,
3141 2525 3390 2585 tanquam
3447 2515 3587 2569 male

1991 2620 2147 2662 utens
2175 2607 2336 2670 bono,
2365 2607 2576 2678 culpam
2615 2606 2897 2662 contrahat
2921 2623 2937 2673 ;
2970 2607 3210 2678 quisquis
3231 2615 3408 2661 autem
3439 2605 3585 2661 illam

1992 2715 2161 2772 usque
2199 2698 2266 2754 ad
2302 2699 2444 2754 licita
2483 2707 2537 2754 et
2565 2714 2822 2755 concessa
2865 2700 3111 2770 ingredi,
3144 2715 3242 2755 nec
3284 2701 3420 2754 ultra
3462 2715 3587 2771 pcr-

1991 2793 2198 2847 miserit
2224 2792 2244 2823 ³
2274 2791 2552 2861 progredi,
2590 2800 2841 2863 tanquam
2879 2792 3021 2848 bono
3069 2792 3208 2847 bene
3236 2801 3391 2847 utens
3435 2792 3590 2847 laude

1991 2887 2061 2940 sit
2105 2884 2317 2955 dignus.
2362 2883 2593 2939 Proinde
2636 2885 2884 2954 quoniam
2923 2883 3168 2939 videmus
3194 2885 3327 2938 alios
3373 2881 3442 2938 ita
3470 2899 3590 2940 esse

1993 2986 2170 3042 natos,
2198 2985 2256 3030 ut
2282 2976 2484 3046 majore
2509 2976 2730 3031 libidine
2757 2984 3065 3046 urgeantur,
3099 2976 3234 3032 alios
3258 2984 3315 3029 ut
3341 2976 3548 3031 minore
3569 3018 3585 3043 ,

1993 3069 2038 3125 si
2069 3068 2116 3124 ei
2139 3067 2448 3122 resistentes
2475 3066 2684 3136 utrique
2709 3066 2816 3122 sint
2842 3065 3007 3133 casti,
3032 3065 3240 3135 cogeris
3261 3065 3439 3120 dicere
3471 3066 3590 3121 illos

1993 3158 2196 3226 majore
2220 3198 2234 3222 ,
2263 3157 2408 3211 istos'
2427 3157 2633 3212 minore
2661 3156 2803 3211 bono
2833 3154 2971 3210 bene
3015 3156 3111 3209 uti.
3157 3155 3270 3210 Erit
3309 3155 3469 3225 igitur
3488 3197 3502 3222 ,
3535 3163 3588 3211 te

1993 3249 2234 3309 doctore.
2260 3248 2400 3301 bono
2421 3248 2524 3302 isto
2545 3255 2635 3300 tuo
2663 3247 2889 3317 quisque
2908 3255 3054 3301 tanto
3076 3246 3362 3316 copiosior,
3386 3255 3586 3316 quanto

1995 3338 2347 3404 libidinosior;
2377 3348 2430 3392 et
2461 3346 2608 3392 tanto
2634 3338 2949 3393 laboriosior
2991 3347 3174 3392 contra
3219 3352 3370 3392 suam
3411 3337 3590 3392 libidi-

1995 3446 2118 3486 nem
2146 3445 2242 3501 pro
2270 3431 2514 3484 castitate
2537 3423 2792 3484 certando
2816 3470 2830 3493 ,
2863 3438 3061 3498 quanto
3105 3428 3460 3483 abundantior
3495 3445 3590 3483 na-

1997 3523 2152 3579 turali
2182 3522 2283 3576 isto
2327 3521 2501 3587 bono;
2539 3530 2595 3576 et
2621 3519 2741 3576 ideo
2787 3521 2949 3575 etiam
2994 3529 3143 3575 tanto
3189 3520 3507 3576 laudabilior
3534 3523 3585 3577 in

1997 3613 2097 3668 hae
2123 3612 2318 3667 virtute
2338 3652 2352 3677 ,
2380 3620 2580 3681 quanto
2619 3610 2810 3665 fortius
2849 3610 3144 3666 reluctatur
3186 3611 3373 3681 majori
3404 3611 3586 3680 bono,

1994 3719 2154 3776 quam
2183 3703 2227 3758 si
2258 3703 2449 3757 minori
2502 3703 2878 3758 reluctaretur.
2926 3702 3060 3769 Quia
3093 3717 3222 3773 ergo
3247 3703 3495 3758 Christus
3534 3704 3586 3758 in

1995 3809 2155 3850 carne
2184 3793 2394 3849 mortali
2415 3796 2651 3848 omnium
2680 3794 2863 3864 procul
2890 3793 3054 3849 dubio
3069 3793 3402 3857 castissimus.
3428 3795 3585 3861 vixit,

1997 3895 2145 3943 tanto
2171 3888 2222 3942 ei
2253 3888 2508 3955 majorem
2541 3887 2814 3942 libidinem
2844 3887 2998 3942 dabis
3024 3889 3323 3942 naturalem
3343 3930 3358 3954 ,
3387 3899 3590 3959 quanto

1998 3981 2050 4035 in
2081 3981 2300 4037 libidine
2337 3979 2639 4036 cohibenda
2668 3995 2774 4034 non
2824 3989 2978 4049 potes
3001 3980 3262 4036 invenire
3289 3979 3589 4038 fortiorem.

1996 4073 2088 4130 Sic
2131 4073 2273 4128 enim
2320 4073 2436 4128 sine
2466 4072 2665 4127 fraudis
2707 4072 2933 4127 crimine
2961 4072 3073 4127 suis
3097 4073 3275 4138 dicet,
3309 4073 3588 4128 lmitamini

1996 4167 2292 4223 castitatem
2345 4180 2550 4230 meam,
2581 4171 2727 4220 certa
2777 4172 2982 4218 natura:
3021 4156 3217 4219 vestrm
3259 4165 3588 4220 irritamenta

1996 4258 2313 4314 vincentes:
2347 4256 2460 4311 luec
2504 4257 2702 4326 quippe
2744 4255 3074 4310 irritamenta
3122 4255 3259 4310 bona
3303 4264 3456 4320 sunt;
3495 4255 3590 4310 sed

1998 4361 2177 4405 tamen
2224 4347 2517 4404 cohibenda
2557 4356 2716 4416 atque
2745 4345 3038 4410 vincenda;
3081 4345 3217 4402 sicut
3251 4361 3351 4416 ego
3389 4347 3587 4415 habui,

1995 4443 2092 4500 scd
2149 4441 2360 4497 cohibui
2415 4439 2624 4510 vicique
2676 4439 2920 4509 majora;
2997 4453 3066 4494 ne
3120 4438 3366 4493 diceretis
3423 4439 3588 4506 mihi,

1997 4534 2123 4590 Ideo
2146 4532 2351 4598 vicisti,
2378 4531 2499 4586 ideo
2522 4530 2856 4587 castissimus
2885 4531 2937 4584 in
2969 4538 3054 4584 tua
3083 4529 3290 4584 mortali
3322 4544 3485 4584 carne
3508 4529 3585 4582 vi-

1995 4625 2117 4680 xisti
2141 4623 2427 4694 ,quoniam
2467 4631 2672 4676 naturae
2712 4619 2967 4676 felicitate
3015 4620 3264 4674 minimas
3311 4619 3588 4684 libidines,

1995 4728 2129 4785 quas
2154 4713 2430 4768 facillimae
2458 4711 2479 4744 ⁸
2507 4712 2751 4766 vinceres
2775 4751 2789 4776 ,
2819 4705 3072 4764 habuisti.
3116 4708 3303 4764 Estote
3332 4723 3460 4777 ergo
3501 4723 3592 4763 ea-

1995 4806 2062 4862 sti
2087 4847 2103 4872 ,
2131 4805 2254 4875 quia
2287 4811 2346 4857 ut
2375 4803 2526 4857 vobis
2553 4802 2621 4857 ad
2649 4817 2736 4855 me
2766 4800 3080 4855 imitandum
3119 4801 3392 4854 obstacula
3423 4793 3604 4855 exeu-"

1995 4895 2219 4952 sationis
2260 4893 2527 4948 auferrem
2556 4934 2570 4958 ,
2601 4891 2937 4946 libidinosior
2959 4890 3110 4945 vobis
3159 4890 3303 4946 nasci
3330 4891 3470 4946 volui
3494 4933 3508 4958 ,
3537 4901 3593 4947 et

1998 4995 2176 5042 tamen
2230 4984 2518 5040 maximam
2582 4982 2853 5039 libidinem
2902 4997 3074 5037 meam
3122 4997 3409 5059 concessos
3458 4984 3592 5040 flues

1997 5093 2264 5151 nunquam
2311 5079 2540 5133 transire
2583 5076 2825 5147 permisi.
2867 5075 2993 5132 ll:ee
3035 5075 3309 5132 horribilia
3352 5089 3589 5133 monstra

1997 5173 2207 5244 peperit
2233 5170 2456 5226 haeresis
2483 5178 2679 5225 vestra.

2068 5265 2202 5322 LIV.
2232 5265 2353 5322 Jun.
2384 5264 2622 5320 Prredico
2647 5278 2861 5319 onmem
2893 5263 2946 5317 in
2971 5276 3038 5317 eo
3063 5262 3400 5318 sanctitatem
3426 5261 3592 5319 bene-

1999 5361 2118 5416 ﬁcio
2142 5360 2334 5426 animi,
2365 5374 2471 5413 non
2497 5357 2675 5412 carnis
2711 5356 2924 5412 stetisse
2949 5355 3278 5427 prmjudicio.
3308 5355 3399 5412 Sic
3441 5356 3588 5412 enim

1997 5465 2052 5510 et
2075 5465 2260 5509 natura
2287 5461 2392 5507 tam
2436 5449 2744 5506 conditione
2781 5449 2898 5520 ejus
2923 5464 3081 5521 quam
3115 5448 3457 5520 susceptione
3486 5447 3583 5502 de-

257 5279 384 5326 cst
405 5310 420 5333 ,
469 5277 521 5322 ct
563 5278 738 5321 tamen
776 5266 847 5323 ita
877 5274 1154 5320 aversatus
1181 5281 1286 5319 non
1325 5273 1408 5320 cst
1435 5279 1620 5318 sexum
1647 5261 1890 5326 virilem,

253 5371 345 5418 ιιι
404 5359 523 5428 ejus
571 5358 865 5427 susciperet
894 5357 1212 5422 veritatem;
1247 5356 1450 5426 integer
1475 5370 1569 5425 per
1608 5351 1783 5408 omnia
1811 5352 1892 5405 vi-

249 5467 534 5515 scerum,
555 5451 761 5520 integer
789 5448 1062 5519 corporis,
1092 5447 1252 5502 homo
1282 5463 1463 5512 verus,
1491 5448 1573 5502 vir
1600 5446 1890 5518 perfectus,

243 5549 316 5605 si
366 5545 538 5602 Petro
567 5543 806 5613 apostolo
832 5542 1071 5598 creditur
1108 5541 1160 5596 in
1192 5543 1412 5596 Actibus
1445 5540 1725 5595 disserenti
1757 5538 1890 5612 (Art.

244 5659 298 5699 ιι
341 5679 364 5704 ,
410 5636 500 5700 22,
531 5636 624 5706 53)
645 5652 660 5701 ;
685 5634 881 5690 intacta
907 5635 1155 5689 castitate
1180 5634 1528 5703 conspicuus,
1562 5641 1617 5687 et
1656 5631 1891 5685 animum

236 5742 327 5788 ct
372 5727 570 5784 oetdos
599 5741 867 5797 nunquam
900 5725 1129 5780 remisso
1153 5724 1331 5780 cordis
1355 5725 1536 5795 vigore
1553 5722 1890 5782 custodiens:

2063 5607 2082 5676 ξ
2115 5605 2232 5676 aditi
2249 5641 2263 5665 ,
2280 5616 2509 5676 carnem;
2529 5604 2914 5676 repugnantibus
2935 5603 3294 5676 manuscriptis.

2055 5670 2082 5700 ¹
2115 5663 2277 5738 yignj,
2301 5664 2452 5738 omnis
2473 5663 2732 5738 (ignoscit;
2751 5665 2908 5737 aliud,
2943 5674 3058 5728 ctc.,
3080 5663 3276 5724 omiSso,
3299 5665 3351 5718 in
3382 5663 3588 5727 Christo.

1999 5729 2127 5795 quod
2147 5730 2454 5795 auctoritate
2472 5729 2575 5776 Mss.
2599 5730 2916 5795 restituimus.

2059 5793 2085 5824 ³
2116 5793 2188 5839 sic
2203 5799 2311 5839 Mss.
2337 5797 2384 5838 In
2409 5791 2564 5849 \‘ign.,
2584 5790 2692 5838 erit.

344 5862 371 5894 ¹
423 5861 495 5910 sic
518 5866 623 5910 Mss.
644 5858 763 5910 Editi
783 5871 910 5916 verr,
936 5855 1115 5922 species
1140 5855 1292 5920 nt'rjor
1317 5864 1399 5907 est.
2067 5857 2088 5886 δ
2119 5852 2275 5902 Codex
2304 5860 2448 5912 t‘ort.,
2475 5851 2716 5913 (militum.
