4124 6500
592 360 724 418 1371

590 472 849 540 tenditur,
873 480 930 528 et
957 470 1068 528 vita
1111 467 1390 524 hominum
1419 466 1672 520 virtutum
1720 461 1862 520 illius
1898 459 2194 518 imitatione

589 566 858 637 dirigitur.
887 565 962 621 De
989 564 1072 624 his
1099 561 1311 618 duobus
1340 576 1451 618 non
1488 567 1665 630 potest
1695 556 1926 613 alterum
1969 553 2086 610 sine
2111 551 2194 607 al-

593 660 766 718 terius
786 658 1014 715 veritate
1042 655 1250 712 laudari
1277 673 1290 709 :
1317 664 1519 714 tantum
1547 650 1719 708 aderit
1741 646 2014 718 dignitatis
2037 642 2190 716 operi

593 765 773 817 sacro,
802 757 1060 821 quantum
1095 747 1314 804 humani
1340 744 1580 815 corporis
1606 740 1839 800 adfuerit
1865 738 2114 801 veritati;
2141 743 2198 790 et

600 850 809 900 tantum
845 840 1022 896 aderit
1059 837 1357 894 defensioni
1397 833 1572 892 carnis
1597 875 1612 899 ,
1641 841 1906 904 quantum
1938 828 2196 887 sanctitas

600 932 1030 992 conversationis
1053 932 1309 1003 exegerit.
1333 931 1506 1000 Atque
1537 943 1567 983 e
1591 927 1814 998 regione
1830 967 1848 992 ,
1875 921 2196 994 vituperatio

599 1026 758 1082 unius
803 1026 1017 1098 utrique
1059 1023 1378 1094 participat:
1407 1019 1665 1092 quoniam
1705 1026 1909 1074 tantum
1940 1015 2008 1070 de
2031 1017 2200 1071 virtu-

599 1117 744 1173 tibus
773 1115 927 1185 ejus,
976 1122 1229 1185 quantum
1270 1111 1338 1168 de
1385 1109 1606 1166 artubus
1646 1109 1667 1143 ι
1707 1107 2019 1171 auferetur;
2047 1119 2111 1160 ac
2149 1103 2196 1158 si

598 1208 724 1279 quid
750 1207 819 1278 de
853 1207 1168 1265 substantia:
1204 1203 1377 1262 solido
1420 1202 1669 1266 radatur,
1699 1200 1948 1258 universa
1986 1211 2197 1254 morum

598 1309 920 1358 ornamenta
965 1300 1290 1370 depereunt,
1329 1306 1487 1367 atque
1532 1295 1598 1351 ad
1623 1290 1905 1351 tolerantis
1945 1289 2198 1361 injuriam

600 1402 884 1451 recurrunt
927 1393 1120 1450 damna
1162 1391 1432 1463 nascentis
1458 1407 1472 1444 :
1501 1397 1773 1460 postremo
1805 1385 1852 1441 si
1877 1384 2056 1442 carnis
2077 1382 2199 1454 ejus

599 1485 894 1544 substantia
941 1485 1115 1555 aliqua
1165 1482 1484 1540 naturalium
1541 1479 1822 1549 ereptione
1856 1478 1878 1511 ³
1906 1485 2193 1540 tenuetur,

600 1579 848 1633 universa
891 1577 1163 1634 evanescit
1202 1589 1396 1644 potnpa
1451 1573 1726 1628 virtutum.
1778 1568 1920 1627 Nihil
1968 1583 2097 1638 ergo
2142 1567 2200 1622 in

599 1668 858 1725 membris
898 1667 1208 1724 Mediatoris
1237 1666 1357 1722 facti
1384 1680 1454 1720 ex
1484 1663 1706 1720 muliere
1729 1704 1746 1729 ,
1779 1660 1921 1732 quod
1955 1660 2197 1716 naturale

594 1767 841 1826 constat,
875 1758 1102 1829 negabo.
1146 1758 1214 1813 Et
1238 1756 1357 1816 vide
1399 1771 1558 1827 quam
1589 1753 1787 1814 diversi
1826 1753 1934 1810 sint
1975 1749 2198 1808 rationis

594 1850 848 1916 termini,
895 1865 1055 1920 quam
1102 1849 1322 1919 pudoris
1352 1865 1366 1901 :
1397 1863 1506 1902 non
1555 1845 1825 1901 erubescit
1866 1843 1997 1903 ﬁdes
2035 1841 2195 1904 Chri-

589 1938 887 1998 stianorum
909 1981 927 2010 ,
955 1941 1137 1998 dicere
1161 1940 1435 1996 Christum
1465 1938 1719 1994 habuisse
1743 1936 1993 2006 genitalia
2019 1952 2034 2001 ;
2065 1950 2190 1991 cum

594 2045 771 2091 tamen
814 2051 881 2092 ea
923 2035 980 2092 in
1018 2033 1217 2100 nobis,
1261 2047 1420 2104 quam
1464 2029 1842 2088 honestissime
1871 2042 2194 2099 possumus,

593 2129 929 2184 occulamus.

661 2220 799 2277 Anc.
827 2218 946 2276 Non
993 2217 1210 2290 quidem
1251 2215 1524 2274 erubescit
1567 2213 1702 2270 ﬁdes
1724 2211 2192 2277 Christianorum,

587 2311 771 2368 dicere
808 2310 1081 2367 Christum
1125 2309 1378 2366 habuisse
1399 2303 1650 2379 genitalia
1702 2323 1718 2361 :
1757 2303 1853 2362 sed
1906 2315 1963 2360 tu
2002 2303 2198 2361 erube-

590 2417 748 2459 scere
775 2402 1040 2468 debuisti,
1070 2401 1149 2455 vel
1173 2399 1348 2471 potius
1373 2398 1825 2462 contremiscere,
1855 2411 1923 2451 ne
1945 2394 2154 2450 diceres
2174 2392 2196 2425 ³

591 2494 792 2551 Christi
829 2494 1081 2566 genitalia
1137 2492 1455 2563 aliquando,
1494 2495 1568 2547 et
1616 2490 1835 2545 nolente
1886 2488 2003 2559 ipso
2067 2488 2195 2558 (non

586 2588 737 2644 .enim
760 2587 865 2642 hoe
895 2601 1128 2657 unquam
1173 2584 1310 2641 velle
1336 2583 1610 2640 debuisset
1643 2582 1732 2652 qui
1764 2580 1924 2636 vitam
1950 2579 2194 2636 cmlihcm

593 2675 807 2752 duxit),
854 2687 1032 2734 tamen
1077 2675 1297 2733 libidine
1342 2674 1509 2732 fuisse
1551 2681 1855 2738 commota,
1898 2678 1952 2726 et
1979 2671 2032 2725 in
2058 2685 2196 2724 non-

599 2769 780 2826 nullos
827 2769 1042 2825 illicitos
1071 2783 1198 2824 usus
1226 2774 1411 2824 contra
1436 2765 1557 2835 ejus
1593 2771 1836 2819 sanctum
1865 2761 2196 2833 propositum

593 2875 658 2917 se
685 2859 828 2916 illam
865 2868 1072 2929 partem
1107 2857 1279 2915 sancti
1307 2859 1424 2929 ejus
1457 2855 1698 2926 corporis
1727 2857 1983 2910 erexisse.
2012 2853 2196 2909 Talem

593 2952 792 3023 quippe
831 2951 1106 3008 libidinem
1147 2951 1346 3021 patitur
1371 2948 1535 3005 etiam
1562 2963 1724 3004 omne
1764 2962 1935 3018 genus
1977 2952 2196 3003 saneto-

592 3057 751 3110 rum,
797 3042 1010 3113 qualem
1047 3042 1244 3098 Sancto
1288 3049 1597 3097 mundorum
1635 3038 1848 3095 conaris
1891 3038 2108 3094 inferre.
2133 3031 2193 3090 Si

591 3150 723 3191 vero
748 3135 999 3206 genitalia
1026 3134 1219 3190 Christi
1249 3135 1366 3206 ipso
1421 3133 1586 3188 invito
1622 3129 1950 3188 commoveri
1977 3135 2038 3184 et
2061 3127 2197 3200 erigi

585 3230 770 3288 solere
786 3229 807 3261 ⁸
827 3228 1075 3296 libidine,
1093 3244 1200 3286 non
1210 3227 1380 3286 audes
1394 3226 1611 3293 dicere;
1639 3239 1737 3282 cur
1760 3222 1927 3280 audes
1950 3221 2194 3290 credere,

593 3321 809 3388 infelix,
858 3337 958 3379 cur
999 3321 1174 3377 audes
1216 3320 1378 3382 talem
1426 3318 1704 3375 libidinem
1749 3327 1955 3374 natura
1998 3313 2197 3372 Christi

593 3416 866 3482 tribuere,
911 3413 1140 3485 utquod
1177 3428 1288 3471 non
1321 3411 1486 3468 audes
1525 3410 1708 3468 dicere
1727 3451 1743 3478 ,
1771 3407 2067 3480 compellas
2095 3406 2199 3466 ho-

586 3509 768 3566 mines
791 3507 1070 3580 cogitare?

663 3601 775 3658 LV.
801 3600 923 3657 ⁴ιυι..
952 3599 1030 3654 lta
1059 3609 1243 3656 natura
1269 3597 1596 3669 prescripsit
1625 3610 1748 3652 esse
1769 3593 2052 3665 qutedam,
2078 3605 2198 3664 quae

586 3703 656 3750 .ut
679 3693 848 3762 ratio,
881 3693 949 3748 ita
978 3691 1112 3748 ﬁdes
1131 3707 1254 3746 cum
1287 3690 1544 3760 religione
1570 3687 1906 3759 pronuntiet;
1936 3698 1992 3743 et
2017 3694 2196 3743 tamen

595 3783 768 3856 pudor
792 3792 848 3838 et
871 3783 1120 3840 decentia
1141 3780 1566 3838 conversationis
1589 3779 1758 3836 oculis
1786 3793 1895 3836 non
1925 3777 2200 3848 permittat

586 3875 814 3946 exponi.
849 3874 962 3932 Hoc
994 3872 1154 3928 modo
1183 3872 1431 3943 Magister
1455 3871 1615 3926 etiam
1641 3869 1895 3926 Gentium
1919 3869 2197 3925 veritatem

593 3967 746 4022 carni
774 3966 891 4036 ejus
915 3966 1183 4036 assignat,
1211 3973 1270 4019 et
1291 3963 1503 4033 spiritui
1534 3963 1891 4020 sanctitatem.
1925 3962 2194 4034 Magnum,

593 4060 807 4130 inquit,
855 4059 1054 4130 pietatis
1077 4066 1452 4112 sacrantequ
1472 4098 1486 4122 ,
1524 4057 1665 4129 quod
1701 4055 2082 4127 mnifestatum
2123 4065 2197 4112 cst

594 4154 858 4218 incarue,
881 4151 1224 4222 justi/Scutqu
1260 4158 1335 4204 est
1361 4150 1415 4204 iu
1447 4149 1631 4220 spiritu
1650 4190 1663 4213 ,
1699 4148 1942 4219 apparuit
1968 4149 2196 4221 Angelis,

593 4244 931 4315 pratdicatum
957 4253 1033 4297 est
1055 4242 1357 4314 ingentibus
1376 4283 1391 4307 ,
1420 4242 1669 4298 creditum
1688 4249 1762 4296 est
1789 4242 1841 4296 in
1867 4241 1962 4297 hoc
1985 4243 2198 4310 mundo,

597 4343 918 4406 assumptum
938 4344 1011 4390 est
1029 4335 1083 4388 in
1108 4335 1291 4405 gloria.
1314 4333 1466 4402 Quod
1489 4333 1627 4389 sicut
1649 4333 2050 4394 commendavit
2073 4349 2194 4392 cum

601 4427 827 4480 veritate
866 4425 1228 4488 credendum,
1270 4426 1346 4480 ita
1385 4427 1783 4496 impugnatores
1822 4425 1941 4496 ejus
1989 4428 2041 4482 iu
2090 4426 2196 4486 line

600 4516 935 4572 denuntiavit
975 4516 1159 4572 saeculi
1187 4516 1489 4574 nasciturus
1518 4534 1532 4571 :
1559 4532 1681 4572 nam
1706 4517 1888 4574 statim
1917 4519 2190 4590 sequitur.

600 4609 669 4666 In
693 4610 978 4665 novissimis
1003 4619 1170 4665 autem
1197 4609 1500 4681 tumoribus
1516 4609 1751 4665 recedent
1777 4610 1987 4681 quidam
2011 4628 2042 4665 a
2066 4619 2190 4690 ﬁde,

595 4703 910 4759 attendentes
936 4702 1200 4774 spiritibus
1225 4703 1602 4770 seductoribus,
1629 4702 1875 4760 doctrinis
1913 4703 2196 4759 daemoniov

594 4814 712 4852 rum
756 4797 810 4852 in
855 4796 1114 4870 hypocrisi
1161 4795 1430 4855 mendacia
1471 4797 1815 4869 (aquatilium,
1863 4797 2195 4852 canteriatant

596 4891 833 4948 [iubentes
871 4891 1227 4946 conscientiam
1247 4931 1263 4956 ,
1293 4889 1666 4960 prohibentium
1696 4890 1916 4954 nubere,
1949 4889 2196 4944 abstinere

595 5001 629 5038 a
655 4984 808 5049 cibis,
853 5000 981 5054 quos
1010 4983 1149 5040 Deus
1191 4983 1378 5041 asciuit
1404 4982 1473 5037 ad
1497 4981 1884 5052 percipiendum
1925 4996 2042 5034 cum
2068 4996 2194 5051 gra-

597 5078 784 5131 tiarum
803 5076 1002 5132 actione
1022 5075 1257 5146 fidelibus
1274 5116 1290 5142 ,
1331 5083 1378 5132 et
1404 5073 1484 5128 Itis
1504 5072 1591 5142 qui
1620 5081 1962 5143 cognouerunt
2003 5073 2193 5126 verita-

597 5179 732 5236 teut;
752 5169 986 5238 quoniam
1013 5168 1177 5224 omnis
1196 5176 1429 5223 creatura
1451 5164 1549 5218 Dei
1573 5164 1705 5218 bona
1735 5164 1778 5234 (Ι
1811 5163 1947 5218 Tim.
1975 5179 2060 5228 tu,
2088 5164 2192 5232 £6;

595 5275 681 5329 tv,
725 5263 807 5334 4).
845 5263 998 5319 ilanc
1043 5277 1170 5333 ergo
1235 5258 1598 5320 Ecclesiarum
1640 5255 2148 5312 contaminationcm
2175 5299 2190 5324 ,

595 5371 754 5426 quam
789 5356 866 5413 de
895 5353 1173 5416 Manteltmi
1204 5346 1610 5409 consectatione
1637 5346 1922 5413 vomuisti,
1967 5355 2022 5402 et
2058 5348 2193 5404 hanc

658 5532 674 5564 '
707 5532 782 5583 sic
812 5539 919 5582 uss.
944 5529 1084 5587 Editi,
1102 5525 1168 5595 de
1190 5519 1397 5574 natibus.

654 5595 677 5626 ⁸
710 5601 757 5644 ιιι
784 5603 910 5652 Mss,
933 5593 1236 5651 exceptione.
1393 5617 1398 5623 -
1882 5641 1895 5652 _

655 5656 677 5688 ⁸
709 5657 847 5714 aliti,
869 5667 957 5705 nec
984 5651 1180 5714 dicere;
1207 5653 1259 5696 et
1281 5643 1425 5710 paulo
1446 5646 1574 5706 post,
1597 5641 1715 5694 velle
1747 5639 1987 5694 debuisse.
2021 5647 2191 5695 Fanen-

591 5715 766 5767 dautur
785 5711 1000 5780 utroque
1026 5711 1134 5759 1000
1158 5720 1218 5778 (ξι
1242 5714 1358 5780 “iss-7
1387 5778 1393 5780 _
1503 5767 1513 5777 .
1550 5779 1558 5780 κ
1671 5775 1682 5780 ,
1761 5767 1774 5780 .
1812 5767 1824 5780 .

593 5781 697 5889 alii
711 5781 868 5842 νίίςιιἸ
894 5767 1188 5828 c'mumovcri
1207 5767 1362 5820 solere
1381 5778 1397 5830 ;
1419 5767 1617 5830 ciuisse,
1638 5775 1682 5820 ct
1700 5767 1841 5832 erigi,
1856 5768 1984 5832 quod
2004 5782 2064 5818 ex
2084 5776 2186 5817 \tss.

702 5854 824 5890 Inus.

1268 348 1518 408 OPERIS
1544 341 1962 404 IMPERFECTI
1999 340 2195 400 CONTJ

2299 341 2687 404 JUI‘JANPYM.
2725 343 2783 402 S.
2825 342 3190 404 Αθουετιῖιι

3744 359 3868 415 1372

2301 470 2334 512 a
2359 455 2465 514 ﬁde
2491 457 2854 517 recedentium
2884 462 3376 532 pravaricstiouen
3392 507 3410 535 ,
3436 479 3558 539 qna:
3581 469 3637 530 in
3665 482 3866 530 natura-

2303 547 2370 603 lis
2399 549 2524 604 mali
2554 552 2928 620 praedicatione
2961 561 3017 611 et
3059 558 3112 612 in
3153 559 3550 617 commixtionis
3593 567 3874 638 coniugalis

2302 638 2643 698 damnatione
2679 645 2960 714 consistit,
2983 656 3040 703 et
3063 649 3348 718 Apostolus
3373 653 3618 722 praevidit
3641 668 3699 714 at
3725 663 3871 731 puni-

2301 735 2411 802 vit,
2440 751 2546 790 non
2572 737 2748 794 solum
2790 741 2917 810 quid
2955 741 3252 812 diceretur,
3293 747 3398 804 sed
3419 749 3580 805 etiam
3610 753 3735 823 quid
3759 746 3874 812 ὅθι-

2301 839 2618 900 sequeretur
2644 834 2955 890 ostendens.

2372 922 2508 978 Anc.
2537 923 2604 978 Et
2628 933 2803 984 tamen
2835 935 2926 995 tu,
2963 928 3054 999 qui
3090 943 3198 989 non
3219 939 3374 1003 potes
3398 933 3504 990 nisi
3544 946 3754 996 ructare
3792 955 3873 996 ca-

2303 1013 2565 1086 lumnias,
2617 1028 2674 1075 et
2727 1035 2947 1078 vomere
2991 1026 3373 1096 contumelias,
3415 1029 3596 1087 verbis
3637 1031 3868 1092 catholici

2303 1105 2537 1163 hominis
2563 1109 2698 1180 Dei,
2723 1127 2883 1184 quem
2921 1113 3274 1172 Manicheum
3315 1134 3423 1174 non
3469 1129 3620 1191 potes
3657 1122 3866 1192 dicere,

2301 1215 2408 1258 non
2451 1215 2614 1260 ausus
2639 1217 2700 1259 es
2726 1205 3095 1264 contradicere
3114 1250 3129 1276 ,
3160 1207 3470 1268 snﬂocantis
3495 1220 3580 1280 te,
3609 1223 3769 1286 atque
3793 1216 3870 1273 di-

2301 1294 2506 1360 centis,
2537 1311 2604 1352 ex
2647 1299 3032 1356 commixtione
3077 1302 3241 1367 maris
3283 1311 3343 1360 et
3384 1304 3594 1360 femina:
3620 1306 3764 1362 nasci
3788 1324 3871 1364 es-

2300 1393 2511 1456 pertem
2531 1385 2712 1444 delicti
2740 1391 3008 1447 neminem
3033 1406 3191 1462 posse
3213 1390 3550 1467 (Ambrosius,
3569 1397 3623 1452 in
3649 1396 3869 1472 Isaiam).

2298 1475 2541 1548 Namque
2569 1478 2669 1534 ista
2697 1480 2858 1536 verba
2887 1481 3006 1552 ejus
3046 1491 3106 1538 et
3143 1483 3197 1538 in
3223 1485 3397 1554 primo
3423 1485 3490 1540 ad
3520 1486 3786 1543 Valerium
3810 1489 3868 1545 li-

2300 1568 2400 1624 bro
2441 1572 2886 1641 commemoravi,
2917 1589 3076 1645 quem
3123 1575 3278 1632 libris
3300 1585 3527 1647 quatuor
3569 1578 3883 1651 redarguere

2299 1670 2562 1728 cenatus,
2613 1663 2900 1735 quidquam
2948 1665 3074 1721 inde
3119 1667 3383 1739 attingere
3430 1669 3690 1738 timuisti;
3736 1682 3790 1726 et
3822 1673 3868 1727 iu

2302 1751 2438 1821 isto,
2466 1753 2554 1809 cui
2595 1770 2737 1810 nunc
2771 1757 3066 1828 respondes
3085 1799 3102 1826 ,
3129 1759 3317 1814 eadem
3348 1760 3461 1830 ipsa
3492 1776 3596 1817 non
3618 1763 3752 1818 tacui
3781 1762 3876 1832 (De

2301 1841 2514 1916 Nuptiis
2555 1854 2601 1901 et
2639 1845 3089 1920 Concupiscentia,
3133 1850 3222 1905 lib.
3253 1851 3318 1917 l,
3368 1869 3427 1906 η.
3453 1851 3554 1920 40,
3599 1863 3647 1908 et
3683 1854 3769 1908 lib.
3807 1854 3874 1920 2,

2299 1955 2389 1992 nu.
2418 1939 2486 1994 l4
2507 1978 2523 2004 ,
2560 1939 2649 2010 i5)
2669 1981 2684 2006 ,
2709 1949 2765 1996 et
2793 1939 3050 1996 adversus
3080 1941 3169 1996 illa
3194 1941 3369 1998 adhuc
3396 1953 3573 2000 mutus
3591 1983 3606 2010 ,
3645 1948 3881 2015 quamvis

2299 2027 2418 2099 ejus
2444 2029 2661 2086 nomine
2688 2031 2879 2098 tacito,
2925 2031 3015 2088 cui
3040 2033 3316 2089 adversari
3345 2035 3520 2105 palam
3549 2050 3658 2092 non
3683 2038 3842 2092 audes
3863 2079 3876 2101 ,

2299 2118 2442 2176 hunc
2469 2121 2521 2176 in
2546 2137 2634 2178 me
2654 2138 2759 2176 non
2782 2123 2977 2180 metuis
3003 2123 3301 2182 criminari.

2370 2212 2504 2268 LVI.
2531 2212 2651 2270 Jun.
2677 2213 2813 2270 Nam
2843 2215 2945 2272 hoc
2968 2217 3110 2288 quod
3136 2217 3212 2272 ait
3229 2259 3244 2285 ,
3278 2218 3546 2276 abstinere
3568 2234 3598 2275 a
3621 2219 3754 2276 cibis
3777 2222 3870 2277 do-

2299 2303 2528 2360 cendum
2572 2305 2721 2374 fore,
2771 2321 2878 2362 non
2921 2307 3103 2380 utique
3153 2309 3294 2380 apud
3340 2310 3652 2380 prudentem
3707 2314 3873 2384 arguit

2298 2394 2727 2454 Christianorum
2775 2399 3126 2469 parcitatem,
3155 2410 3247 2456 aut
3280 2401 3557 2458 denuntiat
3587 2419 3744 2476 posse
3768 2405 3870 2460 exi-

2298 2494 2443 2543 stere
2473 2487 2720 2544 homines
2765 2491 2855 2560 qui
2897 2490 3091 2548 inedia:
3117 2492 3406 2550 discrimen
3444 2495 3680 2552 indicaut
3727 2513 3741 2549 :
3787 2499 3886 2553 sed.

2299 2578 2553 2648 omeudit,
2581 2581 2834 2651 quoniam
2858 2596 2981 2638 cum
3012 2583 3371 2654 exorirentur,
3398 2586 3487 2657 qui
3507 2587 3741 2642 dicereut
3764 2589 3876 2642 ani-

2301 2671 2457 2728 malia
2483 2674 2663 2728 omnia
2702 2674 2932 2730 victibus
2955 2691 2986 2729 a
3018 2676 3129 2732 Deo
3166 2689 3343 2733 creata
3387 2679 3720 2746 mortalium,
3764 2681 3881 2752 quia

2299 2759 2370 2816 de
2391 2763 2821 2832 concupiscentia
2847 2773 2902 2820 et
2924 2766 3305 2822 commixtione
3329 2783 3487 2824 sexus
3507 2779 3848 2826 nascerentur
3862 2814 3879 2839 ,

2299 2851 2564 2910 diabolico
2585 2854 2730 2910 malo
2774 2869 2896 2913 esse
2925 2856 3154 2927 polhtta,
3184 2857 3313 2931 quid
3353 2869 3765 2932 consequeretur
3787 2877 3882 2918 ex-

2299 2947 2526 3017 pressit,
2571 2947 2821 3006 videlicet
2869 2951 3284 3007 renuntiandum
3326 2968 3448 3009 esse
3495 2955 3793 3021 alimentis,
3837 2958 3891 3012 si-

2299 3053 2485 3097 eorum
2534 3043 2843 3114 propagatio
2873 3043 3134 3100 diabolica
3181 3045 3509 3104 crederetur.
3555 3048 3705 3105 Unde
3733 3060 3786 3106 et
3829 3062 3892 3107 tu.

2299 3130 2438 3187 hanc
2481 3131 2880 3191 int‘amationem
2909 3136 3306 3192 commixtionis
3347 3151 3628 3210 corporum
3667 3140 3735 3195 ab
3773 3143 3886 3196 ani-

2301 3222 2527 3279 malibus
2568 3239 2851 3290 removes,
2898 3235 2957 3280 ut
2997 3226 3254 3283 subsistat
3277 3229 3417 3286 ratio
3444 3231 3744 3286 simulandi.
3777 3232 3882 3288 llo-

2300 3313 2474 3370 mines
2496 3321 2672 3370 tamen
2696 3317 2787 3386 qui
2813 3317 2883 3372 ad
2911 3317 3194 3390 imaginem
3219 3320 3314 3376 Dei
3344 3321 3466 3378 t‘acti
3493 3332 3640 3390 sunt,
3670 3334 3885 3397 propter

2299 3403 2440 3462 hanc
2486 3405 2658 3476 ipsam
2704 3410 3192 3480 concupiscentiam
3217 3415 3612 3484 generantium,
3659 3416 3788 3472 dicis
3817 3418 3890 3475 ad

2292 3497 2385 3569 jus
2404 3500 2664 3558 damonis
2689 3503 2978 3574 pertinere.
3008 3504 3184 3561 Atnbo
3210 3507 3387 3579 igitur,
3412 3517 3466 3564 tu
3490 3516 3546 3564 et
3571 3509 3892 3566 Manichtcus

2301 3607 2463 3650 unam
2493 3592 2701 3651 habetis
2722 3611 2941 3652 causam
2967 3597 3386 3654 substantiarum
3419 3600 3884 3671 vituperandorum

2299 3696 2357 3743 et
2399 3688 2920 3744 transcribendarum
2961 3689 3178 3746 diabolo
3216 3707 3231 3746 :
3261 3691 3354 3748 sed
3393 3691 3483 3748 ille
3510 3703 3722 3765 propter
3749 3693 3886 3750 hanc

2299 3778 2636 3836 aﬂ‘ectionem
2675 3796 2795 3852 qua:
2823 3781 3052 3837 sentitur
3075 3782 3128 3838 in
3165 3785 3394 3840 naturali
3435 3798 3628 3855 opere,
3673 3787 3886 3841 univer-

2299 3887 2389 3927 sas
2420 3873 2438 3905 ⁸
2467 3871 2689 3927 damnat
2715 3873 3048 3939 animantes;
3095 3884 3152 3930 tu
3180 3884 3358 3931 autem
3401 3890 3506 3931 non
3548 3877 3893 3943 omnes,scd

2299 3963 2444 4036 quod
2468 3973 2552 4020 est
2584 3963 2810 4031 Radius,
2842 3965 3112 4021 meliores.
3139 3966 3385 4022 Absolvis
3423 3967 3566 4023 enim
3609 3983 3731 4024 sues
3751 4010 3766 4036 ,
3795 3983 3891 4024 ca-

2297 4071 2434 4124 nes,
2477 4065 2530 4113 et
2557 4058 2770 4126 asinos,
2823 4067 2881 4112 ut
2925 4055 3250 4114 Maniclueos
3276 4059 3445 4114 vitare
3483 4059 3744 4126 videaris;
3791 4060 3886 4115 sed

2297 4149 2557 4218 damnas,
2591 4159 2808 4220 propter
2835 4151 2939 4206 hoc
2966 4151 3105 4206 idem
3135 4151 3276 4222 quod
3319 4151 3674 4221 Mauichams,
3701 4168 3888 4209 omnes

2301 4242 2548 4299 homines
2587 4243 2678 4313 qui
2714 4243 2782 4298 ad
2824 4244 3108 4314 imaginem
3155 4244 3247 4299 llei
3293 4243 3414 4300 facti
3446 4254 3612 4299 sunt:
3657 4261 3719 4299 ac
3766 4261 3892 4299 nus-

2295 4349 2460 4405 quam
2514 4333 2715 4390 malum
2773 4335 3015 4390 naturale
3054 4337 3385 4391 constituens
3427 4336 3530 4391 nisi
3573 4337 3626 4391 in
3665 4337 3890 4406 imagine

2298 4423 2434 4492 Dei,
2463 4424 2801 4480 concionaris
2825 4435 3010 4482 contra
3039 4441 3137 4481 nos
3155 4467 3170 4492 ,
3200 4436 3477 4483 accusator
3499 4439 3800 4483 sanctorum
3826 4438 3882 4483 et

2303 4525 2558 4586 patronus
2584 4516 2881 4571 asinorum.

2371 4608 2507 4664 Atto.
2534 4607 2670 4675 Quid
2699 4617 2783 4664 est
2828 4608 2968 4679 quod
3009 4608 3179 4678 dicis,
3207 4610 3559 4666 calumniator
3594 4609 3892 4666 Catholico-

2298 4715 2418 4754 rum
2445 4709 2500 4755 et
2541 4699 2755 4770 adjutor
2798 4700 3248 4757 Manichaeorum?
3275 4703 3402 4774 quid
3429 4711 3514 4759 est
3553 4703 3689 4773 quod
3716 4703 3892 4757 dicis?

2300 4808 2459 4863 quem
2491 4801 2654 4849 tantae
2697 4793 3009 4849 stoliditatis
3035 4794 3237 4864 pudere
3264 4795 3519 4860 deberet,
3561 4795 3764 4850 etiamsi
3797 4795 3891 4848 tibi

2299 4885 2505 4940 asinina
2552 4884 2701 4941 fl‘Ol’lS
2743 4895 2906 4941 esset.
2951 4885 3142 4942 Nonne
3184 4897 3463 4943 accusator
3497 4896 3794 4942 sanctorum
3840 4896 3896 4941 et

2303 4982 2560 5044 patronus
2583 4976 2854 5031 asinorum
2875 5018 2891 5042 ,
2922 4977 2990 5032 ab
3027 4977 3247 5033 homine
3272 4978 3429 5049 hujus
3451 4978 3628 5034 cordis
3664 4978 3816 5048 cujus
3842 4986 3897 5031 et

2302 5067 2417 5137 ipse
2441 5084 2534 5134 es,
2567 5070 2825 5142 appellari
2864 5079 3078 5141 posset,
3105 5071 3194 5142 qui
3219 5071 3458 5137 diceret,
3482 5073 3773 5144 ignorantia
3803 5088 3897 5126 ve-

2300 5161 2473 5216 ritatis
2513 5160 2756 5218 homines
2801 5161 2915 5218 ﬁeri
2943 5163 3170 5218 miseros
3218 5178 3408 5235 posse,
3438 5164 3616 5219 asinos
3641 5179 3768 5220 vero
3795 5179 3897 5220 nc-

2302 5251 2524 5308 sciendo
2555 5252 2834 5308 veritatem
2861 5254 3088 5310 miseros
3113 5269 3234 5311 esse
3259 5271 3363 5310 non
3394 5255 3591 5326 posse?
3619 5255 3684 5311 Et
3712 5265 3892 5310 tamen

2303 5345 2580 5400 verissime
2629 5344 2848 5401 diceret.
2892 5346 3003 5402 Cur
3045 5362 3176 5419 ergo
3220 5364 3326 5403 non
3373 5349 3649 5420 intelligis,
3697 5348 3892 5411 asine,

2301 5435 2546 5490 similiter
2575 5450 2693 5491 esse
2721 5453 2937 5503 verum,
2969 5454 3036 5494 ex
3065 5441 3445 5496 commixtione
3470 5441 3630 5494 maris
3656 5448 3708 5494 et
3733 5438 3895 5494 {etni-

2305 5541 2389 5581 na:
2412 5535 2661 5597 expertes
2695 5527 2873 5585 delicti
2903 5529 3150 5587 homines
3178 5533 3321 5586 nasci
3355 5547 3459 5587 non
3488 5546 3674 5601 posse,
3702 5539 3755 5587 et
3781 5531 3899 5585 asi-

2303 5634 2402 5675 nos
2425 5621 2618 5692 posse?
2643 5622 2724 5678 An
2753 5623 2874 5678 ideo
2905 5631 2958 5679 te
2986 5623 3264 5680 arbitraris
3289 5624 3525 5696 eﬂ'ugere
3553 5626 3902 5694 insequentes

2302 5711 2485 5785 plagas
2523 5715 2858 5770 auctoritatis
2905 5725 3066 5786 atque
3115 5718 3369 5785 rationis,
3403 5717 3522 5790 quia
3551 5717 3606 5773 in
3635 5717 3903 5774 societate

2367 5827 2383 5859 ί
2418 5826 2490 5877 sic
2513 5834 2616 5878 Mss.
2640 5835 2689 5879 In
2706 5829 2863 5892 t'ign.,
2890 5827 3151 5882 miratos.
