4124 6510
294 403 436 472 1373

295 513 530 578 libidinis
550 553 570 580 ,
601 509 673 570 ad
709 523 927 568 currum
956 505 1034 566 tui
1077 502 1310 571 erroris,
1335 499 1584 562 homines
1605 509 1661 558 et
1701 500 1880 559 asilus

293 607 508 682 lungis‘l
545 604 666 664 Non
701 602 776 674 de
804 599 1086 676 pecoribus
1104 639 1123 667 ,
1149 595 1248 654 sed
1272 593 1341 654 de
1366 593 1669 652 hominibus
1691 593 1882 664 Ion-ue-

297 705 454 762 hatur
477 697 795 760 Ambrosius
812 736 829 762 ,
857 693 946 752 ubi
973 692 1088 750 ait:
1121 708 1144 745 ι
1173 689 1456 748 Servatum
1484 694 1570 744 est
1591 685 1791 758 igitur,
1822 693 1885 744 ut

295 810 361 854 ex
391 793 507 850 viro
533 797 590 850 et
611 787 872 850 muliere.
893 783 949 840 id
970 791 1092 849 est,
1117 796 1215 854 per
1240 779 1386 837 illam
1419 782 1704 849 corporum
1730 789 1884 833 eom-

295 882 608 942 mixtionetn
627 919 646 945 ,
685 891 846 934 nemo
884 875 1129 934 videatur
1155 885 1348 946 expers
1387 883 1510 928 esse
1533 867 1716 926 delicti
1738 884 1761 920 s
1793 863 1886 941 (in

275 971 538 1047 Isaiam).
589 971 740 1029 Itane
784 969 920 1038 iste,
963 967 1064 1024 iste
1101 965 1290 1023 doctor
1326 963 1580 1022 Ecclesia:
1609 963 1626 996 ⁸
1665 975 1889 1018 accusa-

299 1077 388 1124 tor
410 1073 527 1122 erat
571 1069 913 1129 sanctorum,
957 1067 1014 1116 et
1042 1066 1298 1130 patronus
1335 1051 1650 1114 asinorum?
1683 1051 1890 1123 Nempe

298 1151 650 1224 corruptibile
673 1165 871 1222 corpus
895 1158 982 1208 est
1005 1157 1060 1204 et
1082 1147 1220 1204 asini
1242 1154 1298 1204 et
1319 1145 1588 1212 hominis;
1623 1151 1681 1200 et
1709 1151 1889 1200 tamen

300 1261 414 1304 non
439 1243 574 1300 asini
599 1250 853 1316 aggrarat
868 1281 886 1309 ,
933 1238 1030 1298 sed
1057 1237 1288 1296 hominis
1311 1236 1547 1293 animam
1575 1251 1591 1290 :
1620 1233 1692 1292 de
1716 1233 1892 1290 homi-

303 1353 376 1394 ne
401 1335 602 1408 quippe
639 1329 914 1404 Scriptum
937 1328 1068 1388 dicit
1086 1371 1102 1398 ,
1131 1327 1328 1400 Corpus
1349 1324 1679 1396 corraptibile
1706 1339 1892 1396 aggra-

303 1436 393 1486 aat
441 1427 666 1481 animum
717 1423 874 1496 (Sep.
923 1436 1014 1487 ιι,
1061 1417 1173 1500 I5).
1203 1419 1292 1475 Sic
1316 1432 1447 1490 ergo
1483 1424 1540 1474 et
1579 1415 1635 1471 in
1675 1413 1893 1470 libidine

305 1533 542 1592 agnosce
559 1557 576 1586 ,
606 1524 662 1572 et
699 1514 906 1588 pecoris
935 1520 1208 1577 naturam.
1233 1521 1290 1566 et
1313 1507 1547 1566 hominis
1569 1519 1779 1578 ptenam
1801 1545 1818 1572 ,
1847 1503 1893 1559 si

304 1610 542 1667 animam
570 1623 676 1664 non
697 1607 864 1662 habes
889 1603 1174 1661 asininum.

375 1721 540 1782 LVII.
567 1720 688 1780 Jun.
719 1719 965 1777 Christus
992 1717 1154 1789 igitur
1178 1729 1282 1772 non
1307 1713 1487 1770 cum
1514 1712 1679 1772 homo
1695 1723 1860 1767 rem
1877 1750 1893 1776 ,

302 1828 472 1888 quam
513 1826 673 1870 verus
717 1810 900 1877 Deus,
944 1807 1078 1866 nihil
1124 1806 1193 1866 de
1241 1803 1572 1864 naturalibus
1596 1801 1771 1860 minus
1799 1801 1897 1856 ha-

304 1905 426 1964 buit
451 1921 466 1960 :
491 1901 590 1960 sed
607 1901 816 1974 justum
831 1907 952 1956 erat
975 1907 1032 1954 ut
1049 1897 1144 1970 qui
1165 1895 1332 1952 dabat
1357 1893 1695 1969 perfectionis
1713 1907 1898 1950 exem-

305 1997 460 2068 plum
477 2034 499 2064 ,
547 1993 794 2048 omnibus
835 1991 1091 2046 virtutum
1113 1987 1306 2044 studiis
1328 1984 1706 2050 antecelleret.
1737 1982 1902 2040 casti-

307 2095 504 2156 tasque
526 2083 646 2156 ejus
668 2081 921 2140 continua
948 2079 1250 2150 integritate
1275 2075 1416 2134 celsa
1433 2115 1454 2144 ,
1482 2074 1632 2136 nullo
1661 2083 1900 2146 permota

308 2177 550 2235 libidinis
571 2174 834 2247 appetitu,
863 2187 984 2244 qua:
1009 2173 1034 2208 ⁸
1058 2171 1210 2244 virgo
1230 2179 1430 2228 saneta
1453 2167 1650 2226 mentis
1674 2165 1900 2224 exstite-

307 2279 428 2339 rat,
453 2277 509 2326 et
533 2269 772 2325 nautium
797 2279 1052 2322 sensuum
1077 2261 1332 2318 domitrix
1374 2257 1543 2316 animi
1572 2256 1901 2330 magnitudo,

307 2373 368 2422 et
389 2359 686 2434 superatria
699 2359 966 2422 dolorum,
992 2355 1198 2412 cunctis
1215 2351 1478 2416 ﬁdelibus,
1495 2359 1550 2408 et
1573 2347 1906 2408 humanitate

307 2452 588 2513 imitabilis
609 2450 799 2518 ﬁeret,
829 2457 888 2506 et
921 2447 1247 2504 sublimitate
1272 2443 1550 2502 mirabilis.

381 2545 523 2604 Ann.
557 2541 702 2600 Dicis
737 2540 1044 2598 castitatem
1071 2535 1272 2594 Christi
1306 2535 1564 2592 continua
1603 2529 1907 2602 integritate

305 2636 514 2694 celsam
545 2652 560 2690 :
587 2634 684 2692 sed
711 2633 872 2692 ltomo
899 2647 1000 2698 es,
1027 2629 1113 2688 cui
1149 2645 1258 2686 non
1287 2627 1494 2686 videtur
1521 2625 1737 2682 castitas
1766 2625 1905 2679 inte~

299 2743 450 2801 gra,
477 2726 566 2784 ubi
593 2723 958 2796 magnitudine
992 2729 1049 2779 et
1071 2719 1402 2794 perfectione
1441 2717 1730 2774 voluntatis
1754 2715 1908 2771 bona:

309 2836 422 2878 non
446 2820 623 2876 solum
647 2833 758 2874 non
789 2815 1203 2872 committuntur
1219 2851 1236 2880 ,
1283 2811 1382 2868 sed
1408 2824 1512 2866 nec
1534 2809 1820 2880 capiuntur
1846 2807 1912 2861 il-

311 2913 486 2972 licita.
530 2911 665 2967 Nam
715 2909 807 2979 qui
852 2904 1184 2974 concupiscit
1237 2903 1413 2968 mala,
1461 2901 1568 2958 etsi
1609 2901 1865 2956 resistens
1887 2898 1909 2930 ³

311 3003 772 3074 concupiscentia
791 3015 905 3056 sua:
921 3012 1031 3054 non
1057 3011 1122 3054 ea
1145 3004 1458 3068 perpetrat,
1490 2993 1675 3064 implet
1697 2991 1910 3062 quidem

312 3097 464 3170 quod
481 3095 739 3164 scriptum
759 3099 850 3148 est
865 3129 883 3160 ,
913 3087 1042 3144 Post
1075 3085 1508 3158 concupiscentia:
1535 3094 1650 3138 tuos
1688 3097 1790 3136 non
1827 3097 1914 3136 eos

314 3187 512 3259 (Eccli.
540 3198 700 3248 svnt,
731 3181 824 3255 50)
853 3179 988 3238 :sed
1016 3193 1124 3236 non
1145 3177 1336 3250 implet
1359 3176 1504 3248 quod
1531 3176 1608 3230 ait
1633 3174 1718 3231 lex
1739 3215 1758 3240 ,
1789 3171 1914 3228 Non

303 3277 642 3350 concupisces
670 3273 867 3347 (Exodi
894 3287 973 3328 xx
992 3311 1010 3340 ,
1049 3270 1164 3343 t7).
1194 3269 1442 3326 Christus
1472 3281 1604 3340 ergo
1621 3267 1712 3338 qui
1742 3266 1913 3338 legem

315 3367 716 3444 perfectissime
743 3365 984 3438 implevit
1000 3403 1018 3430 ,
1045 3363 1188 3418 nulla
1214 3360 1397 3417 illicita
1419 3359 1752 3430 cocupivit;
1791 3357 1915 3429 quia

318 3455 858 3518 diseordiawcarnis
881 3463 940 3512 et
974 3453 1232 3526 spiritus,
1274 3467 1396 3524 qum
1429 3451 1485 3508 in
1511 3449 1786 3508 hminum
1813 3463 1915 3505 na-

322 3563 502 3612 turam
528 3567 596 3608 ea
621 3547 1060 3622 praevaricatione
1095 3545 1256 3617 primi
1281 3543 1518 3602 heroinis
1541 3543 1729 3611 vertit,
1758 3555 1917 3614 pror-

321 3660 422 3702 sus
447 3642 540 3700 ille
569 3657 676 3698 non
718 3639 938 3708 habuit,
976 3637 1069 3710 qui
1107 3635 1184 3693 de
1217 3634 1424 3708 Spiritu
1449 3643 1508 3692 et
1555 3633 1776 3706 Vir-giae
1808 3645 1918 3690 non

323 3751 429 3808 per
449 3731 938 3804 concupiscentiam
957 3729 1140 3786 carnis
1161 3735 1249 3786 est
1279 3735 1456 3784 natus.
1485 3724 1544 3782 In
1567 3724 1918 3783 nobiseum-

332 3842 472 3886 caro
495 3824 826 3898 concupiscit
848 3831 1036 3880 contra
1064 3821 1310 3894 spiritum
1348 3817 1534 3876 illicita
1555 3858 1576 3886 ,
1611 3817 1687 3874 ita
1715 3823 1774 3874 ut
1799 3830 1920 3872 om-

327 3920 465 3980 nino
511 3917 788 3990 perficiat,
829 3915 932 3972 aid
979 3922 1036 3972 et
1078 3919 1265 3976 contra
1307 3921 1530 3968 carnem
1574 3909 1796 3980 spiritus
1847 3907 1922 3962 ita

327 4013 708 4084 concupiscat,
761 4017 824 4066 nt
864 4008 1060 4064 vincat.
1104 4005 1250 4062 Dicis
1289 4013 1530 4062 nente-
1557 4001 1754 4059 Cbristi
1797 4015 1922 4058 oo

321 4105 483 4164 etiam
511 4117 771 4162 sensuum
793 4098 1130 4159 domitrieem
1160 4095 1294 4154 :sed
1315 4096 1425 4152 hoc
1444 4093 1774 4151 domandum
1793 4098 1884 4148 est
1899 4130 1921 4160 ,

327 4195 479 4268 quod
505 4195 710 4253 resistit
757 4211 772 4248 :
816 4207 948 4250 eam
971 4199 1152 4246 autem
1177 4187 1376 4246 Christi
1417 4186 1552 4242 nihil
1578 4185 1812 4242 habebat
1839 4184 1924 4240 in-

323 4290 626 4358 domitum,
656 4303 757 4346 nec
779 4286 838 4344 in
863 4286 1043 4357 aliquo
1081 4281 1290 4354 spiritui
1315 4279 1631 4345 resistebat,
1655 4286 1722 4332 ut
1740 4276 1811 4333 ab
1835 4277 1926 4332 illo

323 4395 456 4439 eam
468 4379 672 4436 domari
681 4385 972 4451 oporteret.
983 4376 1104 4444 Quo
1113 4373 1384 4447 proposito
1395 4370 1743 4444 perfectionis
1753 4384 1932 4427 eaeru-

329 4473 462 4545 εισι,
490 4471 560 4529 ad
587 4471 694 4528 hoc
735 4485 797 4528 se
819 4469 987 4526 debet
1024 4467 1206 4525 clunis
1239 4465 1482 4522 imitator
1513 4463 1840 4528 extendere,
1871 4473 1930 4520 ut

336 4562 803 4636 conclusisoentias
827 4561 1042 4625 carnis,
1087 4574 1222 4632 quas
1248 4564 1394 4613 vetat
1429 4554 1717 4626 Apostolus
1741 4554 1928 4625 perﬁci

334 4657 542 4730 (Colat.
571 4673 605 4713 ν
621 4696 640 4724 .
669 4656 762 4727 l6)
777 4693 798 4723 ,
827 4654 1028 4710 nitatur
1053 4660 1212 4722 atque
1227 4656 1379 4720 optet
1401 4646 1614 4718 penitus
1638 4663 1743 4702 non
1767 4646 1933 4704 babe-

340 4764 406 4808 re
431 4765 452 4804 σε
474 4748 558 4804 sic
581 4747 726 4805 enim
747 4760 840 4802 eas
864 4752 1036 4816 potest
1061 4748 1314 4814 provectu
1331 4737 1646 4810 quotidiauo
1667 4737 1928 4805 minuere,

333 4853 477 4911 quas
495 4837 674 4894 nullas
697 4835 894 4894 habeat
910 4833 1081 4890 salute
1101 4831 1362 4904 perfecta.

411 4951 598 5010 LVIII.
623 4945 744 5007 Jun.
771 4947 857 5004 Ἱίι
883 4946 1046 5020 igitur
1065 4985 1081 5012 ,
1126 4952 1186 5000 ut
1204 4941 1386 4998 omnia
1407 4981 1424 5008 ,
1447 4935 1826 5010 promtissime
1849 4935 1936 4992 ef-

339 5043 488 5100 fatus
520 5055 618 5108 es,
661 5040 718 5096 in
743 5036 948 5096 Christi
986 5049 1153 5092 carne
1176 5047 1288 5088 non
1325 5031 1492 5086 fuisse
1512 5027 1664 5100 quod
1688 5026 1936 5082 humanae

338 5145 551 5192 naturae
575 5141 663 5191 est
691 5150 708 5186 :
733 5130 876 5203 quod
915 5135 1064 5185 certe
1100 5124 1171 5182 de
1197 5124 1344 5180 nulla
1382 5118 1673 5193 Scriptura
1698 5118 1936 5174 rationa-

342 5229 468 5286 bilis
493 5242 631 5284 vena
647 5269 664 5293 ,
691 5224 789 5282 sed
816 5224 886 5280 de
903 5221 1026 5280 solo
1057 5213 1471 5276 llaeiclneortmt
1499 5229 1658 5272 emno
1684 5213 1938 5282 deceptus

341 5321 594 5378 hausisti.
625 5321 823 5376 Verum
851 5327 908 5372 ut
941 5314 1118 5385 major
1135 5311 1294 5383 copia
1318 5307 1670 5366 defendmtda:
1697 5303 1940 5362 veritatis

349 5421 643 5486 appareat,
669 5407 1030 5466 concedamus
1068 5413 1121 5460 te
1145 5403 1442 5460 somniasse
1461 5441 1476 5468 ,
1508 5401 1562 5455 in
1587 5399 1798 5455 Christo
1822 5411 1942 5452 car-

341 5505 435 5562 nis
471 5517 631 5577 quam
671 5502 808 5560 dicis
849 5495 1340 5570 concupiscentiam
1387 5508 1492 5550 non
1543 5493 1737 5558 fuisse;
1783 5490 1936 5562 quod

347 5602 502 5656 certe
523 5598 584 5654 in
598 5593 881 5653 Ianiclmi
909 5592 1057 5664 prius
1077 5633 1093 5659 ,
1122 5597 1308 5664 postea
1333 5587 1388 5642 in
1415 5585 1738 5657 Apollinaris
1766 5584 1944 5642 furore

420 5735 442 5828 ζ
798 5725 1110 5846 Ἤὲεξοτ
1131 5723 1220 5778 iste
1234 5718 1479 5776 Ecclesia.
1545 5727 1603 5770 st.

569 5807 634 5844 ex
657 5800 805 5850 Port.,
823 5801 1064 5854 quamam.

417 5857 446 5892 ³
613 5859 700 5916 .et
1105 5843 1486 5912 σπείρειαιά
1505 5851 1611 5894 nu.

1617 383 1820 442 LIBER
1856 384 2205 454 QUARTUS.

3415 384 3561 445 ιδτι

1987 499 2300 560 damnatum
2323 508 2451 558 est:
2481 506 2582 558 tuo
2621 507 2802 558 tamen
2844 500 2972 573 quid
2999 502 3169 572 possit
3196 496 3433 574 dogmati
3459 503 3576 557 sut-

1994 589 2225 662 fragari;
2251 605 2376 647 cum
2416 605 2526 647 non
2553 589 2813 649 continuo
2856 601 3173 662 sequimur
3198 593 3393 648 malum
3418 607 3539 648 esse
3555 633 3572 656 .

1987 681 2036 740 si
2059 681 2188 754 quid
2215 683 2307 738 ille
2348 696 2627 740 assumere
2649 681 2914 742 noluisset
2937 683 2997 739 ιτ
3021 683 3284 752 Quoniam
3314 682 3578 754 gradatim

1986 774 2358 832 crescentibus
2410 774 2618 834 meritis
2659 773 2962 842 bonorum,
3011 773 3282 831 diceretur
3328 775 3436 830 isse
3482 787 3576 844 per

1989 866 2191 938 optima
2209 906 2228 935 ,
2257 880 2360 924 nec
2385 865 2526 922 bona
2559 875 2739 924 tamen
2768 865 2905 922 infra
2931 881 2994 924 ss
3030 865 3203 922 locata
3237 864 3583 936 superiorum

1989 957 2254 1016 electione
2271 957 2579 1016 damnasse.
2599 955 2882 1027 Qtemodo
2903 956 3048 1014 eni
3078 956 3292 1029 nuptias
3313 970 3420 1011 non
3449 953 3584 1008 inta-

1991 1047 2160 1108 mavit
2177 1091 2194 1118 ,
2241 1050 2598 1126 integritatem
2632 1059 2850 1107 secutus
2879 1067 2895 1105 :
2923 1050 2994 1104 ita
3020 1063 3121 1106 nec
3146 1062 3367 1104 sensum
3404 1045 3587 1103 curitis

1993 1141 2241 1214 genitalis
2277 1141 2622 1210 damnasset,
2669 1141 2718 1198 si
2758 1141 2878 1212 ejus
2917 1139 3330 1214 pessibilitatan
3373 1151 3476 1194 nec
3530 1139 3588 1195 in

1993 1231 2288 1288 substantia
2309 1247 2406 1288 sua
2429 1231 2629 1289 habere
2651 1231 2926 1290 voluisset.

2066 1321 2204 1380 Anc.
2225 1321 2344 1380 lam
2371 1323 2620 1394 superius
2644 1321 2754 1380 dixi
2771 1362 2790 1392 ,
2819 1321 2964 1394 quod
2999 1319 3248 1378 Christus
3273 1334 3383 1374 non
3409 1317 3586 1374 solum

1997 1427 2104 1469 non
2135 1413 2498 1484 perpetravit,
2545 1412 2644 1471 sed
2670 1427 2772 1470 nec
2815 1413 3126 1484 concupivit
3148 1411 3364 1478 illicita,
3400 1417 3463 1466 ut
3489 1409 3590 1464 im-

1997 1504 2172 1578 pleret
2197 1505 2368 1576 legem
2393 1505 2684 1576 dicentur),
2701 1503 2826 1562 Non
2847 1505 3183 1577 concupisces.
3215 1505 3328 1561 Hoc
3346 1513 3495 1559 certe
3519 1501 3591 1556 de

1999 1605 2200 1654 sancte
2223 1596 2513 1668 Scriptum
2537 1614 2702 1666 vena,
2731 1613 2841 1656 non
2864 1597 2938 1656 de
2973 1613 3136 1655 emno
3169 1595 3589 1653 llanicleeorum

2001 1697 2184 1744 manat
2222 1689 2276 1744 in
2317 1690 2481 1746 corda
2511 1689 2747 1747 ﬁdelium
2767 1733 2784 1759 ,
2815 1691 2958 1764 quod
2996 1700 3236 1747 vestrum
3265 1689 3458 1760 dogma
3494 1703 3594 1744 ea-

2000 1780 2222 1850 stingnit
2241 1779 2571 1838 hareticutn.
2597 1780 2910 1840 Somniasse
2957 1793 3046 1840 me
3067 1781 3240 1848 dicis,
3270 1797 3379 1836 non
3423 1780 3592 1836 fuisse

2002 1870 2057 1928 in
2099 1870 2314 1928 Christo
2357 1873 2538 1932 carnis
2565 1873 3053 1945 concupiscentiam
3087 1872 3298 1945 spiritui
3331 1873 3595 1928 resisten-

2004 1970 2148 2031 tem;
2197 1962 2352 2037 cujus
2389 1972 2450 2020 tu
2492 1965 2653 2020 etiam
2698 1965 2829 2036 ipsis
2871 1965 3098 2022 semiis
3135 1979 3243 2020 non
3285 1963 3594 2036 pepercisti.

2010 2054 2286 2116 Dormisse
2313 2057 2510 2128 quippe
2544 2057 2798 2112 novimus
2829 2055 3134 2124 Christum,
3159 2057 3217 2112 in
3259 2071 3367 2127 quo
3395 2055 3441 2110 si
3479 2065 3600 2110 erat

2004 2146 2108 2204 ista
2149 2155 2242 2204 tua
2281 2156 2566 2220 suscepta,
2595 2148 2836 2220 profecto
2877 2149 3082 2220 sopitos
3123 2147 3245 2219 eius.
3279 2160 3476 2204 sensus
3497 2145 3600 2202 ali-

2005 2237 2219 2308 quando
2263 2253 2360 2310 per
2398 2239 2522 2295 talia
2570 2240 2779 2297 somnia
2808 2239 3128 2308 deludehat,
3174 2238 3360 2296 utsibi
3387 2239 3410 2274 ⁸
3435 2237 3598 2294 etiam

2007 2329 2364 2388 concumbere
2407 2330 2717 2400 videretur,
2756 2339 2919 2402 atque
2955 2331 3031 2388 ita
3059 2344 3186 2388 caro
3207 2329 3326 2400 ejus
3359 2329 3462 2384 isto
3505 2335 3600 2382 tuo

2007 2419 2149 2480 bono
2177 2422 2494 2480 stimulante
2522 2431 2790 2480 commota
2809 2463 2826 2490 ,
2857 2433 2913 2481 et
2947 2423 3004 2480 in
3047 2423 3255 2478 irritum
3281 2418 3602 2476 extenderet

2008 2511 2259 2583 genitalia
2283 2520 2339 2568 et
2367 2512 2517 2568 irrita
2543 2512 2844 2570 effunderet
2868 2512 3096 2568 semina.
3120 2513 3176 2570 Si
3203 2519 3382 2568 autem
3399 2511 3504 2566 hoc
3529 2510 3600 2566 de

2009 2601 2209 2662 Christi
2237 2619 2399 2662 carne
2419 2604 2442 2638 ³
2463 2605 2690 2666 credere
2717 2605 3086 2665 contremiscis
3112 2605 3242 2678 (non
3265 2603 3410 2661 enim
3438 2602 3518 2659 sie
3539 2617 3604 2660 es

2012 2693 2284 2766 lapideus,
2329 2704 2390 2753 ut
2419 2711 2534 2756 non
2561 2697 2975 2766 contremiseas,
3005 2695 3149 2768 quod
3189 2711 3328 2768 ego,
3353 2693 3601 2767 quamvis

2013 2794 2073 2842 ut
2107 2795 2162 2844 te
2200 2787 2607 2860 redarguerem,
2639 2788 2765 2848 sine
2785 2787 2971 2846 cordis
3015 2795 3194 2844 tamen
3232 2796 3470 2843 tremore
3487 2800 3602 2841 non

2008 2879 2184 2952 disi);
2213 2879 2457 2952 profecto
2497 2879 2654 2938 fateri
2673 2881 2878 2950 debes,
2903 2889 3110 2938 natura:
3131 2877 3334 2936 Christi
3361 2893 3469 2934 non
3508 2891 3602 2933 sou

2015 2967 2126 3024 lum
2169 2969 2287 3026 sine
2331 2969 2612 3040 dispendio
2654 2969 2894 3028 defuisse
2927 2969 3090 3026 talem
3131 2969 3309 3026 carnis
3338 2966 3602 3039 concupi-

2014 3062 2298 3128 scentiam,
2320 3076 2506 3118 verum
2528 3063 2692 3118 etiam
2721 3076 2842 3118 cum
2866 3059 3222 3132 perfecturum
3251 3057 3412 3115 laude
3435 3057 3602 3112 virtu-

2016 3159 2163 3220 tum,
2192 3151 2405 3226 qualem
2447 3151 2936 3223 concupiscentiam
2960 3150 3212 3208 novimus
3253 3149 3402 3205 carni
3439 3157 3606 3204 caste-

2014 3257 2199 3298 rorum
2248 3241 2522 3297 hominum
2557 3250 2614 3298 et
2639 3241 2877 3313 ipsorum
2919 3255 3028 3296 non
3052 3239 3246 3297 deesse
3267 3247 3603 3295 sanetum

2012 3333 2170 3404 Quod
2207 3341 2390 3391 autem
2415 3331 2589 3404 dicis,
2633 3347 2742 3389 non
2765 3346 2887 3390 esse
2911 3346 3246 3404 coaequans
3267 3338 3333 3388 ut
3349 3329 3460 3386 hoc
3483 3345 3603 3386 ma-

2014 3426 2127 3484 lum
2157 3426 2228 3484 sit
2240 3467 2261 3494 ,,
2289 3426 2500 3482 etiamsi
2522 3425 2794 3484 concedas
2815 3422 2876 3480 id
2909 3421 3184 3484 Christum
3205 3422 3446 3481 noluisse
3473 3435 3598 3477 sus-

2021 3517 2205 3590 cipere
2223 3532 2242 3586 ;
2263 3516 2406 3574 sicut
2438 3531 2546 3574 non
2578 3513 2998 3580 ideodamttavit
3023 3513 3257 3586 nuptias,
3287 3513 3411 3585 quia
3431 3512 3608 3568 noluit

2015 3609 2222 3667 habere
2247 3609 2554 3684 eonjugium
2581 3627 2599 3668 :
2628 3607 2735 3664 hoc
2765 3607 2839 3664 de
2859 3605 3082 3667 libidine
3107 3620 3363 3678 pecorum
3382 3603 3487 3662 dici
3511 3616 3610 3675 po-

2023 3710 2164 3768 test,
2194 3699 2390 3772 quibus
2429 3697 2551 3755 ideo
2578 3714 2685 3755 non
2725 3705 2814 3756 est
2857 3698 3055 3754 malum
3075 3737 3092 3766 ,
3121 3695 3245 3768 quia
3276 3711 3384 3754 non
3408 3694 3612 3755 habent

2021 3790 2248 3848 rationis
2273 3790 2507 3857 bonum,
2552 3787 2695 3845 unde
2734 3803 2864 3846 caro
2899 3803 3091 3845 eorum
3115 3804 3228 3844 non
3261 3786 3611 3858 conuspiecat

2021 3881 2280 3940 adversus
2315 3881 2592 3953 spiritum;
2619 3879 2762 3952 quod
2789 3893 2922 3936 vero
2947 3881 3152 3938 resistit
3177 3879 3389 3952 spiritui
3431 3877 3612 3934 horni-

2023 3972 2112 4034 nis
2152 3972 2384 4030 volentis
2432 3971 2608 4028 facere
2645 3971 2881 4037 bonum,
2920 3969 3252 4042 quamlibet
3288 3969 3613 4042 loquacitate

2021 4063 2123 4122 abs
2163 4071 2214 4119 te
2241 4061 2590 4131 defendatur,
2635 4075 2743 4117 non
2768 4069 2853 4118 est
2897 4061 3119 4118 homno.
3143 4061 3234 4118 Sic
3271 4061 3436 4132 igitur
3455 4060 3615 4117 Chri-

2027 4164 2142 4212 stus
2167 4153 2474 4212 abstinuita
2501 4163 2720 4226 peccato
2737 4193 2756 4222 ,
2783 4161 2844 4210 ut
2867 4152 3161 4210 abstineret
3183 4153 3344 4212 etiam
3369 4153 3438 4212 ab
3466 4153 3616 4210 enini

2029 4246 2339 4319 cupiditate
2361 4245 2568 4318 peccati
2607 4260 2632 4298 ι
2681 4257 2792 4300 non
2818 4253 2879 4301 ut
2917 4244 2977 4302 ei
3012 4243 3264 4309 existenti
3303 4243 3578 4302 resisteret
3596 4284 3616 4312 ,

2029 4342 2125 4399 sed
2147 4350 2206 4398 ut
2229 4341 2318 4398 illa
2338 4355 2613 4412 nunquam
2639 4354 2858 4412 prorsus
2875 4339 3167 4407 existeret;
3193 4349 3302 4394 non
3323 4339 3468 4409 quod
3492 4353 3614 4394 eam

2031 4449 2141 4492 non
2178 4441 2362 4506 posset
2400 4432 2601 4490 habere
2634 4432 2682 4488 si
2725 4431 2918 4498 vellet,
2944 4429 3042 4487 sed
3079 4443 3188 4488 non
3225 4437 3373 4486 recte
3414 4429 3578 4485 uellet
3603 4471 3620 4494 ,

2031 4523 2174 4596 quod
2201 4539 2325 4580 eum
2345 4537 2472 4579 caro
2496 4521 2706 4594 peccati
2725 4537 2890 4594 quam
2919 4536 3028 4578 non
3050 4521 3304 4594 gerebat,
3333 4521 3495 4578 etiam
3525 4521 3615 4576 itu-

2033 4615 2201 4670 vitum
2229 4611 2432 4672 habere
2457 4627 2567 4670 non
2586 4621 2822 4684 cogeret.
2847 4611 3080 4670 Proinde
3103 4612 3197 4670 ille
3219 4611 3302 4668 vir
3330 4610 3620 4680 pertrecuts,

2033 4721 2141 4764 non
2172 4719 2270 4775 per
2313 4703 2798 4773 concupiscentiam
2841 4711 3036 4768 natus,
3083 4717 3206 4772 quae
3251 4699 3622 4758 indidereuter

2033 4797 2238 4869 appetit
2261 4803 2317 4852 et
2357 4794 2546 4851 illicita
2581 4802 2642 4852 et
2667 4793 2840 4860 licita,
2885 4791 2982 4850 sed
3008 4793 3078 4848 de
3117 4791 3320 4862 Spiritu
3353 4799 3544 4846 sanae
3559 4799 3623 4847 et

2035 4889 2242 4960 virgine
2278 4887 2442 4946 Maria
2459 4929 2477 4956 ,
2513 4886 2765 4960 quidquid
2794 4885 3118 4958 concupivit,
3145 4885 3328 4953 licuit;
3359 4884 3618 4957 quidquid

2035 4997 2146 5040 non
2187 4980 2364 5048 licuit,
2387 4995 2502 5036 non
2527 4977 2853 5051 concupivit.
2880 4977 3049 5037 Natus
3069 4977 3219 5036 enim
3241 4977 3314 5035 de
3339 4992 3502 5038 carne
3519 4993 3625 5049 per

2036 5081 2281 5130 sanctum
2310 5070 2646 5142 concipiente
2663 5069 2960 5142 Spiritum,
2983 5068 3123 5127 absit
3151 5076 3217 5127 ut
3239 5069 3293 5126 in
3317 5083 3380 5125 se
3403 5067 3628 5126 habent

2040 5164 2360 5222 discordiam
2385 5163 2562 5220 carnis
2587 5163 2905 5234 etspiritus.

2113 5257 2251 5315 LIX.
2279 5257 2402 5315 ιυι..
2431 5257 2503 5314 Ει
2524 5264 2690 5314 utres
2705 5255 2864 5326 plana
2882 5253 3430 5324 alktttocanlirlsetur
3441 5269 3630 5312 euom-

2041 5350 2155 5421 plo,
2181 5348 2378 5405 melius
2403 5355 2488 5406 est
2511 5345 2710 5403 habere
2731 5343 3000 5400 rationem
3019 5383 3036 5411 ,
3061 5358 3230 5416 quam
3255 5359 3364 5401 non
3392 5343 3591 5403 habere
3609 5361 3630 5398 ς

2044 5443 2292 5502 homines
2318 5449 2497 5497 autent
2533 5437 2878 5498 rationabiles
2917 5435 3042 5494 facti
3077 5447 3203 5497 sunt
3220 5478 3238 5506 ,
3274 5453 3464 5508 pecora
3501 5450 3632 5492 vero

2047 5532 2428 5592 irrationabilia
2453 5546 2468 5588 :
2498 5544 2607 5588 non
2647 5538 2824 5586 tamen
2858 5527 2982 5589 ideo
3017 5529 3142 5604 quia
3177 5527 3409 5586 humana
3445 5535 3636 5582 natura

2115 5721 2136 5784 ξ
2167 5712 2456 5784 visi-tentus,
2739 5713 3057 5784 retusum,
3077 5706 3321 5762 murtam.

2117 5780 2138 5812 ι
2172 5772 2446 5838 viTgnierius
2461 5812 2474 5834 ,
2497 5773 2559 5838 si.
2579 5781 2637 5838 st
2659 5781 2786 5838 uss,
2805 5772 2916 5826 sibi.

2122 5841 2142 5876 ⁸
2397 5843 2449 5888 ιι
2473 5833 2809 5898 catomum.
