4172 6478
559 370 696 428 1575

552 489 984 560 quadrupedibus
1013 497 1242 544 antcstat
1263 531 1278 556 ,
1309 485 1673 558 quadrupedia
1703 494 1794 540 aut
1820 483 2015 539 malum
2049 481 2148 536 ali-

551 581 692 649 quod
714 621 730 647 ,
760 593 854 636 aut
881 581 1074 636 diaboli
1102 595 1238 652 opus
1264 595 1386 636 esse
1421 579 1644 636 dicenda
1673 587 1816 632 sunt.
1857 576 1963 631 Fac
1994 589 2144 645 ergo,

551 673 801 738 quoniam
829 671 1094 738 Christus,
1121 688 1242 728 cum
1268 688 1363 728 sua
1389 671 1626 728 membra
1655 670 1927 734 formaret,
1959 667 2146 722 nolue-

551 761 622 816 rit
645 762 726 817 eis
755 777 972 818 sensum
1001 763 1298 818 admiscere
1325 763 1655 834 genitalium,
1685 776 1791 832 quo
1818 774 2008 814 usurus
2039 773 2146 812 non

551 864 670 908 erat
697 871 710 907 :
741 869 867 909 num
895 855 1016 910 ideo
1042 871 1162 911 cum
1193 854 1338 910 Isaac
1358 897 1373 922 ,
1399 854 1596 918 Jacob,
1628 863 1684 908 et
1706 853 1943 908 omnium
1971 865 2145 906 mem-

555 943 648 997 bra
673 945 923 1016 fingebat,
947 947 1129 1017 eisque
1151 957 1204 1002 et
1224 963 1408 1002 sexum
1429 946 1588 1001 dabat
1611 955 1667 999 et
1686 958 1922 1012 sensum,
1946 941 2144 997 malum

467 1093 478 1100 ,
551 1033 751 1104 aliquid
781 1036 1044 1092 faciebat?
1070 1038 1174 1092 Aut
1197 1037 1262 1091 ad
1291 1037 1403 1090 htec
1429 1037 1648 1092 veniens
1671 1037 1710 1101 ί,
1744 1034 1796 1090 in
1824 1033 2146 1104 adjutorium

551 1127 846 1184 advocabat
877 1129 1146 1184 diabolum
1167 1170 1182 1195 ,
1213 1139 1272 1184 ut
1298 1129 1552 1184 membris
1579 1142 1699 1197 qua:
1727 1127 1838 1197 ipse
1863 1139 2146 1195 compege-

551 1228 668 1284 rat,
703 1222 1002 1275 necessaria
1031 1221 1416 1276 oblectamenta
1445 1219 1733 1274 misceret?
1761 1216 1868 1272 Nec
1895 1217 2145 1286 exiguum

551 1309 838 1380 quidquam
867 1311 1026 1381 igitur
1049 1312 1268 1366 omnino
1297 1312 1458 1384 (sicut
1484 1321 1536 1364 et
1567 1310 1621 1364 in
1652 1311 1781 1374 hoc,
1809 1317 1864 1364 ct
1889 1309 1942 1362 in
1971 1308 2148 1378 priore

551 1415 734 1470 opere,
765 1404 874 1458 Deo
901 1403 1187 1473 adjuvante
1213 1401 1646 1474 monstravimus)
1675 1418 1772 1473 per
1798 1400 1994 1456 Christi
2027 1415 2148 1471 pcr-

551 1509 740 1550 sonam
777 1505 962 1552 contra
993 1499 1170 1552 divina
1197 1513 1360 1568 opera
1387 1497 1630 1552 obtinere
1663 1495 1903 1567 potuisti.
1945 1493 2149 1550 Clamit

551 1585 693 1638 enim
723 1587 852 1642 nihil
881 1589 1056 1644 minus
1081 1589 1149 1644 de
1173 1599 1360 1644 natura
1389 1587 1687 1653 hominum,
1714 1586 2006 1643 Salvatoris
2027 1601 2148 1641 cur-

553 1691 650 1744 pus
678 1677 948 1734 habuisse.

621 1769 758 1825 Λυο.
787 1770 899 1825 Imo
925 1771 1116 1827 claruit
1149 1771 1421 1828 hominum
1449 1783 1718 1842 naturam,
1750 1773 1816 1829 ad
1843 1773 1986 1828 illam
2013 1773 2148 1829 Inte-

548 1860 816 1929 gritatem,
843 1864 1239 1932 rectitudinem,
1263 1865 1514 1934 salutem,
1545 1866 1596 1920 in
1622 1881 1726 1936 qua
1755 1866 1997 1936 primitus
2020 1881 2148 1921 con-

550 1949 660 2004 dita
687 1962 803 2018 est,
837 1954 1017 2010 minus
1048 1955 1162 2011 hare
1191 1955 1388 2012 habere
1429 1973 1571 2013 nunc
1597 1957 1794 2012 omnia.
1828 1957 1974 2012 IIanc
2002 1957 2148 2012 venit

549 2043 794 2101 Christus
819 2047 1219 2120 redintegrare,
1253 2051 1541 2122 corrigere,
1574 2059 1734 2122 atque
1759 2067 1971 2120 sanare,
2008 2053 2147 2108 inte-

547 2151 641 2204 ger
665 2139 784 2194 sine
813 2139 918 2194 ulla
954 2143 1296 2212 corruptione
1315 2182 1331 2208 ,
1368 2151 1547 2199 rectus
1580 2144 1697 2200 sine
1727 2145 1834 2200 ulla
1865 2145 2143 2215 pravitate,

545 2227 730 2282 salvus
758 2229 874 2286 sine
901 2231 1002 2285 ulla
1031 2233 1321 2303 cupiditate
1352 2235 1576 2304 peccati.

621 2317 734 2374 LX.
765 2321 884 2376 Jun.
917 2325 994 2377 Ac
1023 2341 1118 2394 per
1143 2325 1266 2391 hoc,
1302 2327 1352 2380 iu
1380 2343 1442 2381 ea
1473 2337 1660 2382 natura
1688 2345 1793 2382 non
1825 2339 1998 2398 potest
2027 2345 2148 2386 esse

549 2417 849 2476 peccatum,
881 2429 1002 2466 cum
1033 2413 1082 2467 in
1112 2415 1200 2470 illo
1225 2417 1277 2470 in
1303 2433 1408 2486 quo
1437 2427 1542 2472 tota
1569 2427 1672 2484 est,
1697 2419 1826 2472 nihil
1855 2419 2148 2490 iniquitatis

551 2509 824 2554 Inventum
853 2512 955 2556 est.

626 2591 759 2644 Anc.
801 2592 1138 2659 Immauiter,
1178 2595 1418 2663 Juliaue,
1460 2597 1833 2668 blasphemas,
1865 2613 2147 2670 coaequans

549 2695 764 2738 carnem
795 2683 992 2739 Christi
1035 2696 1350 2743 cmlerorunt
1397 2689 1669 2743 hominum
1714 2690 1895 2755 carni;
1941 2706 2038 2746 nec
2065 2692 2147 2746 vi-

547 2773 686 2828 dens
713 2775 857 2830 illum
887 2779 1098 2834 venisse
1128 2795 1232 2834 non
1265 2781 1315 2834 in
1344 2797 1505 2836 carne
1531 2783 1756 2853 peccati,
1790 2783 1882 2838 sed
1919 2785 1966 2838 iu
1994 2785 2146 2841 simi-

549 2865 776 2922 litudine
795 2869 972 2924 carnis
993 2873 1193 2941 peccati
1221 2871 1395 2943 (Rom.
1421 2889 1531 2936 vtu,
1557 2875 1635 2944 3),
1659 2873 1800 2944 quod
1823 2873 1966 2928 nullo
1987 2875 2148 2932 modo

549 2973 734 3012 verum
763 2971 924 3026 esset,
957 2962 1055 3016 nisi
1085 2974 1402 3018 eaeterorum
1432 2976 1575 3022 esset
1603 2981 1728 3022 caro
1755 2969 1980 3036 peccati.

621 3049 756 3105 LXI.
788 3051 908 3106 Jun.
947 3054 1392 3126 Concupiseeutia
1441 3059 1618 3129 itaque
1659 3075 1880 3115 sexuum
1901 3103 1916 3126 ,
1949 3063 2062 3117 sive
2093 3063 2147 3118 in

546 3141 748 3197 Christi
793 3159 956 3201 carne
1000 3146 1131 3216 fuit,
1175 3149 1288 3204 sive
1317 3165 1422 3204 non
1455 3149 1579 3216 fuit,
1611 3151 1752 3206 mala
1793 3159 1849 3208 et
1885 3151 2146 3209 diabolica

549 3248 658 3288 non
689 3233 932 3292 docetur.

619 3329 756 3384 Auc.
788 3329 1230 3401 Coucupiscentia
1260 3335 1438 3390 carnis
1463 3335 1600 3391 mala
1629 3345 1708 3392 cst
1729 3377 1744 3402 ,
1774 3345 1829 3392 et
1854 3337 2068 3408 quando
2095 3339 2146 3394 ei

549 3433 658 3474 non
685 3423 1017 3477 consentitur
1043 3423 1109 3478 ad
1139 3425 1334 3480 malum
1365 3443 1378 3479 :
1411 3426 1523 3497 ipsa
1555 3436 1638 3481 est
1671 3427 1848 3494 enim,
1887 3443 1988 3499 qua
2019 3445 2148 3485 caro

547 3513 878 3583 concupiscit
905 3516 1167 3571 adversus
1192 3518 1471 3588 spiritum;
1503 3519 1712 3574 etiamsi
1742 3517 1999 3576 adversus
2025 3535 2145 3576 eam

545 3603 958 3684 concupiscente
983 3607 1172 3676 spiritu
1192 3650 1206 3676 ,
1235 3623 1342 3664 non
1376 3609 1616 3680 perficiat
1644 3611 1788 3682 quod
1816 3621 2060 3680 conatur,
2095 3613 2146 3669 id

545 3701 652 3758 est,
683 3711 818 3766 opus
853 3697 1074 3752 malum.

617 3785 776 3843 LXII.
808 3789 928 3844 ιω..
963 3791 1044 3844 Ad
1069 3792 1168 3846 alia
1199 3793 1276 3849 ire
1307 3792 1500 3848 festino
1520 3837 1534 3860 ,
1567 3793 1660 3850 sed
1689 3793 1910 3849 multum
1945 3795 2031 3851 hic
2063 3811 2146 3852 rc-

546 3893 666 3932 runt
693 3877 1046 3934 admiratione
1075 3881 1300 3950 deﬁgnr.
1335 3882 1434 3950 Qui
1479 3884 1530 3936 in
1559 3883 1718 3938 alium
1741 3885 1762 3916 ⁸
1793 3893 1971 3940 tantus
2003 3885 2148 3940 furor

545 3979 660 4034 est,
683 3978 744 4022 ut
771 3971 815 4024 si
843 3970 1146 4040 Scripturas
1175 3989 1282 4026 non
1321 3973 1570 4044 intelligis
1591 4017 1605 4038 ,
1635 3975 1714 4029 vel
1746 3985 1830 4029 tua
1868 3977 2007 4031 dicta
2041 3993 2145 4031 non

549 4059 852 4129 ponderes?
875 4062 971 4116 sed
1013 4063 1084 4116 ila
1113 4065 1500 4134 argumentaris
1523 4065 1754 4136 jugitcr,
1799 4077 1856 4120 ut
1891 4067 2146 4138 quidquid

545 4152 762 4220 jeceris,
789 4165 1031 4208 recurrat
1056 4154 1108 4208 in
1138 4163 1188 4210 te
1217 4155 1417 4225 impetu
1444 4157 1750 4227 grandiore.
1783 4157 1968 4212 Dixisti
1995 4175 2146 4213 nem-

549 4258 634 4312 pe,
659 4243 860 4299 nullam
889 4259 1010 4300 esse
1035 4261 1250 4300 causam
1281 4246 1519 4316 pudoris,
1545 4259 1740 4317 prmtcr
1759 4249 2147 4320 concupiscen-

548 4335 674 4388 tiam
701 4335 882 4390 carnis
908 4336 960 4390 in
987 4337 1306 4406 genitalibus
1329 4337 1350 4370 ³
1379 4339 1609 4392 motibus
1635 4351 1997 4410 apparentem.

618 4426 751 4480 Atio.
779 4425 894 4479 Non
927 4425 1030 4481 hoc
1055 4427 1186 4482 dixi.
1215 4429 1351 4483 Sunt
1379 4429 1519 4482 enim
1551 4439 1602 4484 et
1629 4430 1746 4484 alia:
1773 4446 1948 4486 causa:
1979 4432 2146 4502 pudo-

549 4518 643 4578 ris,
673 4517 788 4572 sive
819 4532 886 4573 ne
917 4517 1009 4573 fiat
1033 4518 1233 4592 aliquid
1261 4521 1401 4591 quod
1431 4537 1535 4576 non
1565 4521 1738 4589 decet,
1770 4523 1882 4578 sive
1911 4523 2034 4594 quia
2065 4523 2145 4580 fa-

548 4619 690 4664 ctum
731 4619 835 4666 est.
883 4609 990 4666 Sed
1036 4611 1194 4681 hujus
1237 4613 1456 4680 pudoris
1499 4613 1566 4669 de
1610 4631 1714 4685 quo
1751 4631 1890 4671 nunc
1917 4616 2143 4686 agimus,

545 4717 666 4757 cum
707 4702 968 4773 quaeritur
1005 4719 1198 4772 causa,
1245 4705 1334 4760 illa
1377 4707 1656 4762 verissima
1707 4707 2000 4778 reperitur,
2041 4721 2146 4777 qua

547 4793 742 4848 factum
773 4803 856 4850 est
883 4804 941 4850 ιιι
967 4795 1084 4852 hare
1111 4797 1350 4854 membra
1379 4798 1625 4867 pudenda
1651 4799 1866 4868 prOprie
1891 4813 2147 4854 vocaren-

546 4895 660 4952 tur,
690 4902 810 4955 qute
837 4887 985 4957 prius
1012 4889 1258 4960 pudenda
1289 4905 1396 4944 non
1428 4891 1669 4958 fuerunt,
1702 4889 1914 4960 quando
1943 4891 2014 4946 illi
2046 4891 2146 4945 ho-

545 4976 720 5030 mines
745 4979 874 5032 recti
901 4987 1062 5049 atque
1089 4979 1307 5050 perfecti
1339 4981 1466 5035 nudi
1497 4989 1670 5046 erant,
1701 4991 1754 5036 et
1781 4998 1885 5036 non
1913 4981 2148 5052 pudebat

545 5081 658 5122 eos.
687 5069 838 5134 Quod
877 5071 922 5125 si
963 5073 1254 5141 prudenter
1287 5073 1524 5144 cogitare
1565 5073 1857 5140 voluisses,
1893 5089 1998 5128 non
2032 5073 2147 5145 ipse

545 5157 880 5226 impudenter
905 5162 1114 5216 veritati
1143 5163 1593 5218 manifestissima:
1623 5163 1930 5218 restitisscs.

615 5247 800 5304 LXIII.
829 5249 950 5304 Jun.
997 5251 1130 5308 Esse
1169 5263 1348 5310 autem
1397 5253 1733 5325 sacrilegium
1763 5253 1804 5322 ⁸,
1837 5253 2144 5324 pudendum

543 5339 742 5410 aliquid
771 5342 914 5410 quod
943 5343 1080 5396 Deus
1109 5342 1300 5400 fecisse
1327 5345 1605 5410 credatur,
1641 5353 1836 5416 przrter
1863 5349 2002 5401 hanc
2026 5361 2146 5401 car-

545 5431 630 5486 nis
653 5432 1138 5502 coneupiscentiam
1164 5423 1406 5505 judicare
1435 5455 1449 5491 :
1477 5437 1746 5494 Christum
1767 5453 1898 5493 vero
1923 5453 2027 5494 non
2051 5437 2146 5492 ha-

613 5611 626 5674 t
664 5609 824 5674 index
849 5617 994 5674 l‘ort.,
1018 5615 1100 5674 aut
1125 5609 1229 5660 hazc
1251 5610 1472 5674 rcniens;
1493 5615 1691 5672 omisso,
1717 5613 1800 5663 ad.

608 5673 626 5738 ξ
665 5673 780 5721 riditi
805 5687 817 5720 :
841 5671 1150 5738 (trimatum.
1175 5671 1476 5738 castigantur
1497 5689 1594 5738 ope
1616 5671 1796 5726 codicis
1817 5681 1942 5725 Fort.

608 5733 1132 5805 fnprt.,genitalignn.
1267 5733 1327 5805 __'
1631 5797 1650 5805 _
1730 5797 1749 5805 _
1835 5797 1850 5805 -
1939 5803 1944 5805 _
2017 5793 2028 5803 .
2085 5793 2116 5805 __

611 5797 630 5824 ⁸
664 5797 738 5844 sic
760 5793 866 5861 Mss.
899 5804 953 5861 A_l_
989 5795 1126 5856 editi,
1149 5795 1454 5861 sacrilegum.
1501 5806 1554 5848 Et.
1577 5797 1697 5861 infra
1725 5797 1985 5856 ferebant,
2009 5793 2142 5861 iudi-

543 5869 688 5916 ωνθο
713 5871 816 5921 NO,
838 5857 1067 5921 judicare
1098 5873 1114 5910 :
1139 5874 1195 5911 ac
1211 5895 1226 5922 ,
1248 5856 1602 5914 inverecundus
1619 5897 1632 5924 ,
1658 5859 1793 5923 loco,
1817 5856 2136 5910 verecundia.

1230 363 1474 424 OPERIS
1513 363 1928 422 IMPERFECTI
1967 363 2240 420 CONTRA
2279 361 2646 434 JULIANUM,
2685 365 2742 422 S.
2783 364 3154 426 AUGUSTINI

3711 380 3846 437 1576

2251 477 2432 535 buisse
2461 479 2597 535 hanc
2623 481 3105 552 concupiscentiam
3138 483 3341 550 carnis,
3381 501 3500 558 quze
3529 491 3840 548 mortalibus

2253 569 2378 625 facit
2403 585 2617 626 causam
2647 573 2883 642 pudoris.
2920 573 3055 642 Quid
3094 574 3255 646 igitur
3278 577 3344 632 ad
3373 577 3488 634 hrec
3517 595 3840 652 occurreret,

2251 677 2360 716 non
2389 661 2596 727 vidisti,
2639 663 2888 720 videlicet
2915 665 3116 721 nudum
3155 683 3315 736 cum,
3357 668 3407 724 id
3443 678 3526 726 est
3551 671 3844 741 Christum,

2253 752 2637 808 conventiculis
2656 753 2908 811 debuisse
2931 755 3178 822 misceri;
3208 773 3310 813 nec
3332 759 3562 831 aliquem
3589 777 3846 820 verecun-

2251 843 2354 898 dire
2381 844 2577 900 habere
2602 857 2926 916 respectum,
2955 863 3023 904 ne
3049 849 3383 922 sacrilegium
3411 853 3550 924 quod
3575 869 3846 914 commen-

2253 938 2382 992 taris
2417 938 2747 1008 incurreret,
2777 941 2828 996 in
2856 957 3015 998 carne
3041 943 3290 1000 videlicet
3317 959 3411 1000 sua
3432 988 3448 1014 ,
3490 963 3610 1018 qua:
3643 963 3844 1005 concu-

2253 1030 2566 1100 piscentiam
2607 1047 2713 1088 non
2757 1032 3020 1102 habebat,
3057 1035 3125 1091 de
3160 1037 3271 1091 suis
3307 1046 3362 1092 et
3391 1037 3562 1093 Patris
3594 1041 3844 1110 cperibus

2251 1121 2596 1179 erubescens.
2629 1123 2684 1179 Si
2726 1134 2903 1181 autem
2943 1126 2991 1182 ei
3037 1135 3091 1182 ct
3125 1128 3556 1198 concupiscentia
3589 1129 3692 1186 non
3725 1131 3840 1200 fuit,

2251 1224 2306 1270 et
2332 1225 2510 1269 tamen
2539 1215 2625 1271 ille
2655 1225 2737 1272 est
2766 1217 2984 1287 pudoris
3014 1217 3226 1274 functus
3263 1220 3474 1286 oflicio;
3509 1221 3844 1278 irrefutabili-

2253 1313 2335 1360 tcr
2358 1307 2518 1361 etiam
2549 1307 2840 1363 secundum
2871 1317 2924 1364 te
2949 1310 3294 1380 approbatur,
3324 1312 3698 1368 verecundiam
3723 1329 3842 1369 eor-

2251 1399 2366 1470 pori
2399 1399 2630 1455 lmmano
2654 1399 2886 1456 debitam
2909 1443 2924 1469 ,
2955 1416 3061 1456 non
3088 1401 3272 1457 calori.

2321 1489 2457 1547 Anc.
2491 1490 2594 1545 Ista
2622 1499 2709 1546 tua
2735 1493 2942 1548 ratione
2969 1501 3075 1548 tam
3103 1503 3256 1548 acuta
3275 1503 3340 1550 'et
3361 1495 3654 1566 exquisita,
3683 1495 3843 1554 debet

2251 1583 2433 1654 negari
2458 1583 2754 1654 baptismus
2780 1585 2998 1641 Joannis
3025 1586 3180 1642 datus
3207 1588 3367 1644 fuisse
3397 1587 3448 1642 in
3479 1589 3842 1659 pcenitentiam

2253 1685 2614 1745 peccatorum,
2641 1678 2763 1749 quia
2789 1694 2856 1734 eo
2880 1679 3175 1749 baptizatus
3198 1690 3282 1735 est
3308 1680 3581 1748 Christus,
3609 1681 3696 1752 qui
3723 1683 3844 1738 uul-

2251 1769 2362 1824 lum
2394 1769 2624 1826 habebat
2651 1770 2872 1825 ontuiuo
2905 1781 3204 1841 peccatum.
3239 1771 3296 1827 Si
3327 1780 3505 1828 autem
3537 1771 3704 1843 potuit
3739 1773 3841 1829 alia

2249 1876 2432 1929 causa,
2461 1877 2566 1917 non
2596 1878 2657 1917 ea
2683 1879 2786 1934 qua
2811 1867 3013 1930 caeteri,
3049 1863 3338 1933 baptizari,
3373 1863 3423 1919 id
3447 1873 3556 1930 est,
3587 1880 3693 1920 non
3717 1879 3844 1935 pro-

2253 1961 2371 2023 pter
2396 1968 2612 2008 carnem
2643 1955 2868 2024 peccati,
2898 1971 3056 2024 quam
3083 1971 3189 2008 non
3217 1954 3480 2020 habebat;
3513 1955 3606 2011 sed
3627 1965 3846 2027 propter

2251 2045 2649 2100 similitudinem
2673 2047 2852 2100 carnis
2874 2047 3096 2116 peccati,
3125 2062 3282 2117 quam
3307 2061 3402 2116 pro
3427 2047 3698 2102 liberanda
3721 2063 3846 2116 pec-

2251 2136 2353 2191 cati
2381 2150 2542 2190 carne
2581 2145 2930 2206 susceperat:
2962 2137 3132 2206 potuit
3163 2138 3322 2191 etiam
3362 2138 3602 2192 membra
3642 2145 3843 2208 tegere,

2253 2241 2357 2281 non
2388 2241 2452 2280 ea
2479 2241 2636 2280 causa
2665 2242 2765 2296 qua
2795 2227 3010 2293 caeteri;
3044 2227 3139 2282 sed
3183 2238 3238 2280 ut
3273 2228 3350 2282 sic
3389 2237 3706 2298 congrueret
3747 2245 3846 2298 pu-

2250 2318 2423 2374 denda
2461 2319 2788 2389 tegentibus,
2821 2319 2952 2374 nihil
2991 2320 3191 2375 habens
3221 2319 3558 2390 pudendum;
3590 2321 3845 2390 quemad-

2253 2409 2466 2464 modum
2487 2411 2780 2480 baptizatus
2795 2414 3041 2482 congruit
3059 2412 3456 2482 pmnitentibus,
3477 2412 3608 2467 nihil
3624 2413 3848 2470 abluens

2253 2502 2638 2572 ptenitendum.
2682 2503 2952 2558 Decebant
2993 2505 3190 2574 quippe
3229 2503 3629 2559 similitudinem
3671 2506 3847 2560 carnis

2253 2593 2491 2662 peccati,
2521 2607 2582 2646 ea
2609 2592 2798 2662 quibus
2829 2593 3098 2664 indigebat
3123 2609 3248 2649 caro
3273 2594 3496 2665 peccati.
3531 2595 3846 2665 Quanquam

2251 2693 2306 2740 ct
2333 2685 2444 2754 ipsa
2473 2685 2681 2754 species
2709 2684 2924 2740 liutuaui
2956 2687 3196 2756 corporis
3229 2686 3386 2754 nudi,
3419 2687 3738 2757 ubicumque
3769 2687 3848 2740 in-

2251 2777 2406 2831 solita
2438 2785 2542 2840 cst,
2575 2777 2862 2832 lunnanum
2894 2779 3116 2834 elfendit
3143 2789 3439 2850 aspectum.
3470 2778 3626 2835 Unde
3651 2789 3706 2833 et
3735 2781 3846 2833 An-

2251 2869 2354 2940 geli
2403 2871 2490 2940 qui
2543 2869 2816 2925 hominum
2869 2871 3070 2926 similes
3122 2872 3425 2928 hominibus
3467 2881 3846 2944 apparuerunt,

2251 2961 2424 3016 vestiti
2455 2977 2714 3031 apparere
2747 2962 3066 3024 voluerunt,
3099 2964 3236 3017 sicut
3266 2963 3494 3018 Innnaua
3519 2963 3848 3018 consuetudo

2253 3054 2522 3122 poscebat.
2556 3054 2662 3109 Sed
2692 3053 2806 3108 haec
2831 3054 3162 3110 consuetudo
3187 3055 3230 3110 si
3255 3055 3396 3110 unde
3419 3056 3676 3126 originem
3705 3070 3850 3110 sum-

2253 3149 2418 3216 pserit
2459 3147 2840 3213 recordemur,
2881 3148 3114 3202 occurrit
3141 3148 3294 3218 primi
3325 3163 3482 3203 causa
3517 3149 3751 3218 peccati,
3795 3149 3846 3202 in

2251 3240 2354 3296 illis
2377 3239 2706 3307 hominibus,
2733 3241 2822 3312 qui
2852 3239 3159 3312 priusquam
3189 3249 3489 3311 peccat-ent,
3519 3241 3770 3298 decenter
3795 3251 3848 3298 ct

2253 3330 2476 3386 honeste
2501 3341 2654 3386 erant
2679 3331 2732 3386 in
2757 3332 2874 3387 loco
2896 3341 3056 3386 tanta:
3077 3331 3416 3386 beatitudinis
3437 3332 3583 3398 nudi,
3613 3333 3846 3387 nondum

2250 3421 2452 3476 scilicet
2481 3421 2548 3477 de
2565 3437 2670 3478 sua
2697 3437 2861 3478 carne
2881 3463 2898 3490 ,
2928 3437 3048 3493 quae
3079 3421 3392 3478 inobediens
3421 3423 3848 3479 iuobcdientibus

2251 3513 2457 3568 reddita
2485 3523 2600 3581 est,
2641 3522 2827 3569 contra
2865 3513 3110 3584 spiritum
3140 3515 3552 3584 concupiscente
3575 3515 3592 3548 ¹
3619 3515 3844 3568 confusi.

2249 3605 2388 3660 Nihil
2411 3621 2540 3676 ergo
2567 3615 2618 3662 te
2645 3606 2860 3676 adjuvat
2885 3607 3082 3662 Christi
3107 3606 3292 3675 vestis,
3319 3615 3376 3662 ut
3401 3607 3848 3677 concupiscentia:

2249 3697 2427 3752 carnis
2455 3695 2704 3753 defensor
2732 3697 3014 3768 impudens
3043 3713 3150 3753 non
3181 3701 3275 3753 sis.

2324 3787 2510 3844 LXIV.
2539 3787 2658 3843 Jun.
2703 3789 2864 3844 Vides
2901 3789 3060 3860 igitur
3103 3788 3298 3844 frustra
3343 3797 3396 3845 te
3437 3797 3710 3858 peccatum
3749 3805 3847 3842 vo-

2249 3893 2432 3945 ca-se,
2462 3881 2506 3934 si
2529 3881 2550 3912 ²
2577 3879 2628 3934 ἰη
2659 3878 2743 3936 his
2771 3880 3054 3951 operibus,
3095 3895 3216 3950 qua:
3245 3880 3384 3935 Deus
3411 3879 3534 3936 fecit
3556 3921 3572 3948 ,
3603 3881 3845 3935 velamen

2251 3969 2512 4025 fateamur
2533 3970 2915 4039 adhibendum,
2943 3971 3084 4042 quod
3111 3971 3369 4026 Dominus
3391 3979 3575 4027 noster
3597 3981 3652 4026 ct
3677 3971 3848 4025 Immi-

2249 4061 2336 4117 nis
2365 4063 2622 4118 formator
2652 4063 2914 4132 instituit,
2956 4071 3011 4119 et
3049 4064 3210 4118 homo
3245 4063 3417 4120 factus
3454 4066 3714 4120 exercuit.
3747 4065 3848 4120 Det

2250 4169 2379 4210 sane
2421 4156 2630 4210 veniam
2669 4156 2968 4211 reverentia
3001 4155 3408 4226 Redemptoris,
3448 4157 3570 4227 quia
3599 4156 3662 4212 ad
3693 4171 3844 4212 asse-

2251 4245 2471 4300 rend'am
2501 4245 2781 4302 veritatem
2809 4245 3070 4318 mysterii,
3099 4247 3620 4318 Manichzeorumque
3649 4247 3843 4317 ﬂagitia

2249 4339 2572 4395 destruenda
2591 4380 2608 4406 ,
2637 4339 2906 4410 loquimur
2939 4339 3008 4394 de
3043 4355 3203 4394 carne
3231 4339 3350 4410 ejus
3377 4339 3664 4404 audacter;
3703 4336 3844 4409 quod

2251 4431 2352 4485 nisi
2389 4430 2520 4485 fides
2546 4430 2816 4501 exigeret,
2853 4429 3152 4486 reverentia
3179 4429 3420 4484 modesta
3449 4447 3556 4484 non
3585 4438 3842 4499 tangeret.

2320 4523 2460 4578 Auc.
2487 4521 2606 4576 Non
2633 4520 2892 4576 audacter
2929 4521 2996 4577 de
3019 4536 3182 4577 carne
3205 4518 3402 4575 Christi
3435 4521 3670 4589 loqueris
3701 4535 3842 4584 vera,

2249 4615 2344 4670 sed
2371 4615 2652 4670 infeliciter
2681 4614 2848 4680 falsa;
2882 4629 2986 4668 non
3017 4613 3082 4668 ad
3111 4614 3520 4668 Manichmormn
3543 4653 3557 4676 ,
3589 4613 3726 4666 sicut
3753 4611 3842 4666 tibi

2251 4708 2541 4771 blandiris,
2569 4707 2764 4778 ﬂagitia
2795 4705 3156 4772 destruenda,
3189 4705 3282 4760 sed
3317 4706 3490 4775 potius
3525 4703 3844 4774 adjuvanda.

2251 4799 2306 4854 Si
2337 4798 2684 4854 Manichmum
2729 4799 2932 4868 cogitas
2973 4797 3226 4863 vincere,
3277 4795 3385 4850 noli
3431 4795 3609 4850 dicere
3653 4795 3846 4849 bonum

2250 4907 2372 4948 esse
2397 4891 2540 4962 quod
2569 4900 2652 4947 cst
2679 4891 2914 4956 malum;
2949 4890 3044 4946 sed
3071 4890 3156 4944 dic
3183 4889 3322 4944 unde
3349 4889 3418 4942 sit
3441 4889 3638 4944 malum
3659 4931 3671 4950 ,
3705 4889 3844 4956 quod

2251 4983 2538 5038 ostendere
2567 4997 2670 5038 neu
2715 4991 2868 5052 potes
2905 4981 3124 5036 bonum.
3159 4980 3272 5034 Iloe
3299 4979 3440 5033 enim
3472 4993 3590 5034 esse
3617 4978 3683 5032 de
3713 4993 3850 5048 pra:-

2252 5075 2580 5130 varicatione
2603 5075 2758 5144 primi
2783 5073 3017 5130 hominis
3041 5073 3168 5128 dum
3193 5087 3298 5128 non
3327 5073 3406 5128 vis
3425 5088 3544 5128 cmn
3565 5069 3850 5125 Ambrosio

2249 5169 2432 5224 dicere
2460 5166 2800 5241 (Ambranos,
2827 5167 2916 5222 lib.
2944 5167 2974 5220 7
3001 5167 3054 5220 in
3079 5164 3210 5220 Luc.
3234 5163 3328 5237 xu)
3347 5207 3361 5230 ,
3395 5163 3630 5234 profecto
3655 5163 3846 5226 efficis,

2252 5269 2310 5314 ut
2355 5259 2426 5314 de
2471 5259 2646 5313 aliena
2699 5267 2886 5312 natura
2935 5256 3259 5312 Manichacus
3309 5271 3494 5312 verum
3541 5269 3600 5310 se
3643 5253 3851 5324 jactitet

2250 5349 2452 5406 dicere.

2323 5439 2484 5496 LXV.
2517 5439 2634 5494 ιω..
2679 5459 2698 5491 ι
2727 5439 2832 5496 Sed
2867 5441 2994 5504 iste,
3025 5457 3044 5491 ι
3079 5439 3253 5510 inquis
3275 5481 3287 5504 ,
3325 5457 3344 5491 ‹
3375 5439 3544 5494 uoluit
3573 5437 3850 5492 nominare

2249 5531 2732 5602 concupiscentiam
2757 5531 2968 5596 carnis;
2999 5539 3138 5584 tacet
3163 5529 3282 5600 quia
3317 5528 3494 5597 pudet,
3533 5543 3597 5582 ac
3619 5527 3776 5593 mira,
3803 5525 3848 5580 si

2249 5624 2352 5679 dici
2381 5631 2575 5694 potest,
2601 5621 2819 5692 pudoris
2833 5621 3170 5692 impudentia
3193 5620 3469 5675 nominare
3491 5617 3680 5690 pudet,
3701 5615 3847 5686 quod

2315 5801 2328 5830 ¹
2366 5797 2481 5848 Editi
2497 5835 2509 5850 .
2539 5794 3250 5858 concupiscentiw.Fxnendatur
3275 5793 3335 5845 ad
3358 5799 3464 5843 Mss.
3491 5797 3598 5842 Mar.
3627 5796 3676 5842 et
3699 5795 3829 5841 Fort.

2311 5863 2331 5892 ‘
2367 5859 2638 5908 addidimus
2657 5889 2673 5916 .
2692 5857 2752 5919 si,
2777 5872 2836 5908 ex
2865 5864 2943 5906 Ms.
2973 5865 3094 5907 Port.
