4172 6506
294 339 433 397 ’577

290 451 510 509 laudare‘
528 467 633 508 non
659 453 819 523 pudet
849 469 866 502 ι
901 447 1000 521 (De
1023 445 1230 517 Nuptiis
1259 452 1303 496 et
1335 437 1770 510 Coucupisccntia,
1793 437 1882 492 lib.

291 545 347 610 Ξ,
369 562 422 598 η.
454 543 568 613 i7).
595 544 848 614 Displicet
877 541 1036 611 igitur
1065 537 1179 601 tibi,
1207 534 1330 604 quia
1359 531 1602 586 novimus
1623 543 1888 584 verecun-

288 634 438 690 diora
480 643 695 702 nostra,
727 632 1016 689 secundum
1059 625 1406 697 Apostoluttt,
1443 620 1744 677 necessaria
1782 618 1886 672 ho-

292 738 499 785 nestate
539 727 765 784 velanda
795 725 846 800 (I
874 725 992 780 Cor.
1029 737 1104 776 xu
1124 762 1139 788 ,
1175 718 1306 790 23);
1335 716 1460 788 quia
1491 716 1544 769 in
1575 715 1679 768 hoc
1705 712 1885 768 consi-

294 822 422 876 lium
461 821 737 890 scquitur‘
776 815 1120 880 Conditoris,
1166 822 1224 867 ut
1266 810 1408 881 quod
1457 809 1544 864 ille
1588 806 1641 862 in
1683 816 1888 863 secreta

291 912 536 982 corporis
563 920 714 981 parte
737 907 1030 972 constituit,
1061 919 1159 960 nos
1183 901 1405 958 totidem
1431 898 1736 956 verecundo
1762 913 1892 968 ope-

294 1004 494 1058 riamus
522 1002 760 1057 obtectu.

364 1097 504 1151 Anc.
533 1094 642 1150 Res
667 1094 800 1148 dicis
830 1090 1120 1157 mirabiles,
1144 1097 1274 1144 tunc
1297 1086 1468 1142 Adam
1494 1093 1549 1141 et
1567 1085 1731 1140 Evam
1753 1082 1892 1139 Con-

297 1187 485 1243 ditoris
509 1201 628 1242 esse
655 1196 865 1243 secutos
888 1183 1192 1246 consilium,
1224 1179 1442 1252 quando
1465 1179 1581 1250 ejus
1604 1178 1892 1233 deseruere

298 1287 659 1348 praeceptum,
713 1275 987 1347 sequendo
1033 1274 1314 1329 consilium
1367 1270 1688 1340 deceptoris.
1739 1268 1894 1323 Prius

295 1371 439 1426 enim
483 1385 643 1441 quam
689 1369 793 1424 hoc
835 1369 1042 1430 malum.
1079 1372 1512 1438 perpetrassent,
1557 1378 1678 1419 cum
1720 1361 1894 1416 adhuc

297 1469 480 1514 essent
504 1459 635 1514 recti
655 1468 816 1529 atque
839 1457 1081 1528 perfecti,
1103 1472 1211 1512 non
1230 1455 1592 1527 sequebantur
1611 1454 1893 1509 consilium

279 1552 625 1619 Conditoris,
653 1560 712 1606 ut
733 1550 875 1622 quod
899 1551 992 1606 ille
1017 1549 1074 1604 in
1099 1557 1306 1606 secreta
1330 1547 1575 1620 corporis
1599 1555 1750 1618 parte
1769 1561 1896 1601 con-

297 1643 498 1710 stituit,
535 1642 734 1698 nudum
779 1641 1178 1712 relinquerent,
1218 1654 1320 1694 nec
1348 1637 1651 1694 verecundo
1679 1636 1896 1691 ohtectu

299 1735 514 1807 operire
537 1734 824 1790 curarent?
854 1733 1026 1788 llomo
1053 1731 1548 1803 impudentissime,
1589 1729 1728 1800 quod
1769 1744 1894 1784 sen-

300 1837 488 1883 serunt
521 1827 737 1898 quando
773 1825 1132 1894 erubuerunt,
1166 1824 1386 1881 laudare
1424 1823 1578 1895 pejus
1614 1832 1697 1879 est
1735 1837 1895 1894 quam

300 1917 524 1973 nudare.

373 2007 558 2062 LXVI.
595 2007 717 2063 lue.
760 2005 867 2064 llas
912 2016 1091 2064 tamen
1131 2005 1492 2064 elocutionum
1536 2005 1896 2071 diversitates,

300 2109 436 2171 quas
463 2109 519 2155 tu
547 2115 651 2155 non
679 2100 854 2155 solum
883 2115 991 2156 non
1020 2101 1278 2165 imitaris,
1308 2115 1493 2156 verum
1527 2101 1687 2156 etiam
1711 2099 1898 2154 crimi-

302 2194 467 2259 naris,
497 2209 721 2264 quarunt
749 2207 849 2248 nos
875 2193 1194 2263 adjuvamur
1221 2191 1433 2257 ofﬁciis,
1463 2207 1570 2248 non
1600 2191 1898 2262 linguarum

303 2285 565 2350 omnium,
589 2284 682 2340 sed
701 2299 895 2355 graeca:
915 2292 970 2339 et
988 2283 1168 2338 latina:
1187 2283 1360 2338 cultus
1386 2283 1607 2338 invenit.
1633 2281 1899 2339 Caeterum

306 2376 500 2446 linguai
537 2375 690 2440 alite,
720 2391 838 2446 qua:
878 2376 1148 2433 naturales
1186 2384 1478 2439 vocantur,
1509 2374 1582 2430 ob
1619 2375 1721 2430 hoc
1757 2374 1900 2445 quod

304 2468 436 2524 nihil
467 2469 546 2524 eis
580 2476 673 2522 aut
709 2483 870 2538 opum
908 2476 1003 2522 aut
1044 2467 1234 2522 nitoris
1276 2465 1448 2522 studia
1487 2475 1668 2521 secuta
1710 2475 1902 2520 conlu-

307 2559 501 2625 lerint,
549 2559 880 2630 simplicibus
919 2559 1138 2613 omnino
1183 2557 1490 2612 nominibus
1535 2556 1902 2612 membrorum

305 2654 598 2708 abutuntur
624 2670 637 2706 :
669 2652 807 2708 unde
833 2661 888 2707 et
912 2651 1052 2722 apud
1083 2651 1368 2716 Hebraeos,
1400 2665 1630 2721 quorum
1655 2663 1904 2705 sermone

304 2743 698 2812 Scripturarum
739 2744 938 2814 paritas
967 2744 1300 2810 continetur,
1337 2743 1568 2812 propriis
1591 2741 1770 2799 omnia
1803 2757 1903 2798 vo-

306 2834 513 2890 cabulis
553 2833 872 2888 indicantur.

379 2927 520 2981 Atto.
549 2924 770 2979 Multum
793 2922 996 2977 falleris
1025 2939 1039 2976 :
1071 2925 1219 2993 quasi
1247 2924 1298 2977 in
1321 2924 1540 2980 hebrzeo
1561 2925 1774 2995 eloquio
1795 2940 1902 2980 non

304 3017 379 3072 sit
411 3015 615 3084 tropica
655 3014 887 3080 locutio,
937 3013 988 3067 in
1025 3029 1127 3084 qua
1160 3015 1342 3084 utique
1370 3030 1475 3069 non
1520 3017 1771 3086 propria,
1809 3017 1906 3071 sed

308 3105 565 3160 translata
611 3115 738 3159 sunt
780 3104 963 3160 verba.
1012 3105 1209 3160 Verum
1257 3106 1359 3160 hoc
1397 3106 1782 3176 qualecumque
1810 3107 1904 3175 sit,

306 3197 434 3268 quid
465 3205 519 3253 te
547 3197 763 3268 adjuvat
781 3197 842 3251 '?
870 3197 928 3252 In
961 3196 1189 3253 hebraeis
1217 3208 1364 3254 certe
1395 3199 1562 3254 sacris
1587 3199 1802 3255 Litteris
1830 3200 1910 3256 le-

307 3289 482 3359 gitur,
512 3298 564 3343 et
589 3288 806 3360 quando
831 3289 902 3343 illi
933 3290 1090 3359 primi
1117 3289 1364 3346 homines
1393 3291 1519 3347 nudi
1550 3291 1779 3360 fuerint,
1807 3307 1908 3348 nec

308 3381 560 3452 puducrit
584 3396 714 3446 eos;
745 3391 800 3437 et
824 3381 1038 3452 quando
1063 3382 1131 3437 de
1155 3398 1249 3438 sua
1277 3382 1518 3439 nuditate
1541 3383 1747 3439 confusi
1775 3385 1904 3471 sint,

309 3483 365 3530 et
389 3490 510 3545 qua:
545 3474 786 3531 membra
813 3476 1043 3532 texerint
1068 3475 1220 3549 (Gen.
1247 3493 1312 3544 ιι,
1335 3477 1526 3546 25-1",
1556 3479 1646 3550 7);
1687 3489 1748 3536 ut
1785 3495 1909 3552 pos-

309 3581 494 3622 semus
519 3581 680 3623 nosse
706 3567 832 3638 quid
861 3569 1150 3636 senserint,
1179 3580 1234 3624 et
1263 3571 1404 3626 unde
1434 3571 1639 3628 confusi
1669 3575 1798 3630 sint.
1827 3575 1906 3631 Tu

308 3659 356 3713 si
383 3659 464 3714 vis
488 3660 545 3714 in
577 3658 678 3716 hac
705 3673 868 3714 causa
898 3667 950 3715 te
976 3660 1118 3716 unde
1155 3659 1500 3719 confunderis
1541 3671 1754 3736 tegere,
1785 3675 1904 3722 tan-

307 3750 430 3806 dem
471 3759 609 3806 tace.

379 3842 587 3898 LXVII.
628 3842 751 3898 ιω..
790 3842 1098 3914 Eademque
1143 3844 1448 3913 securitate,
1499 3862 1604 3918 qua
1649 3848 1815 3918 pedes
1853 3859 1908 3906 et

307 3949 502 4006 genua,
533 3934 696 3990 etiam
720 3935 971 4006 genitalia
1002 3935 1279 4008 utriusque
1305 3951 1468 3994 sexus
1493 3949 1769 3996 vocantur.
1800 3942 1907 3999 Nos

307 4039 439 4080 sane
467 4039 567 4080 nec
593 4039 716 4080 cum
747 4025 847 4080 ista
877 4025 1199 4096 suﬂ'ragetur
1223 4029 1534 4096 auctoritas,
1569 4029 1908 4100 pudentioris

308 4115 504 4184 eloquii
545 4114 868 4171 adminicula
917 4116 1248 4186 negleximus
1281 4135 1296 4171 :
1327 4118 1450 4188 quia
1501 4121 1906 4190 reprehensioni

305 4204 616 4274 justissima:
649 4213 817 4276 patet,
848 4206 966 4261 sine
1003 4207 1112 4261 ullo
1151 4209 1484 4278 negotiorum
1511 4221 1696 4267 coactu
1725 4214 1909 4283 negle-

309 4305 427 4352 ctus
445 4296 678 4362 decoris,
709 4298 798 4367 qui
829 4313 934 4353 non
963 4299 1140 4354 minus
1165 4299 1218 4354 in
1251 4300 1429 4356 verbis
1453 4318 1612 4372 quam
1643 4304 1695 4358 in
1726 4307 1906 4376 operi-

309 4388 432 4456 bus,
453 4397 708 4460 quantum
735 4390 1012 4459 pertulerit
1046 4406 1224 4448 causa:
1257 4393 1414 4458 ratio,
1455 4395 1766 4452 retinendus
1802 4409 1906 4455 est.

301 4479 474 4550 .lgitur
497 4480 622 4550 quia
647 4480 1080 4548 concupiscentia
1122 4482 1382 4537 naturalis
1424 4498 1525 4539 nec
1564 4486 1784 4555 pudoris
1813 4504 1910 4558 op-

311 4571 528 4642 probrio
557 4571 727 4640 potuit
755 4570 990 4639 coargui,
1017 4581 1071 4625 et
1091 4571 1396 4627 Conditoris
1424 4575 1503 4628 sui
1531 4575 1786 4645 dignitate
1810 4581 1909 4636 de-

311 4663 463 4719 fensa
487 4669 590 4727 est,
620 4659 688 4714 ad
723 4658 824 4714 hoc
847 4659 1018 4714 solum
1039 4699 1054 4724 ,
1105 4675 1211 4714 non
1234 4670 1295 4715 ,ιιι
1323 4663 1476 4732 quasi
1525 4680 1775 4734 maguum
1805 4669 1903 4723 bo-

303 4727 464 4819 num,
490 4751 686 4822 quippe
711 4748 855 4820 quod
883 4748 990 4803 sit’
1017 4749 1321 4806 hominibus
1339 4727 1739 4825 pecoribusque
1760 4771 1908 4812 com-

312 4861 496 4912 mune,
527 4843 624 4900 sed
649 4843 802 4915 quasi
828 4841 1190 4898 necessarium
1220 4843 1438 4898 scxibus
1468 4845 1905 4917 instrumentum,

302 4958 331 4991 ,ι
367 4940 488 5010 jure
505 4938 810 4994 daemonum
834 4934 1118 5001 vindicata,
1138 4934 1279 4991 inter
1295 4935 1410 5004 ejus
1430 4951 1592 5007 opera
1619 4938 1906 5010 locaretur,

314 5031 405 5102 qui
426 5029 681 5085 mundum
703 5028 825 5084 fecit
849 5035 905 5083 et
925 5040 1153 5098 corpora
1176 5041 1207 5082 a
1235 5027 1379 5081 nullo
1399 5037 1580 5083 autem
1606 5039 1905 5101 accusatur,

315 5121 417 5177 nisi
446 5136 477 5176 a
516 5121 826 5186 Manichago,
857 5127 912 5175 et
939 5116 1278 5174 Traduciano
1303 5116 1420 5190 ejus
1458 5117 1671 5175 haerede
1696 5136 1712 5174 :
1739 5135 1909 5193 appa-

317 5210 439 5268 ret‘
464 5210 720 5267 naturalis
742 5210 966 5281 peccati,
999 5213 1152 5281 cujus
1182 5225 1343 5267 omne
1370 5210 1676 5283 prtesidium
1711 5211 1768 5269 in
1808 5228 1908 5270 na-

381 5411 398 5442 ¹
433 5417 591 5472 Forte,
614 5407 878 5472 sequimur.

378 5473 399 5503 θ
433 5469 882 5543 tneditisomissus
908 5469 1228 5543 ξειθηῖρςειιεε
1255 5479 1431 5524 rerum
1451 5472 1545 5543 hoc
1563 5473 1912 5543 qualecumque

313 5532 402 5600 sit,
423 5531 540 5600 quid
561 5539 609 5600 te
630 5533 834 5600 adjuvat
847 5529 1194 5600 {questituitur
1215 5545 1276 5582 ex
1309 5529 1659 5600 manuscrip'tis.

349 5597 404 5666 La
435 5590 741 5658 \rignierius,
785 5590 926 5643 absit.
990 5599 1100 5643 star.
1148 5591 1302 5656 Clar.,
1357 5597 1503 5648 adsit.
1550 5590 1725 5650 'codex
1760 5607 1905 5664 f’ort.,

316 5664 394 5708 ιιι.

381 5719 403 5750 δ
436 5717 711 5792 vignierius
726 5719 970 5792 .Vappa‘rct
992 5720 1169 5767 autent.
1189 5715 1437 5770 ttedundat
1453 5721 1702 5786 particula,
1729 5733 1910 5792 autem,

315 5792 411 5831 nec
433 5787 510 5830 est
530 5780 579 5830 in
615 5780 966 5842 manusu'ijitis.

1655 319 1720 374 L‘l
1729 318 1861 375 BER
1899 317 2247 387 QUARTUS.

3445 327 3586 385 15⁸18

1994 446 2128 492 tum
2175 437 2640 496 criminationibus
2689 443 2947 513 luerehat,
2995 451 3162 499 totum
3193 446 3475 504 evanuisse
3521 448 3585 504 ft-

1992 539 2265 600 gmcntum
2276 571 2289 584 .

2065 624 2202 680 Aac.
2244 624 2383 682 Ecce
2404 627 2579 683 adhuc
2602 628 2735 684 dicis
2758 631 3243 701 concupiscentiam
3265 635 3585 701 naturalem,

1993 729 2119 771 eme
2142 715 2319 771 adhuc
2352 726 2607 788 quantum
2635 731 2804 790 potes,
2835 733 3136 793 susceptam
3169 735 3334 792 tuam,
3368 743 3434 780 ne
3461 744 3587 797 pos.

1995 805 2067 860 sit
2091 822 2212 877 quze
2239 808 2308 862 sit
2334 808 2824 882 intelligi,contegis
2836 813 3080 885 ambigua
3112 825 3257 872 veste
3278 819 3585 872 verborum.

1996 894 2102 952 Cur
2121 898 2263 953 enim
2291 914 2396 954 non
2417 900 2566 968 dicis,
2597 901 3039 972 Concupiscentia
3069 909 3280 974 carnis;
3312 910 3408 966 sed
3429 911 3586 976 dicis,

2001 1005 2022 1040 ι
2054 990 2483 1059 concupiscentia
2531 994 2823 1050 naturalis?
2851 1015 2871 1047 ›
2921 996 3109 1054 Nonne
3152 1002 3586 1069 concupiscentia

1997 1080 2340 1138 beatitudinis
2364 1093 2448 1138 est
2485 1086 2915 1156 concupiscentia
2947 1091 3238 1145 naturalis?
3278 1091 3388 1146 Cur
3417 1093 3590 1147 ambi-

1991 1187 2098 1242 gue
2123 1173 2395 1244 loqueris?
2423 1175 2591 1244 Quam
2623 1177 2878 1233 tuendam
2906 1181 3218 1251 suscepisti,
3257 1184 3462 1253 appella
3489 1199 3590 1238 suo

1994 1266 2216 1320 nomine
2247 1282 2262 1320 :
2293 1266 2422 1336 quid
2451 1267 2689 1324 vereris?
2730 1271 2812 1324 An
2847 1271 2898 1324 in
2934 1274 3073 1326 mala
3110 1288 3272 1328 causa
3306 1275 3423 1344 ejus
3453 1275 3592 1331 forte

2000 1357 2261 1424 turbatus,
2291 1358 2488 1415 oblitus
2517 1377 2576 1416 es
2601 1361 2728 1433 quid
2754 1364 3009 1420 vocetur?
3044 1365 3158 1420 lino
3180 1383 3306 1422 vero
3337 1367 3591 1438 vigilante

2001 1451 2280 1518 memoria,
2299 1465 2404 1506 non
2424 1453 2504 1507 vis
2514 1468 2632 1508 eam
2647 1456 2824 1510 carnis
2843 1457 3326 1528 concupiscentiam
3343 1464 3589 1516 nomina-

2001 1555 2086 1594 re:
2107 1542 2244 1596 nosti
2267 1543 2406 1597 enim
2430 1543 2584 1600 laude
2605 1544 2720 1615 ejus
2738 1545 2936 1602 offendi
2952 1563 3066 1615 eos,
3089 1552 3178 1620 qui
3197 1550 3300 1606 hoc
3325 1567 3517 1608 nomen
3537 1553 3590 1607 in

1999 1628 2290 1701 Scripturis
2306 1635 2503 1689 sanctis
2522 1651 2628 1690 non
2652 1638 2750 1692 nisi
2770 1638 2918 1712 in_rei
2941 1640 3096 1696 mala:
3114 1642 3501 1712 signiﬁcatione
3518 1645 3594 1701 le~

1999 1733 2213 1792 gerunt.
2231 1721 2336 1778 lsto
2347 1735 2522 1780 autem
2543 1729 2758 1784 nomine
2771 1740 2946 1796 utens,
2963 1741 3017 1787 et
3031 1735 3306 1803 appellans
3328 1751 3445 1790 eam
3463 1751 3596 1791 con-

2001 1813 2382 1883 cupiscentiam
2407 1820 2723 1888 naturalem,
2748 1822 2885 1876 inter
2905 1823 3022 1893 ejus
3038 1839 3200 1894 opera
3222 1826 3400 1882 locare
3429 1843 3592 1884 cona-

2001 1906 2097 1973 ris,
2119 1908 2232 1978 qui,
2259 1917 2317 1964 ut
2334 1909 2466 1965 dicis
2482 1920 2535 1967 et
2553 1927 2732 1968 verum
2745 1924 2854 1982 est,
2878 1917 3122 1970 utendum
3139 1919 3254 1988 fecit
3284 1930 3329 1972 et
3342 1937 3555 1992 corpora
3573 1938 3594 1976 :

2001 2011 2123 2052 cum
2144 1997 2286 2055 dicat
2311 2017 2430 2058 eam
2457 2002 2691 2060 Joannes
2717 2021 2748 2060 a
2774 2006 2931 2062 Patre
2961 2025 3066 2063 non
3102 2026 3223 2066 esse
3265 2011 3284 2082 (
3301 2011 3314 2064 l
3343 2011 3500 2068 Joau.
3531 2031 3591 2081 tt,

2003 2088 2118 2160 i6).
2152 2089 2292 2145 Deus
2321 2093 2536 2161 quidem
2575 2096 2832 2151 mundum
2873 2097 3000 2154 fecit
3024 2109 3080 2155 et
3111 2117 3336 2172 corpora
3375 2121 3596 2174 prorsus

2003 2181 2184 2236 omnia
2215 2200 2231 2237 :
2262 2183 2358 2238 sed
2384 2195 2442 2240 ut
2469 2200 2662 2256 corpus
2691 2191 3034 2261 corruptibile
3059 2204 3313 2265 aggravet
3336 2197 3595 2267 animam,

2004 2284 2058 2328 et
2077 2287 2204 2328 caro
2228 2277 2567 2346 concupiscat
2589 2279 2846 2335 adversus
2865 2283 3130 2352 spiritum,
3160 2301 3266 2340 non
3293 2297 3375 2341 est
3399 2305 3600 2357 prince-

2005 2363 2139 2420 dens
2169 2375 2353 2420 natura
2380 2366 2612 2423 hominis
2651 2371 2905 2438 instituti,
2947 2375 3041 2430 sed
3068 2391 3401 2448 consequens
3445 2397 3601 2449 ptena

2005 2454 2263 2510 damnati.
2295 2458 2341 2510 A
2369 2459 2534 2528 nullo,
2563 2460 2759 2532 inqttis,
2786 2474 3077 2532 accusatur,
3105 2468 3203 2522 nisi
3228 2487 3260 2522 a
3289 2469 3601 2540 Munichiae,

2006 2557 2054 2602 et
2080 2547 2404 2605 Traduciano
2425 2553 2535 2622 ejus
2563 2553 2784 2609 ltwrede.
2817 2557 3179 2614 Contumelias
3223 2570 3340 2617 tuas
3371 2578 3492 2618 cum
3520 2565 3602 2621 bis

2008 2655 2096 2696 me
2120 2641 2365 2712 accipere
2388 2643 2634 2714 gaudeo,
2675 2662 2811 2717 quos
2854 2649 2909 2703 in
2951 2665 3037 2706 me
3077 2652 3292 2721 culpare
3327 2655 3523 2723 audes,
3550 2666 3605 2710 et

2008 2732 2286 2788 nominare
2323 2750 2429 2788 non
2472 2735 2658 2791 audes.
2698 2736 2846 2794 Itane
2895 2755 3000 2795 non
3045 2755 3258 2798 accusat
3301 2757 3604 2817 susceptam

2009 2830 2176 2889 tuatn,
2214 2824 2304 2893 qui
2332 2823 2459 2879 dicit
2483 2829 2970 2897 concupiscentiam
3001 2834 3182 2888 carnis
3211 2835 3469 2894 adversus
3492 2841 3606 2910 spi-

2010 2915 2169 2968 ritum
2209 2930 2274 2970 ex
2305 2918 2744 2985 pnevaricatione
2780 2923 2938 2991 primi
2984 2924 3219 2982 hominis
3267 2929 3318 2983 in
3367 2942 3603 2987 nostram

2008 3005 2234 3059 vertisse
2279 3015 2523 3062 naturam
2566 3007 2907 3082 (Ambrosius,
2942 3014 3030 3068 lib.
3072 3017 3102 3070 7
3127 3017 3178 3072 iu
3209 3017 3340 3072 Luc.
3378 3020 3517 3092 xu)?
3543 3025 3608 3078 Et

2009 3095 2129 3164 quis
2158 3104 2240 3151 est
2263 3095 2381 3151 hic?
2411 3097 2503 3153 llle
2528 3100 2754 3169 scilicet,
2787 3105 2938 3173 cujus
2969 3106 3128 3162 fidem
3166 3121 3221 3164 ct
3257 3113 3603 3180 purissimum

2010 3185 2063 3240 in
2089 3185 2381 3258 Scripturis
2409 3204 2646 3261 sensum,
2679 3194 2816 3249 sicut
2854 3211 2977 3253 eum
3005 3200 3248 3271 Pelagius
3269 3215 3458 3260 auctor
3484 3215 3606 3264 tuus

2011 3277 2264 3347 pra-dicat
2290 3278 2578 3353 (Pelagius,
2625 3284 2688 3338 de
2721 3284 2905 3341 Libero
2940 3290 3181 3358 Arbitrio,
3224 3293 3313 3348 lib.
3360 3297 3425 3363 ὃς
3467 3299 3606 3368 apud

2008 3367 2370 3441 Augustinum,
2400 3373 2462 3426 de
2490 3372 2667 3429 Gratia
2696 3375 2904 3444 Christi,
2938 3398 3028 3436 nu.
3057 3384 3147 3449 46,
3175 3386 3292 3457 47),
3323 3403 3391 3443 ne
3422 3367 3606 3445 inimio

2009 3477 2105 3518 cus
2129 3464 2344 3534 quidem
2371 3483 2534 3523 ausus
2576 3479 2659 3524 est
2701 3473 3114 3541 reprehendere.
3156 3479 3430 3538 Adversus
3462 3482 3608 3540 hunc

2010 3568 2374 3613 accusatorem
2418 3571 2558 3615 tuam
2597 3563 2824 3621 defende
2855 3579 3181 3639 susceptam.
3223 3571 3358 3628 lluic
3397 3574 3605 3631 doctori

2010 3663 2153 3716 meo,
2179 3659 2232 3705 et
2261 3650 2332 3705 illi
2374 3651 2630 3708 laudatori
2660 3655 2779 3725 ejus
2801 3657 3005 3713 doctori
3043 3670 3154 3729 tuo,
3183 3678 3282 3733 pro
3311 3665 3398 3720 illa
3418 3667 3605 3722 convi-

2011 3739 2174 3806 ciare,
2203 3752 2456 3812 quantum
2483 3753 2650 3812 potes,
2699 3759 2754 3801 ut
2798 3750 3150 3818 patrocinium
3189 3763 3338 3810 tuum
3378 3757 3605 3814 liberum

2011 3832 2141 3886 satis
2170 3840 2225 3887 et
2253 3832 2406 3888 fidele
2436 3833 2808 3905 demonstres;
2853 3856 2920 3896 ne
2966 3848 3019 3896 te
3062 3843 3405 3903 defensorem
3449 3863 3606 3906 suum

2013 3933 2261 3996 tanquam
2281 3926 2521 3982 timidum
2540 3929 2705 3984 libido
2725 3930 2938 3988 deserat
2956 3949 2972 4000 ;
2989 3938 3232 4005 quamvis
3254 3939 3480 3998 alterum
3501 3959 3608 4000 non

2012 4017 2266 4080 inveniat.
2295 4020 2382 4089 qui
2415 4037 2510 4090 pro
2539 4021 2626 4076 illa
2658 4025 2836 4080 minus
2867 4027 3169 4085 erubescat.

2084 4109 2316 4201 LXVlll.
2357 4112 2476 4169 ιω..
2519 4117 2597 4170 Ac
2637 4132 2733 4186 per
2773 4118 2874 4174 hoc
2913 4125 3222 4182 necessarie
3261 4127 3608 4201 interrogavi,

2011 4200 2137 4270 quid
2166 4217 2318 4256 suum
2342 4217 2692 4272 cognosceret
2719 4206 2964 4265 diabolus
2990 4211 3044 4266 iu
3073 4215 3310 4284 sexibns,
3338 4233 3436 4288 per
3462 4200 3608 4290 quod

2012 4292 2243 4348 fructum
2297 4308 2483 4350 eorum
2529 4296 2649 4366 jure
2692 4299 3043 4371 decerperet;
3099 4307 3190 4376 qui
3243 4325 3345 4365 nec
3390 4326 3606 4370 carnem

2013 4397 2370 4458 compegerat,
2405 4405 2506 4446 nec
2545 4392 2786 4448 membra
2832 4395 3172 4466 formaverat,
3219 4417 3317 4458 nec
3353 4406 3608 4475 genitalia

2011 4478 2255 4546 dederat,
2282 4496 2381 4536 nec
2409 4482 2728 4540 distinxerat
2754 4495 2971 4553 sexum;
2996 4507 3096 4548 nec
3123 4495 3430 4567 conjugium
3457 4500 3606 4556 ordi-

2012 4579 2252 4636 naverat,
2283 4589 2382 4630 nec
2401 4577 2859 4644 commixtionem,
2887 4582 3006 4638 sine
3029 4601 3132 4654 qua
3158 4587 3463 4658 eonjugium
3484 4606 3609 4649 esse

2013 4679 2119 4718 non
2143 4673 2337 4734 potest,
2364 4674 2457 4721 aut
2480 4666 2806 4724 fecunditate
2826 4671 3201 4745 bonoraverat,
3227 4687 3318 4733 aut
3339 4681 3609 4751 voluptate

2012 4764 2360 4824 resperserat.

2084 4847 2220 4903 Atto.
2261 4846 2402 4902 Nihil
2449 4848 2640 4906 horum
2678 4851 2894 4924 quidem
2939 4855 3141 4914 fecerat
3175 4860 3420 4920 diabolus
3455 4883 3471 4921 :
3510 4868 3605 4924 sed

2014 4938 2427 4996 inobedientiam
2457 4955 2794 5012 persuaserat
2816 4947 2997 5005 animo
3025 4950 3280 5021 humano,
3309 4971 3466 5026 quam
3491 4975 3611 5032 pa:-

2016 5030 2152 5086 nalis
2180 5039 2234 5086 et
2262 5031 2506 5102 pudenda
2536 5036 2716 5091 carnis
2745 5037 3102 5098 inobedientia
3131 5057 3473 5117 sequeretur;
3497 5030 3608 5108 Vun-
3633 5075 3643 5084 σ

2013 5122 2083 5180 de
2112 5132 2386 5194 peccatum
2426 5128 2684 5198 originale
2715 5131 3049 5201 traheretur,
3078 5153 3174 5208 per
3214 5141 3356 5210 quod
3396 5143 3610 5202 diabolo

2014 5214 2336 5273 subderetur
2357 5220 2447 5288 qui
2477 5229 2805 5292 nasceretur,
2829 5238 2951 5280 cum
2975 5228 3167 5286 eodem
3199 5234 3467 5302 periturus
3491 5237 3611 5296 dia-

2014 5304 2140 5361 bolo
2167 5307 2266 5362 nisi
2288 5320 2682 5366 renasceretur.

2086 5395 2274 5453 LXIX.
2313 5398 2433 5454 Jun.
2475 5400 2571 5456 His
2597 5401 2777 5475 itaque
2805 5413 2860 5462 tu
2890 5407 3300 5471 dissertionibus
3321 5417 3362 5484 ¹,
3394 5419 3612 5474 certina

2017 5499 2183 5556 metu,
2215 5499 2270 5548 et
2292 5493 2512 5564 vulpino
2537 5496 2660 5552 dolo
2686 5499 2896 5557 obviam
2927 5503 3005 5560 ire
3035 5517 3288 5578 conatus,
3330 5511 3402 5566 ita
3436 5511 3611 5583 impo-

2018 5585 2168 5640 suisti
2196 5596 2420 5656 patrono
2449 5596 2542 5644 tuo
2567 5590 2631 5645 ad
2662 5608 2820 5663 quem
2849 5599 3040 5656 scribis
3058 5643 3083 5678 ,ι
3115 5612 3173 5658 ιιι
3207 5605 3456 5671 referres,
3482 5622 3612 5678 pro-

2019 5686 2138 5746 pter
2161 5691 2378 5734 sensum
2405 5683 2646 5751 corporis
2675 5691 2970 5746 naturalem
2987 5735 3002 5762 ,
3032 5692 3082 5749 id
3108 5704 3191 5752 est
3226 5699 3611 5768 concupiscen-

2086 5790 2102 5823 ¹
2138 5791 2296 5843 Codex
2322 5800 2469 5857 Port.,
2495 5793 2879 5854 discessienibus.
