4150 6492
609 313 749 370 1379

605 429 732 484 tiam
755 425 954 491 carnis,
985 424 1254 482 dominari
1275 425 1527 497 operibus
1554 433 1610 482 et
1634 422 1848 496 imagini
1870 422 1964 479 Dei
1986 420 2190 492 princi-

602 535 725 591 pem
773 519 1114 576 tenebrarum
1160 537 1175 574 :
1218 534 1340 575 cum
1379 535 1599 576 necesse
1641 527 1787 574 esset
1829 516 1897 572 ad
1936 515 2191 572 eumdem

600 621 846 684 spectare
864 621 1135 667 auctorem
1155 625 1372 668 sensum
1397 604 1592 678 carnis,
1623 609 1691 666 ad
1711 623 1872 682 quem
1885 608 2047 665 etiam
2066 622 2189 663 car-

601 705 685 761 nis
712 712 900 759 natura
926 703 1238 773 respiceret.

672 798 808 853 Anc.
846 796 982 864 Quid
1009 795 1242 866 loquaris
1275 795 1508 866 ignoras.
1537 793 1697 850 Aliud
1722 800 1808 850 est
1843 798 2040 848 sensus
2063 801 2188 847 car-

599 888 704 956 nis,
734 888 878 944 aliud
915 876 1344 958 concupiscentia
1363 887 1561 952 carnis,
1603 899 1725 958 qua:
1759 885 1986 940 sentitur
2026 895 2188 939 sensu

597 989 653 1036 et
679 983 873 1037 mentis
892 987 948 1036 et
965 981 1142 1037 carnis
1159 997 1174 1036 :
1193 981 1333 1035 sicut
1351 978 1505 1035 dolor
1522 978 1702 1036 carnis
1721 993 1829 1034 non
1855 978 1970 1050 ipse
1995 989 2188 1034 sensus

597 1081 700 1133 est.
731 1072 826 1127 sed
867 1072 968 1127 nisi
1010 1085 1202 1127 sensus
1224 1070 1382 1137 adsit,
1409 1069 1601 1127 sentiri
1626 1083 1734 1125 non
1773 1074 1970 1140 potest.
2010 1067 2186 1124 Sensu

598 1165 778 1236 itaque
801 1165 977 1220 carnis
1003 1164 1094 1234 qui
1121 1171 1294 1220 tactus
1321 1171 1560 1229 vocatur,
1587 1174 1780 1233 aspera
1815 1169 1870 1218 et
1911 1161 2050 1217 lenia
2079 1158 2186 1216 dif-

596 1256 838 1312 ferenter
883 1264 942 1312 ut
973 1266 1165 1312 cetera
1201 1258 1503 1312 sentiuntur
1539 1273 1554 1312 :
1600 1253 2028 1326 concupiscentia
2055 1267 2186 1309 vero

591 1348 773 1404 carnis
821 1347 1183 1404 indiderenter
1222 1347 1404 1404 illicita
1442 1354 1497 1402 et
1536 1346 1679 1402 licita
1715 1345 2020 1416 cupiuntur,
2064 1359 2185 1415 quae

593 1455 700 1495 non
747 1438 1195 1510 cencupisccndo,
1247 1439 1346 1494 sed
1396 1438 1739 1510 intelligendo
1781 1437 2180 1508 dijudicautur;

594 1547 695 1588 nec
722 1532 792 1587 ab
812 1532 1006 1588 illicitis
1032 1531 1350 1598 abstinetur,
1372 1533 1474 1587 nisi
1493 1531 1942 1602 concupiscentia
1965 1530 2184 1587 resista-

595 1631 699 1677 tur.
749 1623 865 1678 Non
910 1623 1070 1693 igitur
1105 1630 1360 1680 caventur
1386 1639 1547 1694 opera
1589 1623 1753 1689 mala,
1800 1623 1901 1678 nisi
1945 1621 2184 1678 frenetur

592 1716 1022 1785 concupiscentia
1077 1715 1238 1779 mala,
1283 1729 1403 1785 qum
1442 1716 1538 1769 abs
1573 1723 1658 1781 te,
1700 1705 1967 1770 hiirrenda
1995 1713 2184 1784 «impu-

589 1806 767 1863 tientia
803 1807 885 1863 vel
929 1806 1104 1877 potius
1142 1807 1397 1871 amentia,
1427 1805 1623 1862 dicitur
1652 1807 1789 1862 bona
1817 1823 1832 1862 :
1861 1821 1962 1863 nec
1985 1805 2184 1864 erube-

587 1903 716 1970 scis,
746 1915 850 1958 nec
876 1901 1146 1957 horrescis
1171 1909 1223 1956 te
1251 1901 1318 1955 ad
1351 1907 1554 1956 tantum
1581 1900 1815 1957 dedecus
1849 1901 2176 1972 pervenisse,

587 2000 646 2046 ut
673 2005 834 2048 nemo
858 1991 1115 2047 liberetur
1133 2007 1163 2045 a
1187 2003 1286 2045 suo
1311 1993 1471 2056 malo,
1503 1991 1603 2046 nisi
1632 2006 1740 2046 non
1765 1993 2062 2046 consentiat
2086 1999 2179 2048 tuo

586 2083 748 2140 bono.
790 2081 1229 2154 Concupisccntia
1275 2081 1434 2154 igitur
1487 2083 1697 2149 carnis,
1738 2095 1844 2155 qua
1894 2080 2179 2153 cupiuntur

583 2189 703 2244 qnse
727 2175 1094 2245 prohibentur,
1128 2189 1234 2230 non
1265 2181 1398 2230 csta
1427 2173 1606 2230 Patre.
1636 2170 1854 2230 Frustra
1885 2184 2061 2246 putas,
2090 2175 2176 2232 vel

585 2265 763 2334 potius
810 2265 893 2320 vis
935 2268 1131 2336 putari,
1172 2265 1264 2320 ubi
1293 2264 1396 2320 hoc
1436 2265 1673 2321 Joannes
1703 2267 1976 2337 apostolus
2017 2263 2173 2336 dixit,

581 2355 1066 2426 concupiscentiam
1096 2355 1274 2410 carnis
1302 2356 1524 2425 positam
1553 2371 1652 2426 pro
1681 2356 1910 2413 luxuria.
1936 2357 2165 2416 Prorsus

582 2445 628 2499 si
659 2460 764 2500 non
792 2453 872 2500 est
890 2460 918 2498 a
949 2445 1104 2501 Patre
1129 2445 1359 2510 luxuria,
1391 2461 1492 2501 nec
1518 2446 1607 2502 illa
1633 2455 1720 2503 est
1746 2463 1777 2502 a
1802 2448 1964 2504 Patre
2016 2448 2103 2504 cui
2127 2449 2174 2506 si

582 2535 965 2600 conscntiatur,
994 2535 1227 2605 concipit
1253 2536 1498 2606 paritque
1527 2536 1813 2592 luxuriam.
1844 2537 1978 2592 Nam
2009 2539 2174 2595 moti-

535 2682 540 2687 ,
584 2627 683 2682 bus
709 2626 844 2692 suis,
881 2626 1074 2696 quibus
1114 2625 1400 2698 jubentur‘
1441 2626 1722 2692 obsistere,
1763 2627 1889 2700 quid
1927 2637 2170 2698 conatur,

581 2732 784 2788 quasso,
825 2718 925 2773 nisi
976 2718 1043 2774 ad
1087 2718 1348 2774 luxuriam
1397 2721 1714 2790 pervenire?
1759 2721 2041 2790 Quomodo
2091 2734 2175 2781 est

579 2825 710 2880 ergo
733 2810 956 2880 bonum,
986 2825 1106 2882 qua:
1135 2812 1413 2882 pervenire
1437 2821 1663 2869 conatur
1685 2814 1752 2870 ad
1779 2816 2019 2874 malum?
2039 2833 2172 2890 quo-

585 2899 748 2956 modo
772 2909 858 2956 est
881 2911 1120 2956 nostrum
1151 2902 1366 2970 bonum,
1400 2917 1521 2974 qua:
1547 2907 1829 2976 pervenire
1855 2915 2080 2965 conatur
2101 2911 2170 2966 ad

578 2991 820 3046 malum?
844 2990 1124 3060 Quomodo
1148 3002 1232 3049 est
1258 3003 1498 3050 nostrum
1522 2995 1738 3062 bonum,
1762 3013 1882 3069 qua:
1907 3014 2007 3055 nos
2019 3015 2172 3056 com-

586 3082 733 3151 pellit
772 3082 842 3138 ad
877 3083 1148 3138 malum'i
1184 3083 1492 3141 Sanandum
1517 3098 1600 3142 est
1624 3087 1785 3159 igitur
1813 3089 1917 3146 hoc
1943 3091 2166 3156 malum.

576 3174 807 3244 Iuliano,
845 3175 1022 3231 divina
1053 3176 1318 3244 bonitate;
1361 3192 1468 3234 non
1509 3178 1741 3236 humana
1765 3182 2020 3252 vanitate,
2061 3183 2170 3241 ini-

573 3266 798 3337 quitate,
827 3266 1100 3338 impietate
1122 3268 1440 3326 laudandum
1465 3269 1507 3324 ³.

644 3357 806 3414 LXX.
846 3358 968 3414 Jun.
1007 3359 1086 3414 Te
1107 3373 1236 3430 ergo
1259 3369 1480 3432 apparet
1509 3374 1615 3417 non
1643 3361 1911 3420 studuisse
1934 3371 1991 3420 ut
2015 3363 2169 3438 obje-

570 3460 656 3505 cta
682 3449 992 3516 refelleres;
1019 3449 1114 3506 sed
1145 3459 1203 3506 ut
1226 3461 1452 3521 patrono
1473 3459 1586 3520 tuo,
1609 3452 1676 3508 ad
1697 3469 1854 3525 quem
1871 3455 2164 3524 scribebas,

572 3543 948 3599 miserabiliter
975 3542 1261 3612 illuderes;
1295 3553 1613 3616 putaretque
1641 3555 1693 3602 te
1720 3545 1856 3603 rude
1892 3547 2167 3618 quidpiam

570 3635 831 3693 detulisse
872 3635 1016 3707 quod
1048 3635 1171 3707 jure
1213 3635 1492 3693 morderes
1536 3653 1551 3690 :
1594 3651 1717 3693 cum
1753 3635 1807 3693 id
1849 3637 1959 3709 jam
2003 3654 2165 3712 supe-

571 3726 773 3782 riorum
821 3727 1170 3783 concessione
1221 3736 1281 3784 ct
1331 3741 1620 3797 corporum
1668 3728 2004 3787 institutione
2047 3731 2165 3786 lau-

572 3817 780 3876 classes.

643 3912 780 3965 Acs.
821 3908 1213 3964 institutionem
1249 3909 1456 3965 laudavi
1501 3923 1820 3981 corporum,
1864 3925 1986 3985 qua:
2025 3915 2166 3973 bona

573 4011 658 4057 est
685 4001 846 4056 etiam
873 3999 928 4055 in
951 4001 1093 4056 maio
1122 3999 1359 4068 homine,
1386 4016 1494 4056 non
1533 4003 1753 4069 malum,
1790 4003 1908 4060 sine
1935 4019 2042 4077 quo
2073 4021 2168 4063 ua-

574 4093 742 4154 scitur
783 4092 1155 4164 nemo:un
1199 4102 1258 4149 tu
1296 4094 1485 4150 nolens
1527 4109 1649 4150 cum
1679 4093 1963 4153 Ambrosio
1985 4097 2167 4157 dicere

574 4186 717 4242 unde
739 4185 832 4254 sit,
853 4185 1073 4258 adjuvas
1092 4185 1441 4243 Hanichmum
1462 4187 1728 4245 dicentem
1743 4190 1888 4260 quod
1907 4203 1974 4247 ex
1990 4191 2167 4249 aliena

573 4285 764 4332 neutra
791 4277 882 4332 sit.

645 4365 833 4421 LXXI.
862 4365 983 4422 Jun.
1024 4365 1218 4422 Fateor
1246 4375 1449 4436 nmen,
1469 4368 1628 4424 nimis
1653 4379 1709 4425 te
1731 4370 2016 4442 cogitasse,
2037 4374 2166 4446 quid

573 4457 815 4522 diceres;
851 4465 908 4512 et
935 4456 1204 4528 ingenium
1236 4465 1381 4512 tuum
1411 4466 1652 4528 apparet,
1681 4463 1736 4514 et
1757 4459 1992 4516 studium
2023 4478 2038 4516 :
2069 4477 2164 4519 so-

577 4546 862 4603 lertissime
886 4560 1107 4617 prorsus
1129 4547 1256 4618 quid
1285 4546 1630 4603 assereudum
1659 4558 1806 4606 esset
1838 4565 1937 4622 pro
1961 4554 2165 4622 peccati

573 4639 793 4696 traduce
818 4639 1152 4711 ponderasti;
1197 4654 1358 4696 nemo
1373 4640 1511 4696 alter
1527 4640 1774 4699 callidius
1807 4643 2042 4701 scribere
2065 4661 2164 4717 po-

575 4733 766 4790 tuisset
798 4748 896 4804 pro
921 4733 1149 4789 naturali
1179 4733 1358 4789 malo:
1389 4732 1531 4804 quod
1554 4733 1769 4805 quidem
1813 4749 1914 4792 nec
1953 4745 2011 4792 tu
2047 4737 2165 4808 ipse

572 4833 681 4878 tam
719 4823 922 4879 urbane
967 4823 1194 4894 implere
1229 4823 1518 4893 potuisses,
1559 4824 1661 4880 nisi
1702 4824 1973 4897 ingenium
2011 4834 2162 4883 tuum

572 4913 809 4984 magistri
837 4914 1034 4970 veteris
1055 4922 1359 4970 commenta
1378 4912 1664 4984 juvissent.

644 5008 785 5062 Anc.
825 5006 1132 5077 Magistrum
1161 5007 1316 5078 plane
1342 5020 1540 5071 meum,
1571 5017 1628 5063 et
1651 5016 1837 5064 contra
1865 5019 1920 5066 te
1946 5019 2000 5065 ot
2027 5024 2162 5067 con-

577 5106 656 5150 tra
683 5095 1053 5164 Manichzcum,
1083 5098 1287 5169 glorior
1312 5111 1434 5154 esse
1471 5096 1676 5164 Jesum,
1702 5113 1867 5170 quem
1901 5099 2164 5157 coniith

574 5185 741 5259 (quod
767 5196 820 5240 tu
851 5187 1035 5260 negas)
1065 5188 1227 5245 etiam
1267 5188 1608 5260 parvulorum
1635 5203 1756 5245 esse
1783 5189 1965 5245 Iesum
1993 5209 2010 5246 :
2037 5191 2159 5262 quia

571 5277 730 5346 periit
752 5275 944 5344 Adam,
972 5287 1026 5333 et
1055 5279 1106 5334 in
1145 5280 1234 5335 illo
1261 5295 1447 5337 omnes
1487 5280 1758 5352 perierunt
1788 5281 2159 5353 (Ambrosius,

573 5367 661 5421 lib.
685 5367 717 5421 7
732 5367 786 5421 in
802 5365 929 5422 Luc.
951 5383 1045 5434 xv,
1061 5367 1184 5442 34);
1207 5385 1308 5427 nec
1330 5371 1433 5427 nisi
1459 5371 1529 5427 ab
1544 5371 1634 5426 illo
1645 5372 1735 5443 qui
1757 5371 1903 5428 venit
1918 5385 2162 5446 querere

635 5482 653 5548 ξ
693 5479 923 5548 vestitam,
937 5478 1182 5548 jubenutr,
1207 5495 1274 5533 ex
1293 5484 1631 5548 manuscriptis
1649 5485 1970 5548 restituimus.

635 5545 672 5610 θ’
694 5542 824 5607 Apud
849 5542 1176 5610 vrignierium;
1199 5545 1438 5610 Quomodo
1458 5542 1667 5610 εαξη-σο
1689 5545 1877 5607 bonum,
1916 5559 2028 5610 qua
2047 5561 2161 5610 per-

568 5601 955 5676 miire'commir
974 5605 1052 5676 ρτι
1070 5601 1582 5676 matut'ngLQttomodo‘
1604 5601 1682 5659 ’ὲει
1703 5601 2126 5662 ποδενηὴίὺοηὶηη
2143 5646 2160 5672 ,

571 5665 1069 5729 quemde
1090 5665 1790 5730 competunsanandumest,
1815 5677 1912 5720 etc.
1980 5678 2034 5721 lu.
2145 5665 2156 5672 ’

563 5726 823 5840 amttam?
888 5727 1184 5792 vignierlum
1209 5763 1225 5790 ,
1271 5727 1520 5792 iniquitate
1572 5735 1620 5782 ct
1661 5729 1904 5796 impietate
1951 5731 2156 5785 laudan-

1283 305 1530 364 OI‘ERIS
1567 296 1983 364 IMPERFECTI
2017 295 2288 359 CONTRA
2330 295 2696 372 JULIANUM,
2735 302 2791 360 S.
2834 297 3201 362 AUGUSTINI
3289 315 3297 322 '

3749 307 3888 370 £550

2297 419 2438 491 quod
2475 420 2736 493 pericrat(
2757 419 2883 476 Luc.
2909 436 3028 490 xix,
3061 421 3129 478 i0
3148 421 3239 495 ),a
3269 421 3564 493 perditione
3588 423 3879 484 salvantur.

2368 509 2575 567 LXXII.
2613 511 2734 568 ιω..
2776 512 3082 568 Intellexisti
3110 514 3337 584 quippe,
3385 515 3624 585 parvulis
3655 517 3787 573 nihil
3813 519 3880 577 de

2294 617 2392 658 suo
2420 605 2787 672 merentibus,
2830 619 3164 678 nequaquam
3196 622 3354 677 posse
3382 607 3499 664 sine
3537 607 3880 668 damationa

2293 706 2608 768 corporum,
2653 699 2855 754 crimen
2897 697 3039 770 attigi
3071 715 3086 753 :
3130 707 3185 755 et
3215 699 3336 755 ideo
3371 715 3506 772 opus
3533 715 3654 758 esse
3685 703 3883 760 auxilio

2291 787 2589 857 Manichzci,
2617 789 2707 860 qui
2737 792 3220 861 concupiscentiam
3245 793 3422 848 cuntis
3447 809 3476 848 a
3511 795 3603 850 Dei
3630 797 3878 866 operiqu

2292 879 2620 947 excluderet,
2653 889 2710 936 et
2737 890 2843 936 tam
2867 883 3077 954 nuptias
3095 897 3253 954 quam
3283 883 3395 954 ipsa
3423 899 3650 955 corpora
3668 887 3879 944 diabolo

2291 972 2573 1044 deputaret
2599 975 2824 1031 auctori.

2362 1068 2498 1124 Ave.
2539 1065 2653 1136 Ego
2693 1083 2800 1123 non
2837 1082 2974 1138 opus
3013 1067 3188 1124 habeo
3223 1069 3418 1123 auxilio
3445 1068 3756 1126 Manichmi:
3786 1071 3879 1129 sed

2290 1159 2466 1229 potius
2488 1166 2672 1214 contra
2699 1173 2823 1215 eum
2848 1174 3109 1231 pugnans,
3137 1161 3394 1216 auxilium
3419 1162 3562 1233 quod
3588 1171 3644 1218 tu
3669 1164 3720 1219 ei
3745 1181 3880 1235 [nra-

2289 1258 2420 1316 stas,
2449 1266 2698 1324 expugno
2721 1253 2922 1308 auxilio
2949 1253 3065 1309 Dei.
3097 1253 3251 1323 Quod
3301 1255 3431 1310 mihi
3462 1266 3684 1327 praestat
3717 1260 3878 1316 etiam

2288 1358 2384 1414 per
2407 1358 2536 1400 suos
2561 1344 2886 1401 clarissimos
2905 1344 3152 1413 comites,
3181 1359 3287 1400 non
3308 1345 3482 1402 solum
3509 1347 3802 1418 hopbetas
3824 1357 3880 1406 et

2287 1437 2592 1507 Apostoios,
2619 1452 2847 1507 quorum
2878 1439 3094 1494 conaris
3129 1450 3416 1509 pervorsus
3437 1440 3456 1473 ί
3493 1439 3632 1496 dicta
3662 1456 3880 1512 perver-

2287 1539 2431 1597 tere;
2460 1545 2646 1588 verum
2667 1531 2828 1587 etiam
2853 1533 3182 1603 posteriores
3197 1531 3448 1589 Ecclesiae
3466 1547 3580 1589 suae
3606 1534 3882 1601 doctores,

2288 1621 2566 1688 tremum,
2587 1621 2936 1693 Cyprianum,
2967 1621 3247 1687 Hilarium,
3280 1623 3643 1689 Ambrosium,
3677 1625 3881 1698 (ἑνοπο-

2283 1712 2442 1781 rium,
2473 1712 2749 1780 Basiliam,
2771 1711 3058 1780 Joannem,
3085 1713 3324 1785 aliosque
3352 1709 3637 1783 plurimos,
3665 1714 3770 1772 title
3798 1717 3879 1773 in-

2280 1803 2620 1876 tqcrrimos,
2659 1801 2875 1876 ingenio
2909 1804 3224 1873 acerrimos,
3264 1805 3508 1861 doctrina
3553 1807 3874 1874 uberrimos,

2281 1895 2418 1950 fama
2445 1896 2830 1954 celeberrimos
2854 1914 2872 1952 :
2899 1895 2994 1967 qui
3011 1911 3222 1962 omnes,
3247 1896 3393 1952 salva
3412 1897 3568 1954 laude
3589 1914 3874 1970 corporum

2276 1997 2338 2042 ct
2358 1987 2685 2057 nuptiarum,
2706 1985 2942 2044 confessi
2965 1994 3094 2042 sunt
3113 1987 3372 2058 originale
3387 1996 3682 2059 peccatum,
3699 1990 3877 2046 scien-

2277 2082 2366 2131 tes
2391 2076 2686 2142 Christum.
2715 2076 2860 2148 quod
2889 2077 3166 2148 impie-ves
3183 2079 3410 2150 negatis,
3436 2080 3599 2136 etiam
3623 2082 3876 2152 parvulo-

2279 2182 2400 2222 rum
2434 2181 2558 2223 esse
2595 2167 2800 2224 Iustius.
2843 2165 2963 2238 Ipse
3004 2168 3152 2224 enim
3196 2168 3408 2225 salvum
3450 2169 3574 2227 facit
3618 2172 3874 2243 populum

2277 2273 2456 2326 suum,
2478 2259 2532 2314 in
2554 2270 2664 2330 quo
2689 2268 2745 2315 et
2769 2259 2844 2314 illi
2871 2259 3075 2330 parvuli
3101 2268 3249 2328 sunt,
3275 2275 3390 2317 non
3408 2276 3439 2316 a
3463 2261 3703 2319 febribus
3727 2263 3876 2320 aliiu-

2273 2364 2384 2421 que
2411 2349 2714 2420 hujusmodi
2755 2350 2998 2422 pestibus
3029 2359 3195 2423 atque
3235 2352 3467 2419 casibus,
3498 2353 3642 2425 quod
3672 2361 3732 2411 et
3763 2370 3873 2413 non

2274 2439 2592 2496 Christianis
2619 2441 2910 2498 abundanti
2947 2457 3109 2513 super
3133 2457 3351 2500 omnem
3388 2459 3609 2503 carnem
3635 2446 3878 2505 bonitan

2276 2530 2527 2602 largitur;
2577 2531 2673 2588 sed
2719 2533 2860 2587 sicut
2898 2531 3263 2600 Christianos,
3306 2548 3338 2591 a
3392 2535 3624 2605 peccatis
3681 2551 3871 2594 eorum

2275 2619 2490 2690 (Matth.
2509 2623 2623 2690 1,2i
2637 2626 2678 2696 ).
2702 2623 2813 2680 Hos
2829 2631 2971 2681 totet
2985 2631 3164 2682 tantos
3183 2624 3459 2681 catholica:
3469 2625 3725 2684 Ecclesiae
3736 2627 3873 2685 ﬁlios

2273 2722 2330 2768 et
2357 2721 2535 2783 patres
2551 2753 2568 2782 ,
2585 2715 2675 2785 qui
2695 2715 2796 2771 hoc
2807 2730 2925 2771 eam
2939 2716 2990 2770 in
3007 2716 3125 2786 ejus
3134 2717 3296 2788 positi
3307 2717 3539 2775 culmine
3549 2718 3869 2788 docuerunt,

2274 2805 2416 2875 quod
2437 2806 2488 2860 in
2511 2804 2628 2876 ejus
2651 2805 2815 2862 ubere
2827 2805 3153 2874 didicerunt,
3186 2807 3510 2865 Manichzeos
3527 2809 3710 2867 dicere
3747 2828 3858 2868 non

2273 2894 2611 2962 reformidas;
2627 2905 2818 2953 etcum
2835 2913 2923 2954 me
2943 2915 3106 2954 unum
3126 2899 3277 2970 quasi
3297 2910 3480 2970 aperte
3498 2903 3728 2973 appetis,
3749 2904 3872 2960 illos

2272 2996 2472 3058 quanto
2508 2989 2795 3060 obliquius,
2841 2998 2991 3045 tanto
3035 2991 3370 3060 insidiosius;
3422 3002 3479 3049 et
3505 3005 3708 3065 quanto
3737 2996 3870 3052 lusi.

2272 3081 2497 3147 diosius,
2527 3090 2676 3137 tanto
2702 3081 2990 3140 scelestius
3013 3083 3339 3140 criminaris.
3373 3083 3430 3139 In
3453 3084 3556 3141 hoc
3583 3094 3733 3144 tamto
3751 3104 3874 3144 scc-

2272 3170 2406 3241 lere,
2430 3181 2518 3228 tua
2547 3180 2599 3230 te
2623 3173 2846 3230 omnino
2867 3174 3029 3230 verba
3048 3175 3391 3231 convincunt.
3419 3175 3536 3231 Non
3565 3178 3708 3233 enim
3739 3179 3870 3235 mihi

2271 3263 2342 3320 ob
2366 3264 2511 3320 aliud
2539 3273 2646 3320 tam
2667 3265 2872 3322 nefario
2895 3269 3114 3324 nomine
3136 3268 3500 3338 caiumniaris,
3533 3269 3636 3326 nisi
3657 3270 3784 3343 quia
3801 3272 3872 3328 de

2270 3365 2493 3428 peccato
2517 3357 2762 3429 originali
2781 3357 2903 3414 dico
2931 3359 3076 3430 quod
3100 3359 3306 3416 dicunt.

2340 3449 2578 3506 LXXIII.
2616 3449 2738 3506 Jun.
2778 3450 2931 3519 Quod
2967 3465 3100 3523 ergo
3139 3467 3172 3507 a
3217 3451 3447 3508 veritate
3494 3451 3805 3510 defunderis
3823 3455 3870 3519 ³.

2270 3542 2413 3614 quod
2455 3542 2690 3614 fugaris,
2734 3558 2911 3599 musae
2957 3542 3084 3600 iecit
3127 3543 3439 3600 deformitas
3474 3561 3634 3616 quam
3675 3548 3869 3603 tueris.

2269 3631 2537 3689 Caeterum
2582 3634 2628 3689 si
2671 3631 2740 3689 ad
2801 3633 3108 3691 Catholicos
3148 3637 3375 3693 transire
3415 3637 3616 3705 velles,
3663 3650 3873 3710 quanto

2272 3733 2384 3779 tute
2400 3723 2445 3791 ³,
2477 3724 2531 3780 id
2560 3724 2704 3796 quod
2733 3739 2833 3780 nos
2871 3725 3182 3794 asserimus,
3212 3727 3509 3799 elegantius
3541 3741 3869 3799 exsequem-

2267 3817 2345 3870 ris
2367 3824 2423 3871 et
2452 3815 2682 3886 plenius.

2342 3907 2479 3963 Anc.
2522 3905 2567 3962 Ο
2590 3905 2823 3962 frontem
2859 3906 3170 3980 linguatam,
3211 3919 3554 3982 mentemque
3575 3914 3866 3969 causam!

2269 3997 2418 4054 itane
2443 4011 2572 4054 vero
2589 3997 2840 4054 catholici
2869 4015 2976 4055 non
3001 4011 3148 4067 sunt,
3175 4002 3370 4073 quibus
3400 4004 3639 4062 inhaeret)
3673 4007 3726 4062 in
3768 4007 3873 4064 hu-

2263 4089 2354 4160 jus
2379 4089 2504 4144 iidei
2526 4092 2803 4157 societate,
2833 4107 2994 4163 quam
3019 4101 3206 4149 contra
3230 4102 3320 4150 tua
3343 4111 3479 4151 vana
3498 4096 3639 4154 dicta
3662 4107 3718 4154 et
3744 4115 3867 4154 ωας

2269 4181 2462 4238 ledicta
2486 4181 2754 4238 defendo?
2795 4183 3056 4241 Catholici
3083 4201 3190 4242 non
3214 4196 3361 4256 sunt,
3390 4197 3448 4244 ut
3473 4189 3608 4246 alios
3633 4199 3868 4262 taceam,

2268 4273 2598 4344 eosdemque
2637 4283 2897 4346 repetam,
2940 4277 3196 4346 Irenaeus,
3240 4279 3558 4352 Cyprianus,
3606 4281 3868 4351 Hilarius,

2267 4366 2606 4434 Ambrosius,
2645 4367 2961 4441 Gregorius,
3004 4371 3252 4440 Basilius,
3291 4373 3529 4431 Joannes
3553 4375 3871 4432 Constanti-

2269 4459 2643 4529 nopolitanus;
2687 4471 2742 4517 et
2779 4462 3031 4520 catholici
3074 4474 3201 4519 sunt
3233 4464 3513 4536 Pelagius,
3552 4465 3867 4534 Caelestius,

2266 4547 2548 4606 Julianus?
2575 4551 2728 4607 Aude
2753 4551 2934 4608 dicere
2960 4552 3083 4620 ista,
3104 4554 3151 4609 si
3179 4564 3350 4624 potes.
3377 4555 3531 4624 Quod
3557 4557 3605 4612 si
3631 4572 3736 4613 non
3768 4573 3866 4613 uu-

2267 4641 2386 4711 des,
2409 4657 2510 4698 cur
2530 4659 2636 4699 non
2663 4643 2840 4714 potius
2859 4643 2926 4700 ad
2953 4644 3072 4712 bos,
3103 4660 3135 4701 a
3161 4646 3357 4716 quibus
3381 4661 3483 4718 ego
3502 4631 3617 4704 non
3643 4649 3867 4718 recedo,

2269 4744 2327 4792 tu
2367 4735 2546 4793 redis?
2587 4735 2702 4793 Cur
2737 4752 2825 4792 me
2862 4737 3143 4804 admones,
3171 4745 3231 4793 ut
3255 4737 3326 4794 ad
3353 4740 3660 4798 Catholicos
3685 4750 3868 4799 uatu-

2266 4829 2422 4884 eum?
2449 4828 2591 4885 Ecce
2609 4829 2870 4884 catholica
2888 4828 3111 4896 lumina,
3132 4830 3318 4886 oculos
3342 4832 3490 4902 aperi
3521 4850 3534 4887 :
3564 4841 3621 4888 tu
3641 4832 3708 4888 ad
3730 4834 3872 4889 istos

2267 4923 2458 4991 transi,
2486 4923 2681 4994 quibus
2697 4922 3045 4980 calumniaris
3064 4924 3117 4979 in
3138 4931 3256 4992 me;
3280 4933 3339 4981 et
3353 4925 3611 4982 continue
3635 4935 3689 4982 te
3713 4941 3874 4983 emn-

2267 5027 2455 5086 pesccs
2473 5025 2632 5086 atque
2657 5015 2998 5070 obmutesces
3015 5030 3048 5070 a
3068 5030 3179 5071 me.

2336 5105 2573 5162 LXXIV.
2606 5105 2737 5162 Jun.
2769 5105 3024 5173 Quamvis
3062 5117 3170 5162 non
3215 5106 3439 5163 audeam
3469 5108 3822 5178 pronuntiare
3847 5151 3867 5174 ,

2266 5196 2480 5269 ingenio
2515 5208 2568 5254 te
2601 5197 2853 5254 alectum
2888 5197 3000 5254 acri
3024 5205 3079 5252 et
3099 5197 3280 5270 vigili,
3308 5197 3464 5269 cujus
3507 5199 3560 5254 in
3594 5199 3873 5257 electione

2265 5287 2592 5360 suscipiendi
2620 5289 2816 5360 negotii
2848 5287 3004 5345 video
3032 5297 3141 5345 tam
3172 5290 3380 5346 tardum
3410 5305 3475 5348 ac
3503 5290 3747 5350 deforme
3769 5292 3878 5364 ju—

2265 5379 2483 5434 dicium.

2283 5506 2294 5515 .
2336 5471 2470 5527 Anc.
2527 5469 2623 5526 Dic
2663 5469 2802 5525 tardi
2844 5469 3055 5543 ingenio
3106 5469 3248 5528 unde
3281 5481 3579 5528 nascuntur
3621 5489 3637 5527 :
3685 5485 3878 5544 neque

2263 5560 2406 5617 enim
2449 5561 2572 5617 talis
2603 5570 2689 5618 est
2733 5560 2904 5618 Adam
2937 5562 3109 5620 factus
3138 5581 3157 5621 :
3189 5565 3282 5636 qui
3312 5580 3422 5636 non
3469 5563 3553 5623 vis
3589 5579 3692 5638 per
3745 5565 3878 5639 ejus

2330 5676 2346 5746 ξ
2382 5675 2456 5746 Sis
2475 5680 2584 5726 ιιειε-
2610 5682 2664 5746 Αι
2688 5675 2826 5746 editi.
2845 5688 3066 5746 prorue-

2326 5737 2346 5801 ξ
2384 5737 2447 5786 Ad
2470 5751 2601 5787 oram
2632 5745 2759 5788 Fort.
2792 5737 2895 5790 51s..
2920 5738 3226 5801 diﬁimderis.

2330 5799 2350 5830 ³
2387 5801 2672 5863 \‘iguierius,
2695 5807 2764 5850 tu.
2791 5809 2847 5852 at
2870 5799 2998 5858 Mss,
3014 5806 3131 5851 tute.
