4150 6498
306 375 440 434 1381

302 499 578 562 peccatum
605 486 658 542 in
683 484 922 542 deterius
946 484 1236 541 humanam
1267 490 1520 538 mutatam
1546 479 1716 536 fuisse
1741 483 1896 533 natu-

303 598 456 647 ram;
479 591 536 638 et
564 583 668 638 hoc
694 579 762 636 ad
779 580 960 636 omnia
984 579 1110 634 vitia
1132 591 1252 650 qua:
1276 578 1568 649 patiuntur,
1595 575 1788 631 obesse
1807 587 1902 628 na.

305 675 587 731 sectilibus
616 669 656 728 ί.

383 765 594 824 LXXV.
635 765 757 822 Jun.
785 763 841 821 Si
876 764 1020 820 enim
1055 761 1474 819 incolumissima
1506 755 1639 825 iide,
1673 756 1904 812 seholerl

309 873 463 914 more
483 856 548 913 ad
576 857 939 914 ostendendas
955 852 1323 910 tantummodo
1350 849 1667 908 eruditionis
1697 857 1802 904 tua:
1824 848 1909 902 vi»

311 963 404 1006 res
425 991 439 1015 ,
475 963 544 1006 ea
589 958 826 1005 tentares
852 961 972 1017 quae
1015 949 1139 1001 sunt
1178 943 1377 1000 invicta
1409 951 1732 1006 concutere;
1760 939 1912 993 linito

315 1051 494 1099 tamen
540 1040 850 1097 certaminis
904 1037 1129 1103 ludicro,
1175 1035 1261 1092 his
1300 1035 1494 1106 quibus
1537 1029 1914 1101 obloqeeharis

317 1133 549 1204 palmam
577 1131 825 1194 daturus;
857 1129 1208 1200 probaremus
1227 1128 1520 1183 litterarum
1547 1123 1802 1186 studium,
1820 1119 1915 1177 sed

319 1222 672 1292 irreligiosum
700 1221 1085 1291 castigaremus
1109 1216 1440 1289 exemplum.
1475 1216 1644 1272 Porro
1674 1227 1796 1270 cum
1821 1212 1918 1269 ἀοι

319 1326 440 1386 gma
466 1327 567 1370 nec
592 1312 1070 1368 verisimilitudinis
1089 1320 1344 1381 corrupto
1367 1310 1558 1364 saltem
1587 1307 1770 1364 colore
1795 1318 1918 1376 ρει-ι

322 1407 516 1470 fusum,
540 1402 682 1476 quod
706 1403 869 1458 nullis
898 1403 1032 1474 legis
1061 1401 1379 1457 testimoniis
1405 1399 1623 1474 (quippe
1647 1409 1918 1468 nunquam

321 1495 516 1551 rationi
551 1493 1054 1566 praeiudicantibus)
1085 1495 1307 1564 potestis
1333 1493 1500 1560 tueri,
1524 1499 1578 1548 et
1608 1491 1712 1546 hoc
1741 1499 1919 1545 tamen

323 1588 597 1657 impietate
624 1600 719 1641 sua
749 1585 1007 1653 horrens,
1036 1584 1259 1640 stultitia
1289 1584 1498 1655 iacens,
1523 1593 1783 1653 nusquam
1819 1580 1922 1636 nisi

322 1680 468 1736 inter
503 1678 719 1750 inguina
752 1678 1086 1733 voluntatum
1112 1677 1156 1744 ',
1189 1677 1496 1740 honestate,
1529 1672 1920 1744 disputatione,

325 1785 585 1841 sacraque
611 1770 728 1840 lege
753 1769 1084 1831 confossum.
1116 1767 1424 1837 turpissima
1451 1765 1815 1822 obstinatione
1838 1773 1926 1820 se.

327 1863 521 1929 uteris;
558 1863 906 1933 consequitur
929 1875 997 1917 ex
1038 1861 1207 1916 tribus
1238 1875 1401 1915 utinm
1424 1901 1439 1926 ,
1471 1868 1531 1914 ut
1558 1867 1649 1913 aut
1691 1858 1925 1927 plumbei

327 1954 397 2010 ad
427 1951 832 2025 intelligendum
865 1951 1161 2019 acuminis,
1193 1961 1287 2005 aut
1310 1948 1560 2006 maleﬁcii
1606 1948 1750 2003 illius
1783 1945 1928 2018 quod

332 2044 744 2102 Manichaeorum
775 2043 1045 2117 mysteriis
1072 2042 1270 2112 teneri,
1299 2041 1460 2098 fando
1481 2040 1809 2111 accepimus,
1833 2053 1930 2095 eao
1963 2047 1966 2050 ’

331 2147 506 2203 tonas,
534 2142 628 2190 aut
654 2143 941 2206 utrumque
965 2132 1123 2189 simul
1150 2133 1356 2204 perpeti
1379 2131 1662 2204 iudiceris.
1807 2199 1820 2214 ο

406 2228 542 2283 Anu.
575 2225 922 2296 Quantolibet
961 2225 1185 2280 rationis
1212 2223 1430 2280 nomine
1457 2229 1645 2279 contra
1685 2221 1933 2278 testimoe

333 2319 424 2374 nia
462 2317 676 2383 divina,
709 2333 830 2388 quae
866 2315 1190 2388 proferimus
1217 2314 1342 2381 tibi,
1387 2325 1627 2386 pugnare
1664 2312 1931 2379 videaris,

336 2424 445 2465 non
463 2408 554 2464 illa
579 2407 850 2464 subvertit
871 2423 888 2474 ;
910 2406 1005 2463 sed
1033 2413 1088 2462 te
1109 2415 1324 2474 vexant,
1345 2415 1469 2461 cum
1491 2405 1512 2437 ³
1536 2412 1722 2460 contra
1746 2403 1938 2459 stimua-

340 2503 448 2556 ium
485 2501 682 2557 calces.
723 2499 852 2567 Dic,
890 2509 1147 2571 quantum
1179 2507 1366 2569 poles,
1411 2497 1551 2553 inter
1599 2497 1814 2568 inguina
1843 2510 1940 2551 vo-

340 2593 601 2648 luntatum
619 2633 636 2659 ,
663 2609 684 2646 ι
717 2591 810 2662 qui
839 2591 933 2646 tibi
953 2591 1103 2657 dicit,
1134 2599 1409 2660 expertem
1440 2605 1546 2644 non
1573 2603 1693 2645 esse
1717 2586 1936 2654 delicti,

345 2684 624 2755 utriusque
654 2699 817 2740 sexus
838 2682 1221 2739 commixtione
1235 2691 1555 2752 conceptum
1587 2678 1938 2755 (Ambrosius,

339 2777 394 2830 in
417 2773 662 2846 Istriam).
687 2773 1002 2829 Ambrosius
1022 2783 1106 2828 est
1135 2773 1254 2837 iste,
1285 2771 1530 2826 Juliane:
1553 2771 1667 2842 ipse
1683 2779 1736 2825 te
1755 2769 1939 2835 vincit,

341 2881 501 2938 quem
529 2881 636 2920 non
666 2865 837 2919 audes
863 2879 1062 2934 negare
1086 2863 1446 2930 catholicum,
1489 2875 1761 2932 nunquam
1796 2869 1943 2917 certe

343 2959 586 3014 dicturus
613 2971 672 3011 es
708 2955 1082 3010 Manichmum.
1112 2954 1251 3022 Quin
1279 2955 1443 3010 etiam
1474 2966 1559 3009 mc
1586 2963 1678 3008 aut
1706 2953 1942 3024 plumbei

343 3064 467 3104 esse
497 3046 757 3102 acuminis
790 3046 858 3100 ad
885 3045 1290 3117 intelligendum
1315 3085 1331 3113 ,
1363 3054 1457 3100 aut
1483 3046 1653 3100 teucri
1682 3044 1946 3101 maleﬁcio

347 3137 649 3204 Ilanicluei,
676 3146 768 3192 aut
807 3146 1092 3207 utrumque
1125 3135 1282 3191 simul
1331 3135 1534 3206 perpeti
1571 3134 1831 3190 afﬁrmas.
1870 3135 1947 3192 De

349 3229 628 3285 Manichazi
657 3227 924 3284 maleficio
961 3228 1043 3283 vel
1078 3237 1168 3283 tuo
1213 3228 1494 3294 convicio,
1523 3226 1633 3298 jam
1679 3227 1776 3284 tibi
1802 3242 1948 3301 carpe

349 3317 746 3389 respondimus,
769 3327 824 3374 ct
839 3318 1211 3388 opportunius,
1233 3332 1354 3373 cum
1372 3333 1507 3388 opus
1522 3333 1642 3375 esse
1659 3317 1944 3384 videbitur,

350 3409 528 3464 adhuc
556 3408 779 3464 forsitan
821 3408 1286 3479 respondebimus.
1327 3408 1480 3463 Nunc
1511 3408 1578 3464 de
1608 3408 1857 3479 plumbeo
1881 3407 1949 3464 ad

353 3501 760 3572 intelligendum
789 3502 1068 3569 acumine‘,
1101 3500 1353 3557 hcerctice
1381 3501 1635 3569 verbose,
1662 3501 1946 3572 responde.

351 3592 524 3649 Nemo
540 3602 624 3649 est
647 3601 796 3649 certe
819 3593 908 3664 qui
929 3593 1116 3660 nollet,
1138 3593 1184 3650 si
1212 3593 1264 3649 id
1282 3602 1428 3651 esset
1456 3594 1508 3649 in
1537 3593 1773 3650 hominis
1792 3603 1945 3664 pote-

353 3693 516 3750 state,
536 3684 752 3754 ingenio
772 3683 982 3739 vividus
1003 3692 1166 3756 atque
1185 3684 1252 3740 ad
1273 3685 1672 3758 intelligendum
1698 3685 1950 3742 acutissi-

355 3792 476 3833 mus
500 3777 686 3844 nasci;
713 3786 768 3833 et
791 3792 952 3848 quam
980 3778 1086 3832 rari
1112 3778 1220 3834 sint
1242 3778 1364 3850 quis
1383 3779 1624 3850 ignorat?
1650 3778 1752 3848 Qui
1771 3787 1949 3834 tamen

353 3884 545 3926 omnes
588 3869 690 3940 ipsi
743 3869 1089 3940 paucissimi,
1145 3870 1190 3926 si
1219 3868 1454 3926 hominis
1497 3871 1588 3942 qui
1627 3870 1833 3941 primus
1869 3879 1954 3926 est

355 3963 549 4030 iactus,
572 3970 952 4032 comparentur
978 3960 1213 4033 ingenio,
1233 3961 1470 4032 plumbei
1484 3961 1814 4032 iudicantur.
1835 3961 1950 4018 Non

355 4055 498 4108 enim
523 4061 671 4116 tunc,
702 4053 843 4109 sicut
863 4067 1024 4118 nunc,
1047 4068 1244 4124 corpus
1267 4053 1613 4124 eorruptibile
1633 4053 1957 4124 aggravabat

355 4145 588 4200 animum
626 4143 782 4219 (Sep.
831 4160 918 4209 ix,
966 4143 1079 4216 i5).
1127 4145 1233 4199 Aut
1269 4144 1415 4200 enim
1453 4144 1800 4214 corruptibile
1843 4157 1952 4198 non

356 4245 493 4301 erat,
538 4235 662 4307 quia
693 4250 798 4290 non
825 4243 942 4291 erat
963 4236 1253 4290 moriturus
1275 4235 1468 4300 Adam,
1505 4235 1608 4290 nisi
1633 4243 1909 4306 peccasset
1935 4252 1951 4289 :

357 4336 444 4382 aut
477 4327 544 4390 si,
569 4335 627 4380 ut
651 4341 746 4381 vos
771 4327 894 4381 novi
916 4325 1154 4382 haeretici
1175 4326 1368 4394 dicitis,
1394 4327 1494 4384 etsi
1526 4345 1630 4384 non
1654 4337 1952 4399 peccasset,

358 4419 651 4472 moriturus
675 4426 854 4482 esset;
894 4433 1000 4472 non
1033 4426 1212 4474 tamen
1245 4419 1314 4472 ita
1351 4428 1434 4473 est
1458 4419 1764 4484 institutus,
1793 4435 1952 4490 quem

359 4507 533 4578 primo
557 4507 701 4562 Deus
728 4505 948 4574 fecerat,
976 4517 1030 4562 et
1048 4509 1136 4579 qui
1161 4508 1287 4563 mali
1311 4509 1487 4564 adhuc
1515 4511 1649 4564 nihil
1678 4509 1882 4568 fecerat
1908 4510 1950 4578 ⁸,

361 4609 418 4653 ιιι
461 4597 576 4669 ejus
605 4598 782 4652 anima
823 4613 1052 4670 corpore
1091 4609 1424 4670 gravaretur.
1465 4601 1597 4668 Quis
1639 4604 1783 4658 enim
1819 4604 1957 4660 hanc

363 4705 482 4746 esse
510 4704 722 4761 poenam
753 4699 938 4760 neget,
967 4690 1068 4744 nisi
1096 4691 1188 4762 qui
1209 4692 1437 4762 amplius
1459 4694 1671 4749 caeteris
1695 4710 1956 4766 aggrava~

361 4784 479 4839 tur?
510 4783 566 4839 Si
603 4797 734 4854 ergo
759 4780 1089 4838 Manichzeus
1123 4783 1446 4856 interroget,
1470 4785 1609 4841 unde
1629 4785 1820 4841 sithoc
1850 4794 1958 4841 tar-

363 4876 545 4932 ditatis
566 4876 788 4940 malum,
805 4891 915 4932 non
943 4875 996 4951 in
1013 4875 1346 4945 corporibus,
1371 4875 1466 4931 sed
1493 4876 1546 4931 in
1569 4877 1719 4947 ipsis,
1744 4877 1835 4932 ubi
1863 4877 1954 4932 Dei

363 4977 444 5022 est
464 4969 639 5040 imago
659 4968 886 5041 ingeniis
907 4966 1177 5035 humanis,
1198 4982 1319 5038 qua:
1342 4967 1560 5023 tarditas
1583 4969 1959 5041 pervenitgra-

366 5058 528 5115 datim
562 5074 731 5131 usque
767 5058 1154 5126 adridendum,
1187 5058 1270 5115 vel
1291 5061 1490 5130 potius,
1522 5060 1659 5116 sicut
1684 5059 1957 5131 Scriptura

366 5162 672 5208 commonet
698 5192 717 5220 ,
764 5167 931 5223 usque
969 5150 1040 5207 ad
1095 5150 1380 5222 lugendam
1425 5149 1720 5208 fatuitatem
1764 5151 1955 5227 (Eccli.

374 5256 481 5298 txn
500 5283 516 5309 ,
549 5241 674 5316 i0):
701 5243 1086 5314 rcspondemus
1107 5257 1225 5310 nos,
1254 5253 1308 5300 et
1334 5244 1450 5300 hmo
1475 5253 1530 5300 et
1552 5245 1732 5300 omnia
1765 5257 1957 5304 caetera

368 5334 530 5401 ninia,
571 5348 695 5390 cum
731 5335 926 5406 quibus
959 5336 1142 5390 nasci'
1163 5378 1180 5404 ,
1219 5351 1418 5408 negare
1452 5337 1536 5393 vel
1576 5337 1822 5395 dubitare
1849 5355 1957 5396 non

387 5444 457 5518 .-θ
890 5444 1032 5518 ,³³⁸³⁸
1072 5445 1330 5518 Amani,
1355 5453 1506 5518 mm
1529 5455 1831 5518 printereunt
1853 5450 1960 5518 edi-

366 5509 545 5572 tiones,
578 5509 772 5575 tametsi
796 5517 857 5554 ea
889 5509 1187 5575 inomnibus
1219 5509 1782 5575 ex‘stet-maquscriptis,
1815 5511 1961 5565 Julia-

367 5566 999 5637 numAeqiemmi-gumeuto
1017 5569 1198 5637 premit
1217 5568 1370 5631 intra,
1394 5570 1480 5620 lib.
1505 5567 1554 5634 5,
1579 5566 1684 5637 cap'.
1714 5566 1790 5623 li'.

431 5626 453 5659 ⁸
484 5625 648 5678 Codex
671 5625 820 5688 Pori,
842 5625 1150 5688 voluptdtum.

423 5693 446 5727 ⁸
477 5697 557 5744 llic
586 5693 807 5743 addimus
823 5730 838 5752 ,
863 5704 989 5751 cum,
1020 5706 1083 5742 ex
1103 5691 1270 5742 codice
1293 5700 1420 5744 Fort.

423 5756 445 5788 δ
479 5759 651 5805 latitare
674 5755 823 5804 verba
841 5789 855 5815 ,
895 5754 1064 5823 etuqui
1084 5752 1215 5823 mali;
1236 5755 1398 5823 adhuc
1420 5754 1541 5808 nihil
1577 5758 1786 5823 fecerat,
1812 5762 1963 5815 resti-

361 5817 563 5866 tuuntur
592 5829 656 5866 ex
681 5824 908 5866 veterum
931 5816 1164 5866 librorum
1187 5815 1296 5867 fide.

424 5876 448 5908 ⁵
480 5883 625 5927 Forte
644 5878 934 5932 addendum,
958 5877 1184 5928 homines.

1657 353 1868 413 LiBER
1905 349 2250 424 QUARTUS.

2013 488 2318 546 possumus,
2347 473 2642 545 primorum
2675 473 2904 528 duorum
2941 481 2995 528 et
3017 470 3248 529 aliorum
3269 471 3466 529 deinde
3507 488 3608 545 pa-

2013 574 2224 622 rentum
2260 566 2494 635 peccatis
2536 579 2658 620 esse
2697 563 3012 629 tribuenda;
3041 564 3292 634 quoniam
3322 573 3431 620 non
3474 579 3603 636 pos-

2013 664 2141 710 sunt
2183 655 2344 711 tribui
2389 655 2725 710 nascentium
2754 653 3034 710 voluntati.
3076 654 3196 709 Alia
3244 654 3450 725 quippe
3492 656 3610 711 atri-

2015 746 2196 813 muiia,
2219 755 2278 802 ut
2314 761 2437 802 cum
2461 747 2574 802 suis
2591 745 2806 818 generis
2840 746 2984 801 vitiis
3005 747 3258 801 nonnulla
3298 757 3608 815 nascantur,

2015 837 2144 910 quid
2182 839 2377 894 mirum
2416 839 2462 894 si
2496 837 2766 910 accipiunt
2805 836 2921 893 hzcc
2961 838 3106 893 noxii
3153 838 3373 908 spiritus
3417 839 3468 892 in
3512 854 3610 908 po-

2017 938 2286 994 tcstatem,
2310 928 2762 1000 quemdmodum
2786 942 3002 1000 porcos,
3024 936 3085 984 ut
3103 930 3369 995 novimus,
3392 944 3616 999 accepe-

2019 1029 2146 1074 runt
2165 1018 2380 1091 (Manli.
2409 1035 2531 1087 vin,
2557 1018 2694 1092 δίῃ
2730 1019 2833 1088 Qui
2871 1019 3087 1090 maligni
3117 1019 3338 1089 spiritus
3368 1029 3614 1088 possunt,

2022 1113 2161 1167 sicut
2187 1111 2434 1167 homines
2460 1111 2850 1168 irrationaliuin
2891 1110 3134 1165 membra
3161 1111 3473 1166 animalium
3495 1153 3511 1176 ,
3541 1112 3614 1164 ita

2022 1204 2274 1259 illietiam
2320 1204 2434 1273 ipsa
2467 1203 2674 1258 semina
2703 1203 2914 1258 vitiare.
2950 1201 3025 1257 De
3055 1201 3362 1256 hominibus
3389 1201 3618 1272 quiestiu

2021 1304 2136 1360 est,
2165 1295 2218 1350 in
2241 1295 2433 1365 quibus
2463 1294 2557 1349 Dei
2584 1293 2760 1365 imago
2789 1308 3060 1364 nunquam
3091 1292 3426 1348 diversorum
3459 1293 3618 1348 vitio-

2025 1401 2145 1442 rum
2167 1425 2182 1452 ,
2208 1400 2332 1442 cum
2359 1386 2553 1457 quibus
2578 1401 2672 1441 eos
2698 1385 2844 1441 nasci
2871 1384 3114 1440 videmus
3130 1423 3146 1450 ,
3179 1398 3367 1455 [muas
3406 1393 3618 1454 patere-

2027 1487 2150 1545 tur,
2180 1492 2314 1548 quas
2350 1478 2459 1549 pati
2497 1489 2603 1533 non
2629 1485 2814 1548 posset
2848 1477 3102 1548 injustas,
3143 1477 3246 1531 nisi
3274 1478 3504 1548 peccatis
3536 1476 3624 1547 gi-

2027 1571 2300 1641 gnentium
2323 1570 2749 1641 precedentibus
2775 1587 2792 1626 :
2810 1569 2952 1640 quod
2968 1585 3064 1625 vos
3084 1578 3361 1640 negantes,
3389 1579 3442 1624 et
3463 1568 3624 1624 fidem

2029 1665 2348 1721 catholicam
2389 1665 2666 1729 deseritis,
2695 1672 2750 1718 et
2785 1661 3060 1718 Manicha'i
3084 1661 3278 1733 dogma
3321 1661 3584 1717 nefarium
3607 1699 3623 1726 ,

2029 1765 2287 1827 quantum
2311 1763 2499 1826 optare
2525 1771 2632 1810 nun
2661 1767 2824 1809 ausus
2849 1762 2952 1818 est,
2979 1751 3265 1822 adjuvatis,
3296 1760 3354 1807 ut
3381 1752 3482 1807 sibi
3507 1767 3628 1808 cer.

2033 1859 2118 1904 tus
2141 1862 2472 1919 securusque
2499 1847 2760 1911 videatur,
2784 1845 3062 1902 hominum
3082 1845 3328 1916 opiﬁcem
3369 1859 3476 1900 non
3496 1861 3630 1902 cen-

2035 1941 2173 1997 iiteri
2209 1951 2396 1996 verum
2433 1941 2636 2004 Deum,
2663 1938 2759 1995 sed
2787 1946 3002 2010 gentem
3035 1938 3054 1970 ⁸
3095 1936 3434 1994 introducere
3476 1946 3630 1992 tene-

2034 2029 2274 2086 hrarum.

2107 2138 2344 2200 LXXVI.
2370 2141 2490 2200 ius.
2517 2142 2626 2200 Nos
2655 2153 2786 2200 vero
2807 2141 2940 2198 nihil
2977 2140 3255 2208 habemus,
3280 2141 3421 2214 quod
3451 2139 3502 2198 in
3531 2153 3634 2199 no-

2035 2244 2152 2291 stro
2177 2235 2546 2290 admirandum
2573 2234 2854 2290 credamus
2875 2231 3110 2306 ingenio,
3129 2233 3254 2304 quia
3283 2233 3633 2304 intelligimus

2039 2339 2140 2382 nec
2167 2333 2442 2397 peccatum
2472 2327 2590 2382 sine
2615 2325 2888 2381 voluntate
2908 2366 2922 2389 ,
2952 2341 3052 2381 nec
3091 2326 3208 2381 sine
3234 2326 3344 2382 Deo
3368 2339 3595 2396 corpora
3615 2365 3633 2395 ,

2041 2434 2142 2475 nec
2168 2419 2287 2475 sine
2311 2417 2626 2488 corporibus
2651 2429 2842 2474 sensus
2864 2429 3174 2488 corporum,
3207 2431 3308 2474 nec
3337 2417 3454 2474 sine
3479 2431 3632 2473 com-

2043 2513 2300 2569 mixtione
2329 2511 2606 2583 conjugis,
2634 2526 2738 2567 nec
2763 2511 2881 2566 sine
2925 2510 3037 2566 Deo
3083 2519 3368 2581 speratore
3404 2512 3640 2567 existere

2043 2615 2206 2676 posse
2234 2610 2521 2659 nascentes
2548 2619 2562 2656 :
2586 2611 2641 2658 et
2669 2602 3029 2658 indubitatum
3056 2610 3328 2666 tenemus,
3363 2616 3535 2674 neque
3561 2603 3644 2659 di-

2044 2695 2226 2751 viuum
2257 2707 2398 2761 esse,
2430 2693 2573 2766 quod
2598 2693 2857 2750 doceatur
2875 2693 3128 2764 injustutn
3151 2711 3168 2760 ;
3193 2707 3367 2765 ineque
3392 2694 3536 2765 quod
3563 2694 3646 2749 di-

2047 2787 2233 2842 vinum
2262 2787 2353 2852 sit,
2376 2797 2538 2857 posse
2567 2785 2822 2856 injustam
2853 2785 3056 2840 doceri.
3085 2783 3203 2840 Non
3231 2786 3409 2840 minus
3436 2791 3642 2853 autem,

2047 2889 2208 2948 quam
2239 2886 2303 2932 ea
2328 2889 2448 2946 qua:
2475 2875 2730 2943 diximus,
2755 2876 2959 2931 relucet
2987 2889 3107 2932 esse
3143 2873 3403 2946 iniquum,
3436 2876 3482 2931 si
3505 2877 3645 2931 alio-

2052 2978 2172 3022 rum
2200 2976 2420 3038 pcccata
2445 2967 2582 3032 aliis,
2617 2967 2708 3038 qui
2740 2965 2812 3020 ibi
2838 2981 2939 3022 nec
2961 2967 3175 3031 iuerint,
3197 2967 3396 3022 nedum
3414 2977 3649 3023 censen.

2047 3057 2252 3125 scrint,
2307 3058 2658 3138 impotentur.
2699 3057 2932 3113 Proinde
2984 3057 3069 3112 his
3108 3058 3386 3112 illuminati
3440 3057 3648 3114 solibus

2045 3149 2170 3220 jure
2191 3150 2394 3222 Optimo
2409 3149 2823 3206 Manichmorum
2847 3151 2872 3183 ‘
2893 3157 3045 3204 antra
3071 3149 3417 3221 despicimus,
3439 3151 3529 3221 qui
3553 3165 3651 3220 pn-

2049 3250 2169 3298 tant
2192 3241 2276 3298 vel
2301 3253 2424 3296 esse
2459 3253 2622 3312 posse
2646 3240 2767 3296 sine
2793 3240 3071 3296 voluntate
3097 3246 3374 3310 peccatum
3393 3283 3409 3308 ,
3433 3241 3516 3296 vel
3542 3251 3648 3297 non

2051 3347 2083 3388 a
2110 3335 2221 3390 Deo
2245 3333 2492 3390 homines
2521 3329 2635 3390 ﬁeri
2655 3373 2670 3400 ,
2703 3333 2792 3388 vel
2821 3331 2890 3388 ad
2918 3333 3082 3389 alium
3109 3339 3385 3389 auctorem
3431 3345 3651 3390 sensum

2052 3439 2372 3504 corporum,
2402 3435 2457 3482 et
2483 3425 2550 3481 ad
2580 3425 2742 3480 alium
2771 3436 2996 3496 corpora
3025 3425 3329 3496 pertinere;
3361 3426 3446 3481 vel
3476 3422 3648 3481 Deum

2051 3527 2194 3586 esse,
2248 3517 2341 3590 qui
2385 3519 2729 3589 iniquitatem
2780 3517 3098 3574 criminibus
3143 3519 3511 3590 opprimatur;
3561 3527 3655 3576 aut

2050 3612 2260 3668 scelere
2290 3611 2586 3682 iniquitatis
2611 3611 2787 3683 urgeri
2813 3622 2969 3678 eum,
3016 3610 3110 3681 qui
3152 3619 3386 3667 avternus
3413 3611 3654 3667 omnium

2049 3701 2302 3760 conditor
2321 3703 2656 3770 aestimetur;
2686 3711 2779 3758 aut
2817 3702 3066 3758 umbram
3094 3702 3327 3774 aliquam
3351 3711 3534 3760 tenere
3562 3705 3654 3774 ju-

2053 3795 2253 3862 stitiie,
2301 3796 2348 3851 si
2401 3795 2626 3850 aliorum
2674 3796 2976 3852 voluntates
3018 3795 3249 3852 aliorum
3309 3798 3653 3868 applicentur

2057 3884 2356 3944 exortibus.
2389 3888 2466 3943 Ae
2492 3897 2591 3958 per
2622 3885 2727 3943 hoc
2756 3888 2945 3943 merita
2985 3889 3214 3959 partium
3247 3891 3509 3960 negotiis,
3541 3903 3649 3946 non

2057 3977 2284 4048 ingeniis
2313 3977 2655 4049 imputamus.

2129 4071 2265 4128 Acs.
2293 4069 2410 4125 .iam
2435 4071 2528 4126 tibi
2549 4067 2616 4126 ad
2645 4072 2826 4127 omnia
2846 4071 3102 4142 respondi
3131 4085 3271 4129 :nec
3291 4072 3413 4130 ideo
3432 4073 3652 4129 ﬁrmans

2061 4173 2150 4219 tur
2176 4163 2437 4220 adversus
2461 4177 2570 4231 me,
2597 4165 2720 4236 quia
2742 4175 2849 4219 tam
2878 4177 3022 4236 saepe
3045 4174 3100 4222 et
3127 4167 3316 4223 odiose
3343 4175 3660 4239 repetuntur

2059 4267 2090 4307 a
2123 4263 2196 4310 te.
2225 4254 2324 4310 Dic
2351 4254 2546 4325 potius,
2580 4256 2625 4310 si
2653 4263 2827 4326 potes,
2854 4256 2999 4312 unde
3034 4256 3264 4313 humana
3294 4259 3504 4330 ingenia
3531 4269 3654 4316 cum

2058 4351 2206 4399 tanta
2223 4343 2539 4416 plerumque
2563 4345 2852 4402 vitiositate
2882 4355 3202 4415 nascantur;
3228 4360 3352 4405 cum
3389 4349 3530 4406 inter
3557 4363 3659 4406 nos

2059 4437 2341 4494 conveniat
2357 4437 2521 4494 totius
2544 4437 2776 4494 hominis
2805 4451 2926 4496 esse
2948 4439 3196 4511 epiiicem
3236 4441 3402 4497 Deum
3421 4441 3652 4512 justum,

2060 4535 2117 4584 et
2135 4541 2234 4584 vos
2258 4529 2464 4600 negatis
2479 4529 2502 4562 ³
2523 4529 2688 4586 ullum
2713 4531 2972 4602 originale
2992 4532 3310 4602 peccatum?
3331 4532 3451 4588 Non
3477 4539 3656 4589 autem

2061 4621 2272 4677 diceres
2305 4622 2533 4676 aliorum
2577 4629 2796 4692 peccata
2837 4637 2938 4678 nos
2977 4625 3097 4678 aliis
3125 4624 3424 4693 imputare,
3453 4624 3544 4694 qui
3586 4623 3656 4679 ibi

2061 4710 2278 4780 quando
2300 4712 2592 4766 commissa
2638 4720 2796 4779 sunt,
2845 4723 2952 4767 non
3002 4713 3214 4768 fuerunt
3238 4754 3254 4779 ,
3303 4713 3350 4767 si
3394 4713 3660 4770 recolercs

2062 4797 2205 4871 quod
2243 4801 2500 4871 scriptum
2541 4810 2654 4869 est,
2695 4802 2749 4856 in
2779 4801 2976 4856 lumbis
3012 4802 3243 4857 Abrahae
3278 4801 3446 4859 fuisse
3490 4803 3657 4870 Levi,

2062 4892 2279 4964 quando
2307 4892 2556 4948 eumdem
2597 4893 2868 4948 Abraham
2899 4893 3294 4950 Melchisedech
3327 4895 3420 4952 Dei
3459 4897 3662 4955 excelsi

2061 4984 2349 5040 decimavit
2373 4984 2596 5040 antistes
2627 4983 2824 5055 (Hebr.
2861 4999 2953 5051 vn,
2984 4985 3040 5050 9,
3069 4983 3192 5059 10).
3225 4985 3298 5042 ibi
3337 4987 3485 5044 enim
3513 4987 3662 5043 vide-

2064 5090 2188 5144 res,
2229 5077 2274 5132 si
2316 5087 2368 5133 te
2399 5077 2697 5147 pervicacia
2741 5093 2846 5132 non
2887 5086 3144 5145 cmearet,
3195 5079 3248 5134 in
3294 5079 3488 5136 lumbis
3531 5079 3663 5136 Adae

2066 5167 2230 5225 fuisse
2277 5184 2445 5242 genus
2507 5169 2798 5225 humanum
2822 5211 2839 5239 ,
2895 5169 3109 5242 quando
3154 5173 3480 5244 perpetravit
3534 5171 3664 5229 illud

2065 5261 2270 5332 grande
2298 5267 2600 5333 peccatum.

2137 5349 2398 5407 LXXVII.
2429 5351 2548 5409 In.
2573 5352 2681 5410 Sed
2707 5361 2764 5409 ut
2788 5362 3128 5410 revertamur
3151 5352 3217 5411 ad
3240 5367 3480 5422 causam,
3511 5366 3664 5428 post-

2066 5457 2226 5514 quam
2247 5443 2450 5510 dixisti,
2476 5460 2564 5502 me
2595 5459 2614 5499 t
2641 5445 2762 5503 ideo
2779 5447 3019 5505 noluisse
3042 5450 3536 5519 concupiscentiam
3566 5465 3666 5505 no.

2067 5535 2296 5602 minare,
2327 5536 2450 5606 quia
2491 5551 2598 5593 non
2626 5549 2770 5594 esset
2788 5552 2857 5595 ex
2885 5539 3064 5607 Patre,
3093 5540 3186 5595 sed
3213 5555 3279 5596 ex
3307 5541 3543 5607 mundo;
3573 5557 3666 5596 cu.

2062 5625 2152 5696 jus
2182 5627 2369 5684 mandi
2415 5630 2664 5703 princeps
2691 5632 2868 5688 dictus
2905 5643 2990 5689 est
3016 5631 3260 5689 dialwlus
3289 5651 3302 5687 :
3331 5635 3422 5705 qui
3449 5645 3565 5688 eam
3608 5634 3662 5688 in

2132 5764 2153 5835 ξ
2185 5763 2435 5835 βᾴἰιισιιω
2457 5773 2567 5835 Mar.
2592 5765 2732 5830 clar.,
2761 5779 2979 5835 mentm.
3005 5771 3167 5835 Artius
3190 5777 3336 5830 Port.,
3354 5774 3563 5835 gentem.

2132 5827 2156 5894 ξ
2185 5827 2259 5894 sic
2280 5832 2385 5877 nas.
2413 5835 2461 5878 in
2483 5833 2638 5894 ήδη,
2667 5827 2935 5884 Μιιπξειιωὶ.

2089 5901 2102 5911 ·
2136 5887 2158 5919 ⁸
2189 5892 2345 5952 Forte,
2371 5887 2562 5953 n‘gczt's‘.
