4124 6510
559 301 697 363 ⁸⁵⁸⁵
1233 341 1476 399 οιηειιιε
1517 339 1929 396 llll’lillFEthl
1968 337 2187 393 CONTll

2207 339 2242 392 .\
2287 337 2652 408 JULIANUM,
2693 341 2753 398 S.
2795 338 3162 401 AUGUSTINI
3699 349 3831 410 1384

556 470 784 525 Domino
827 474 935 516 non
967 456 1206 522 invenit;
1247 457 1370 527 qnia
1401 457 1657 511 Dominus
1698 456 1859 511 homo
1903 471 2006 510 non
2051 469 2148 526 per
2335 453 2471 509 Auc.
2507 455 2584 507 Tu
2622 455 2845 512 ostende
2872 456 3074 512 dixisse
3102 457 3408 526 Domimnn,
3439 474 3545 515 non
3569 476 3631 518 se
3652 462 3848 522 habere

541 558 716 626 ipsam
737 553 805 609 ad
833 553 1080 610 homines
1114 551 1260 605 venit
1291 570 1308 602 ι
1337 550 1440 622 (De
1467 550 1681 620 Nuptiis
1707 561 1752 604 et
1772 548 2146 620 Concupiscen-
2258 545 2473 600 sordem
2497 589 2512 614 ,
2545 548 2662 603 sine
2687 563 2789 618 qua
2813 548 2915 604 Job
2935 549 3066 604 dicit
3095 565 3194 605 nec
3219 551 3470 607 infantem
3516 554 3677 610 ullum
3705 573 3844 626 esse,

547 650 640 715 tia,
663 647 753 702 lib.
781 647 840 715 2,
878 662 930 701 tt.
959 644 1082 715 41.)
1115 642 1216 700 Ubi
1254 642 1544 697 notandum
1569 651 1682 706 est,
1707 641 1828 712 quia
1850 656 1972 696 cum
1995 639 2066 695 de
2089 655 2151 696 re
2259 638 2412 709 cujus
2449 650 2532 695 est
2567 642 2722 695 unius
2753 642 2859 697 dici
2905 643 3010 698 vita
3056 659 3217 714 super
3260 653 3457 701 terram
3490 645 3625 716 (Job
3655 665 3761 718 xiv,
3792 665 3843 719 4,

552 740 779 797 naturali
810 737 1128 809 loquereris,
1161 750 1390 806 eamque
1415 749 1482 789 ex
1510 733 1711 788 mundo
1737 748 1859 788 esse
1891 731 2149 796 dixisses,
2259 745 2360 786 sec.
2409 731 2597 803 LXX).
2645 733 2716 789 Et
2745 743 2923 790 tamen
2970 735 3058 791 ubi
3115 735 3211 802 ait,
3263 735 3397 792 Ecce
3452 739 3580 793 venit
3621 741 3844 812 princeps

550 831 829 890 subdidisti
847 830 1028 886 mundi
1052 831 1218 885 totius
1236 829 1529 900 principem
1543 827 1812 883 diabolum
1825 825 1970 880 credi
1991 839 2154 895 epor-
2259 827 2435 879 mundi
2458 827 2632 897 hujus,
2659 835 2706 881 et
2729 828 2781 881 in
2798 844 2876 882 me
2894 828 3108 883 inveniet
3135 829 3282 897 nihil,
3311 845 3412 886 nec
3438 831 3607 901 ipsam
3637 835 3843 888 sordem

506 925 515 976 '.
552 938 697 994 tere;
720 937 899 982 utnon
920 935 1135 982 actuum
1153 925 1595 992 voluntariorum,
1613 923 1708 979 sed
1728 921 2045 978 naturalium
2066 935 2155 977 τε-
2259 919 2621 990 intelligimus,
2653 921 2697 974 si
2726 928 2870 976 recte
2901 919 3268 992 intelligimus.
3295 921 3428 976 Nam
3463 923 3507 978 si
3531 938 3596 979 ex
3615 939 3680 980 eo
3708 927 3842 995 quod

513 1008 694 1088 'rum,
718 1020 900 1091 utique
922 1029 1253 1086 naturarum,
1283 1017 1525 1073 fatereris
1549 1031 1671 1072 eum
1696 1023 1991 1071 auctorem.
2259 1008 2412 1076 dixit,
2461 1025 2567 1064 non
2606 1019 2690 1065 est
2736 1011 3139 1082 intelligendum
3198 1011 3338 1082 quod
3383 1029 3489 1068 non
3543 1013 3706 1080 dixit;
3752 1031 3843 1070 nec

626 1113 763 1168 Aue.
799 1110 898 1166 Ubi
927 1111 1078 1182 posui
1114 1127 1133 1162 «
1159 1107 1647 1180 concupiscentiam
1665 1107 1865 1173 carnis,
1894 1125 1913 1158 ι
1941 1112 1997 1159 ιιι
2023 1103 2150 1159 abs-
2257 1099 2525 1157 diabolum
2549 1102 2860 1168 nominavit,
2887 1101 2984 1158 sed
3013 1102 3308 1174 principem
3339 1104 3521 1159 mundi
3551 1123 3566 1162 :
3594 1113 3639 1159 et
3669 1107 3722 1160 in
3747 1124 3840 1173 me,

555 1201 721 1258 tulisti
751 1201 876 1257 inde
919 1201 1210 1269 «carnis,»
1264 1200 1405 1272 quod
1446 1213 1548 1270 ego
1590 1197 1699 1254 dixi
1732 1216 1744 1252 :
1774 1207 1831 1254 et
1868 1197 1958 1252 ubi
2000 1196 2148 1264 dixi,
2261 1191 2466 1264 inquit,
2518 1193 2648 1248 nihil
2673 1193 2922 1259 inveniet;
2953 1209 3059 1248 non
3087 1194 3194 1258 ait,
3241 1193 3298 1248 ln
3335 1209 3422 1250 me
3459 1209 3565 1250 non
3617 1196 3843 1252 inveniet

560 1294 744 1366 «cujus
771 1293 956 1349 mundi
983 1293 1158 1350 dictus
1179 1301 1263 1348 est
1292 1292 1537 1363 princeps
1565 1289 1842 1354 diabolus;
1871 1307 1891 1341 ι
1923 1297 1977 1342 ιιι
1995 1288 2150 1344 addi-
2257 1296 2561 1358 peccatum.
2591 1287 2660 1342 Et
2688 1297 2864 1343 tamen
2896 1302 2994 1342 nos
3018 1303 3082 1342 ea
3113 1287 3367 1355 dicimus,
3402 1305 3519 1359 qua:
3542 1303 3651 1344 non
3673 1289 3839 1357 dixit;

556 1383 680 1440 disti
718 1401 737 1436 «
771 1383 954 1452 totius,
985 1403 1004 1438 ι
1032 1392 1085 1439 ει
1108 1383 1309 1449 dixisti,
1342 1401 1362 1433 «
1387 1383 1548 1437 totius
1574 1379 1790 1447 mundi,
1828 1399 1847 1433 ι
1883 1379 2024 1450 quod
2049 1394 2150 1448 ego
2257 1377 2353 1432 sed
2375 1393 2443 1434 ex
2463 1376 2547 1432 his
2574 1377 2867 1442 intellecta,
2891 1393 3011 1449 quae
3041 1377 3198 1433 dixit.

557 1493 663 1532 non
695 1476 826 1533 dixi.
857 1477 968 1547 Age
991 1487 1048 1531 ut
1078 1476 1266 1545 placet,
1297 1474 1383 1529 die
1411 1473 1552 1544 quod
1576 1471 1669 1527 tibi
1693 1471 1889 1543 placet,
1925 1474 2009 1526 vel
2045 1469 2152 1526 illis
2329 1468 2567 1526 LXXIX.
2588 1469 2711 1526 lup.
2756 1469 2892 1540 Quid
2918 1471 3312 1526 circuinscribis
3341 1469 3577 1528 infelices
3621 1472 3838 1539 animas,

554 1569 715 1623 etiam
764 1567 956 1638 quibus
1013 1567 1212 1635 places.
1286 1566 1395 1636 Ego
1440 1563 1924 1635 concupiscentiam
1975 1562 2152 1620 carnis
2258 1572 2316 1619 ut
2341 1563 2618 1620 mentiaris
2668 1562 2958 1618 indicatum
2986 1564 3002 1596 ⁸
3031 1577 3170 1626 εεεε,
3202 1562 3475 1634 quodnon
3515 1565 3839 1619 estlDomi-

557 1659 698 1722 dixi,
741 1674 898 1728 quam
933 1660 1064 1712 dicit
1102 1657 1338 1713 Joannes
1378 1673 1482 1712 non
1519 1672 1640 1712 esse
1678 1672 1706 1708 a
1738 1656 1928 1720 Patre,
1961 1653 2054 1709 sed
2085 1669 2149 1709 ex
2258 1669 2360 1710 nus
2377 1655 2504 1710 dicit
2524 1653 2901 1724 inEvangelio,
2932 1653 3062 1709 Ecce
3084 1654 3214 1708 venit
3237 1654 3657 1726 princepsmundi
3673 1657 3836 1726 hujus,

551 1749 754 1805 mundo
796 1748 1018 1821 (lJoan.
1061 1765 1120 1816 ιι,
1174 1748 1264 1822 16)
1291 1789 1307 1814 ,
1354 1748 1406 1804 id
1438 1757 1518 1802 est
1543 1789 1557 1815 ,
1588 1763 1652 1803 ex
1704 1745 2012 1801 hominibus
2059 1746 2148 1816 qui
2257 1756 2304 1802 et
2324 1747 2377 1801 in
2402 1763 2482 1801 me
2501 1746 2689 1801 invenit
2727 1747 2876 1800 nihil.
2923 1746 3143 1802 Certum
3172 1757 3255 1803 est
3297 1747 3429 1802 nihil
3457 1749 3654 1818 peccati
3691 1749 3742 1804 in
3777 1766 3842 1805 eo

543 1850 842 1899 nascuntur
885 1841 940 1896 in
993 1840 1229 1908 mundo,
1284 1840 1506 1911 perituri
1556 1839 1660 1895 nisi
1703 1847 2052 1896 renascantur
2097 1840 2150 1894 in
2256 1837 2526 1894 diabolmn
2575 1837 2904 1894 oll'endisse:
2949 1839 3200 1909 quoniam
3247 1838 3300 1894 in
3351 1839 3516 1904 omni,
3567 1839 3647 1894 vel
3687 1855 3839 1910 quam

546 1931 783 1987 Christo.
821 1932 949 1988 llaac
982 1933 1419 2003 concupiscentia
1452 1932 1631 1988 carnis
1654 1947 1762 1986 non
1799 1941 1883 1987 est
1918 1931 2146 1998 luxuria,
2255 1931 2533 1995 esurienti,
2557 1930 2642 1986 vel
2671 1945 2832 2001 quam
2861 1938 3048 2001 postea
3073 1928 3403 2001 praedicanti,
3433 1939 3681 2001 tanquam
3719 1946 3838 2001 per-

545 2022 760 2093 quando
794 2023 846 2079 ei
877 2023 1182 2092 resistitur,
1225 2023 1322 2079 sed
1357 2023 1572 2094 quando
1600 2022 1904 2093 perﬁcitur,
1950 2023 2004 2078 id
2031 2031 2144 2090 cst,
2255 2031 2530 2078 secutores
2558 2036 2686 2077 suos
2728 2021 3061 2089 admoverat,
3107 2021 3403 2077 tentatione
3429 2030 3710 2092 superatus
3737 2032 3836 2077 est.

545 2113 760 2184 quando
787 2115 1032 2185 pervenit
1061 2131 1168 2186 quo
1194 2116 1440 2186 impellit.
1457 2113 1613 2172 Unde
1636 2125 1691 2172 et
1710 2117 1985 2186 apostolus
2006 2115 2147 2172 Pau-
2254 2115 2539 2170 Proﬁtctur
2582 2129 2710 2185 ergo
2735 2112 2999 2182 Salvator,
3032 2114 3163 2169 nihil
3203 2114 3258 2168 in
3278 2128 3339 2169 se
3361 2112 3630 2169 diabolum
3652 2114 3837 2184 depre-

547 2207 630 2262 lus
658 2224 674 2261 :
707 2206 909 2280 Spiritu
928 2249 944 2274 ,
979 2207 1182 2279 inquit,
1210 2208 1497 2275 ambulate,
1537 2216 1584 2262 et
1608 2207 1863 2263 desideria
1887 2211 2058 2263 carnis
2084 2225 2148 2263 ne
2251 2190 2504 2261 hendisse
2525 2205 2748 2276 peccati.
2773 2204 2829 2260 ln
2860 2221 2967 2276 quo
2996 2213 3142 2260 certe
3182 2204 3494 2272 invenisset,
3544 2205 3588 2260 si
3616 2205 3738 2275 quid
3773 2205 3839 2261 de

548 2298 855 2370 perfeceritis
873 2294 1072 2372 (Colat.
1097 2315 1150 2367 v,
1177 2299 1291 2371 16).
1316 2298 1431 2354 Νοιι
1451 2300 1549 2366 ait,
1567 2299 1649 2355 Ne
1684 2298 1982 2356 habueritis
2007 2318 2021 2355 :
2047 2317 2146 2355 no-
2252 2300 2432 2355 carnis
2474 2298 2779 2355 conditione
2805 2300 3108 2355 traheretur
3136 2313 3154 2354 :
3180 2298 3431 2369 quoniam
3457 2307 3512 2354 et
3531 2298 3644 2369 ipse
3672 2298 3838 2354 factus

547 2399 699 2445 verat
729 2391 926 2462 quippe
953 2390 1056 2446 hoc
1078 2407 1274 2447 munus
1309 2390 1548 2447 futurum
1579 2390 1794 2462 quidem
1823 2407 1945 2447 esse
1969 2391 2144 2459 nobis,
2251 2392 2506 2450 fueratex
2530 2393 2776 2462 muliere,
2797 2392 2867 2449 de
2888 2392 3096 2450 semine
3116 2391 3282 2448 David
3307 2400 3363 2448 ει
3388 2391 3456 2449 de
3482 2391 3650 2450 Adam
3677 2392 3837 2462 stirpe

548 2482 645 2538 sed
674 2483 798 2538 vita:
838 2498 947 2557 non
973 2498 1093 2540 esse
1133 2485 1436 2554 praesentis.
1469 2486 1582 2556 Ego
1621 2483 1915 2556 principem
1959 2485 2146 2542 mundi
2253 2497 2530 2559 prognata.
2928 2533 2936 2564 δ

548 2576 819 2632 «liabolum
859 2576 971 2632 dixi
996 2618 1013 2646 ,
1048 2577 1189 2634 sicut
1220 2593 1344 2633 eum
1381 2578 1616 2648 appellat
1653 2577 1927 2648 Scriptura
1966 2579 2146 2634 divina
2322 2581 2458 2637 Ave.
2487 2578 2592 2636 Sed
2614 2595 2718 2634 non
2747 2594 2870 2635 eum
2897 2595 2992 2650 per
3019 2578 3504 2650 concupiscentiam
3528 2579 3702 2633 carnis
3729 2578 3830 2633 vir-

550 2667 733 2739 (Joan.
767 2684 863 2736 xu,
894 2669 994 2734 ὄις
1027 2683 1145 2735 xiv,
1177 2668 1282 2735 30;
1309 2683 1420 2736 xvi,
1453 2666 1570 2740 Η),
1601 2683 1708 2723 non
1739 2670 1878 2724 sicut
1905 2669 2145 2741 suspica-
2251 2685 2320 2742 go
2343 2680 2698 2743 conceperat:
2724 2681 2779 2727 et
2805 2671 2924 2727 ideo
2947 2672 2996 2725 in
3022 2686 3144 2727 eum
3166 2671 3285 2727 sine
3311 2670 3598 2742 propagine
3624 2673 3828 2739 peccati

551 2770 638 2816 tur
659 2761 741 2816 vel
763 2760 1120 2817 calumniatur
1134 2761 1339 2818 vanitas
1364 2770 1474 2817 tua.
1495 2761 1617 2818 Non
1637 2761 1815 2834 itaque
1834 2772 2145 2820 naturarum
2251 2765 2431 2822 carnis
2451 2780 2684 2837 propago
2707 2765 3038 2837 pertransiit,
3080 2775 3138 2819 ut
3167 2772 3312 2820 esset
3356 2765 3409 2818 in
3458 2779 3522 2818 eo
3566 2778 3668 2817 non
3705 2778 3829 2816 raro

547 2862 824 2908 auctorem
866 2851 1137 2908 diabolum
1177 2851 1319 2921 dixi,
1349 2853 1445 2909 sed
1477 2854 1772 2925 principem
1819 2854 2046 2923 mundi,
2091 2853 2145 2912 id
2251 2860 2478 2931 peccati,
2508 2859 2603 2915 sed
2624 2858 2917 2915 similitudo
2957 2858 3136 2914 carnis
3175 2857 3397 2928 peccati,
3430 2871 3642 2912 carnem
3672 2856 3838 2911 salva-

547 2955 664 3011 est,
698 2945 996 3014 hominum,
1028 2946 1221 3017 quibus
1268 2946 1322 3002 in
1367 2947 1497 3002 orbe
1541 2955 1805 3003 terrarum
1846 2950 2036 3020 plenus
2063 2959 2146 3005 est
2251 2963 2369 3008 tura
2415 2952 2639 3024 peccati.
2687 2951 2919 3008 Proinde
2967 2949 3160 3016 Adam,
3212 2951 3518 3021 priusquam
3572 2960 3832 3020 peccaret,

549 3037 800 3104 mundus,
823 3038 914 3108 qui
935 3045 1230 3094 nascuntur
1257 3037 1313 3094 in
1337 3037 1558 3107 mundo,
1585 3053 1686 3094 nec
1711 3048 2065 3096 renascuntur
2088 3041 2142 3096 iu
2251 3060 2350 3102 nec
2372 3062 2589 3103 mrnem
2621 3046 2821 3117 peccati
2850 3046 3056 3113 habuit,
3105 3060 3204 3102 nec
3240 3045 3638 3101 similitudinem
3665 3045 3838 3100 carnis

545 3130 781 3186 Christo.
826 3131 909 3186 Ab
938 3130 1018 3186 eis
1053 3131 1253 3202 quippe
1287 3131 1377 3202 qui
1420 3139 1775 3187 renascuntur
1813 3133 1866 3188 in
1892 3131 2142 3200 Christo,
2251 3138 2487 3208 peccati;
2519 3138 2643 3209 quia
2668 3154 2777 3193 non
2807 3146 2927 3193 erat
2953 3138 3262 3202 moriturus,
3282 3138 3383 3193 nisi
3415 3148 3682 3208 peccasset
3711 3138 3837 3192 :sed

547 3226 795 3296 princeps
815 3223 999 3280 mundi
1023 3225 1252 3280 mittitur
1273 3223 1423 3280 foras
1449 3242 1464 3279 :
1493 3224 1638 3297 quod
1661 3226 1916 3298 mysteria
1935 3224 2144 3297 signiﬁ-
2251 3238 2598 3302 posteaquam
2630 3231 2893 3302 peccavit,
2918 3229 3026 3301 jam
3049 3245 3178 3286 caro
3199 3231 3398 3305 peccati
3427 3231 3602 3302 genuit
3618 3245 3834 3285 Carnem

545 3328 690 3386 cant,
713 3319 928 3390 quando
947 3319 1108 3376 etiam
1135 3318 1343 3390 parvuli
1368 3318 1672 3391 baptizandi
1693 3321 2071 3376 exorcizantur
2090 3327 2146 3375 ct
2265 3323 2495 3393 peccati,
2525 3323 2647 3394 quia
2697 3337 2792 3393 per
2814 3321 2956 3377 illam
2994 3322 3476 3391 concupiscentiam
3498 3323 3669 3378 carnis
3688 3338 3802 3377 cam
3819 3324 3840 3354 ι

541 3412 909 3470 exsulﬂantur.
940 3412 1025 3468 Ad
1067 3411 1184 3470 haec
1211 3411 1509 3483 responde,
1555 3411 1602 3468 si
1641 3420 1814 3482 potes.
1845 3410 1966 3467 Noli
1997 3410 2138 3468 velle
2249 3415 2473 3487 genuit,
2534 3433 2653 3487 qua:
2681 3424 2807 3471 ante
2836 3424 3114 3486 peccatum
3143 3415 3228 3470 vel
3276 3415 3420 3470 nulla
3467 3414 3523 3469 in
3571 3415 3664 3470 illo
3706 3422 3837 3479 erat,

543 3507 802 3564 lectorem
837 3517 924 3561 tua
953 3505 1332 3577 loquacissima
1361 3504 1596 3562 vanitate
1620 3518 1948 3571 vanescere,
1982 3513 2038 3561 et
2073 3503 2144 3560 ab
2251 3507 2335 3564 vel
2354 3507 2565 3578 spiritui
2595 3505 2700 3563 non
2731 3508 3038 3576 resistebat,
3071 3518 3290 3578 propter
3325 3506 3467 3579 quod
3496 3522 3616 3562 eum
3646 3505 3840 3561 nudum

544 3615 613 3656 eo
645 3599 790 3671 quod
812 3600 1006 3672 agitur,
1054 3600 1222 3656 averti
1269 3608 1429 3670 atque
1449 3597 1634 3655 seduci
1665 3614 1680 3652 :
1723 3599 1840 3663 dic,
1872 3598 1919 3654 si
1952 3597 2142 3664 audes,
2251 3615 2373 3658 esse
2393 3601 2523 3656 nihil
2549 3600 2800 3672 pudebat.
2823 3599 3068 3656 Christus
3088 3608 3266 3655 autem
3295 3599 3383 3669 qui
3411 3615 3515 3652 non
3561 3614 3654 3669 per
3702 3596 3840 3653 illam

546 3691 747 3748 bonum
778 3707 900 3747 esse
927 3690 1311 3762 concupiscere
1345 3689 1565 3745 malum.
1595 3689 1694 3744 Dic
1717 3729 1733 3755 ,
1766 3689 1907 3744 mala
1930 3689 2145 3760 quidem
2251 3691 2738 3762 concupiscentiam
2765 3691 2943 3746 carnis
2969 3700 3051 3747 est
3080 3701 3257 3757 natus,
3283 3691 3398 3746 sine
3429 3698 3643 3761 peccato
3684 3699 3836 3743 natus

543 3783 934 3857 operaaPatre
963 3797 1069 3838 non
1090 3797 1232 3848 esse,
1253 3781 1854 3851 sedconcupiscentiam
1880 3780 2146 3837 malorum
2251 3791 2356 3850 est,
2385 3781 2529 3852 quod
2556 3782 2720 3837 trahit
2772 3783 2946 3837 omnis
2991 3796 3120 3837 caro
3161 3783 3386 3852 peccati,
3443 3781 3625 3852 procul
3672 3780 3832 3835 dubio

544 3892 770 3948 cperum
799 3891 830 3929 a
861 3875 1018 3932 Patre
1046 3889 1186 3930 esse.
1229 3873 1358 3941 Dic,
1383 3872 1656 3929 diabolum
1686 3885 1794 3928 non
1820 3873 2146 3944 appellatum
2253 3885 2472 3947 propter
2493 3890 2654 3947 quam
2702 3877 3002 3931 moriuntur
3027 3891 3238 3942 omnes,
3268 3889 3481 3930 carnem
3509 3888 3612 3929 non
3645 3873 3842 3928 habens

546 3970 848 4041 principem
879 3966 1088 4022 mundi.
1120 3967 1237 4034 Dic,
1264 3966 1525 4022 mundum
1555 3981 1662 4022 non
1682 3966 1789 4022 dici
1819 3967 2064 4022 homines
2092 3967 2147 4023 in
2253 3966 2367 4037 ipse
2383 3967 2584 4037 peccati
2614 3983 2628 4021 :
2656 3965 2751 4022 sed
2776 3975 2952 4022 tamen
2981 3976 3037 4022 et
3083 3966 3194 4037 ipse
3215 3976 3456 4020 mortuus
3500 3972 3582 4021 est
3631 3972 3844 4035 prOpICI'

548 4061 752 4119 mundo
777 4059 1118 4116 constitutos.
1149 4059 1264 4126 Dic,
1295 4057 1550 4114 mundum
1581 4059 1634 4114 in
1677 4059 1817 4113 male
1847 4074 1954 4113 non
1982 4073 2145 4130 posse
2252 4057 2656 4115 similitudinem
2685 4058 2862 4114 carnis
2893 4059 3116 4128 peccati.
3146 4057 3277 4113 Nam
3308 4057 3352 4113 si
3392 4073 3491 4114 nec
3529 4066 3840 4122 moreretur,

547 4151 774 4224 intelligi
813 4151 1060 4208 homines
1089 4149 1367 4218 infideles,
1402 4150 1594 4221 quibus
1631 4151 1684 4206 in
1710 4150 1844 4207 orbe
1883 4159 2146 4206 terrarum
2253 4165 2360 4206 non
2402 4151 2575 4206 solum
2603 4165 2818 4205 carnem
2851 4150 3052 4221 peccati
3103 4166 3208 4205 non
3258 4149 3506 4216 haberet,
3555 4150 3688 4204 sicut
3738 4164 3844 4202 nun

549 4246 741 4318 plenus
764 4253 848 4301 est
876 4241 1139 4312 mundus;
1179 4253 1235 4299 et
1258 4257 1466 4311 rursus,
1493 4243 1546 4298 in
1571 4242 1712 4298 bono
1740 4243 1988 4299 homines
2015 4243 2149 4299 ﬁde-
2254 4243 2524 4310 habebat;
2566 4241 2663 4298 sed
2720 4257 2821 4298 nec
2877 4243 2994 4312 ejus
3047 4241 3358 4298 ostenderet
3423 4239 3841 4306 similitudinem,

547 4338 650 4405 les,
685 4337 879 4408 quibus
911 4336 1035 4392 licet
1075 4335 1434 4406 paucioribus,
1472 4347 1650 4390 tamen
1701 4335 1865 4392 etiam
1910 4335 2042 4406 ipsis
2093 4335 2146 4390 in
2253 4349 2413 4404 quam
2439 4348 2537 4404 pro
2562 4341 2748 4388 nostra
2776 4333 2951 4390 salute
2991 4345 3321 4404 susceperat.
3346 4333 3426 4389 Tu
3445 4333 3599 4406 igitur
3622 4334 3710 4404 qui
3737 4349 3834 4387 ne-

550 4429 684 4485 orbe
714 4439 978 4484 terrarum
1007 4428 1198 4498 plenus
1224 4435 1310 4483 est
1337 4427 1589 4492 mundus,
1618 4426 1835 4483 nomine
1864 4427 2048 4483 mundi
2069 4427 2147 4482 si-
2253 4442 2380 4498 gare
2407 4441 2514 4482 non
2544 4435 2697 4498 potes
2715 4425 2989 4483 Christum
3007 4441 3112 4482 non
3129 4429 3181 4483 in
3204 4443 3366 4484 carne
3384 4429 3594 4485 venisse
3616 4427 3835 4497 peccati,

550 4519 751 4576 utiliter
787 4518 1086 4591 appellari;
1125 4519 1263 4574 sicut
1299 4517 1590 4572 absurdum
1621 4533 1727 4573 non
1754 4527 1870 4587 est,
1901 4527 1961 4574 ut
1985 4519 2148 4576 arbor
2253 4519 2348 4575 sed
2395 4520 2449 4574 in
2477 4533 2641 4575 carne
2688 4517 2902 4590 quidem
2957 4535 3119 4590 vera,
3166 4528 3347 4577 tamen
3396 4521 3446 4576 in
3503 4518 3844 4576 similitudine

550 4613 708 4684 plena
747 4611 950 4683 pomis,
975 4610 1182 4666 dicatur
1219 4610 1373 4681 plena
1403 4618 1456 4666 et
1483 4611 1644 4666 loliis.
1681 4611 1809 4677 Dic,
1858 4611 2105 4682 parvulos
2129 4654 2144 4678 ,
2253 4612 2430 4668 carnis
2467 4612 2695 4684 peccati,
2742 4612 2910 4668 debes
2935 4611 3553 4669 demonstrare-carnem
3587 4613 3788 4683 peccati
3824 4629 3838 4668 :

547 4722 673 4761 cum
702 4705 1064 4777 baptizantur,
1090 4719 1196 4760 non
1239 4704 1357 4761 erui
1392 4703 1461 4760 de
1487 4713 1750 4775 potestate
1777 4704 2142 4772 tenebrarum,
2252 4708 2504 4780 quoniam
2551 4709 2598 4762 si
2641 4707 2786 4764 nulla
2829 4715 2934 4776 est,
2983 4708 3223 4779 profecto
3270 4723 3371 4764 nec
3412 4707 3700 4763 similitudo
3729 4707 3844 4778 ejus

548 4807 748 4854 etcum
779 4811 968 4868 magna
1003 4795 1194 4866 injuria
1229 4795 1320 4851 Dei
1361 4810 1458 4866 per
1492 4787 1795 4851 universam
1824 4795 2144 4851 catholicam
2253 4801 2358 4856 ulla
2378 4810 2480 4858 est.
2504 4801 2673 4857 Porro
2688 4802 2811 4873 quia
2837 4801 2986 4858 solus
3009 4800 3259 4858 Christus
3306 4802 3492 4858 habuit
3539 4800 3841 4858 similitudi-
3861 4831 3872 4900 ἐ

551 4890 842 4946 Ecclesiam
872 4889 1164 4944 exorcizari
1205 4898 1260 4944 et
1284 4887 1558 4944 exsufﬂari
1589 4888 1848 4960 imagines
1879 4890 1973 4944 Dei
2007 4906 2021 4942 :
2055 4897 2149 4944 aut
2254 4911 2376 4951 nem
2401 4895 2580 4951 carnis
2609 4896 2834 4966 peccati,
2863 4912 2982 4968 qua:
3021 4912 3127 4953 non
3155 4905 3299 4954 esset
3323 4913 3451 4953 caro
3484 4898 3703 4967 peccati,
3722 4897 3844 4966 quia
3862 4887 3878 4956 ’ς

550 4985 658 5051 dic,
681 4999 774 5040 eos
793 4999 823 5038 a
848 4983 1066 5038 diabolo
1093 4982 1354 5053 possideri
1385 4983 1501 5038 sine
1529 4983 1636 5038 ulla
1669 4983 1998 5054 obligatione
2019 4997 2148 5054 pec-
2254 5002 2360 5043 non
2389 5001 2460 5044 ex
2505 4987 2885 5044 commixtione
2910 5004 3135 5044 sexuum
3163 4997 3319 5045 natus
3338 4998 3422 5045 est
3446 5008 3458 5044 :
3489 4987 3612 5060 quid
3658 4997 3844 5054 restat,

551 5077 678 5131 cati.
713 5075 837 5131 llaac
871 5075 917 5131 si
941 5076 1165 5131 audebis
1189 5075 1401 5143 dicere,
1431 5092 1555 5130 mox
1590 5077 1873 5147 apparebis
1904 5091 1921 5130 :
1958 5075 2006 5132 si
2040 5091 2148 5131 non
2253 5081 2355 5137 nisi
2376 5089 2435 5138 ut
2451 5080 2655 5152 peccati
2681 5095 2806 5136 caro
2825 5081 2897 5136 sit
2922 5081 3289 5152 omnium,qui
3307 5080 3374 5137 de
3398 5081 3486 5136 tali
3507 5079 3845 5136 commixtio-

551 5167 796 5232 audebis,
823 5182 922 5222 nec
947 5167 1027 5223 sic
1055 5167 1266 5223 latebis.
2255 5188 2323 5227 ne
2349 5182 2660 5238 nascuntur,
2693 5172 3020 5242 pertinentes
3040 5171 3106 5227 ad
3142 5171 3421 5237 mundum,
3453 5171 3604 5240 cujus
3629 5179 3710 5224 est
3730 5169 3846 5222 dia-

624 5258 904 5317 LXXVlll.
940 5259 1058 5316 ιω..
1092 5261 1379 5333 Postquam
1409 5275 1538 5332 ergo
1556 5260 1658 5316 hoc
1680 5259 1874 5316 eil'atus
1893 5275 1974 5327 es,
2003 5260 2149 5316 intu-
2257 5262 2409 5318 belus
2429 5264 2696 5334 princeps,
2723 5277 2753 5316 a
2774 5278 2881 5333 quo
2906 5263 3048 5318 malo
3085 5277 3193 5318 non
3236 5263 3545 5328 liberantur,
3569 5262 3613 5317 si
3651 5277 3754 5315 non
3792 5259 3847 5315 in

554 5352 695 5418 listi,
739 5352 923 5410 «Unde
967 5353 1098 5411 dicit
1137 5355 1301 5412 etiam
1347 5355 1462 5424 ipse
1495 5354 1796 5422 Dominus,
1846 5353 1981 5411 Ecce
2017 5357 2150 5410 venit
2254 5354 2471 5410 Christo
2490 5353 2882 5409 renascuntur?

554 5447 788 5518 princeps
813 5447 990 5502 mundi
1007 5446 1180 5517 hujus,
1204 5455 1251 5500 et
1276 5446 1331 5500 in
1361 5461 1442 5499 me
1467 5444 1596 5499 nihil
1621 5445 1809 5500 invenit
1839 5462 1860 5498 ι
1893 5444 2003 5519 (ια.
2037 5463 2146 5516 xiv,
2325 5444 2540 5501 LXXX.
2562 5444 2683 5501 ιω..
2715 5445 3013 5503 lnvenisset
3055 5460 3185 5516 ergo
3214 5446 3269 5500 in
3316 5460 3383 5501 eo
3414 5443 3657 5500 diabolus
3687 5451 3842 5497 natu-

553 5537 656 5610 50)
691 5537 993 5610 :addisque
1031 5536 1101 5593 de
1138 5544 1264 5602 tuo,
1310 5533 1488 5590 «nihil
1536 5535 1723 5607 utique
1767 5539 2001 5606 peccati,
2050 5553 2150 5596 nec
2257 5537 2368 5594 rale
2395 5535 2680 5604 crimen,si
2701 5536 2866 5592 ullum
2882 5546 3027 5593 esset
3054 5555 3067 5592 :
3098 5546 3306 5594 teneret
3322 5551 3517 5608 corpus
3533 5534 3842 5598 obnoxium,

552 5630 690 5700 quod
708 5646 738 5685 a
768 5637 1022 5686 nascente
1047 5625 1296 5695 trahitur,
1317 5640 1419 5680 nec
1433 5625 1623 5695 quoda
1643 5627 1855 5684 vivente
1876 5629 2107 5686 additur.
2123 5651 2142 5685 ι
2256 5630 2301 5688 si
2331 5628 2460 5686 illud
2480 5629 2563 5685 vel
2584 5629 2638 5684 in
2664 5630 2838 5700 primo
2860 5639 3104 5701 parente,
3134 5634 3216 5686 vel
3245 5634 3299 5686 in
3345 5631 3458 5701 ipsa
3485 5627 3724 5700 pariente
3751 5641 3846 5680 ve-

555 5723 791 5817 Qsiende
811 5723 974 5795 igitur
1001 5719 1514 5817 dixissepominum
1545 5718 1597 5775 in
1625 5720 1937 5817 Eyangclio’
1961 5741 2065 5781 no"
2089 5742 2148 5783 sc
2323 5768 2340 5800 ι
2373 5767 2448 5817 sic
2469 5773 2574 5817 uss.
2605 5772 2657 5816 tu
2680 5765 2838 5817 viam.
2865 5765 3130 5817 iudicatum

557 5779 752 5871 habere
784 5779 1062 5886 peccatum
1082 5809 1223 5882 quod
1249 5824 1278 5866 a
1309 5817 1562 5867 nascente
1591 5779 1937 5870 traheretur:
1965 5779 1992 5780 ﬁ
2009 5779 2019 5781 ἡ
2036 5779 2064 5781 ἡ
2096 5779 2144 5783 ἡ

1777 5779 1808 5791 ν
1923 5779 1937 5794 ’
1965 5779 1992 5780 "
2009 5779 2019 5781 ‘
2036 5779 2064 5781 "
2096 5779 2109 5781 '
2125 5779 2144 5783 '
2323 5779 2340 5800 '
2373 5779 2448 5817 510
2469 5779 2574 5817 ιιιεε.
2605 5779 2657 5816 Ill
2680 5779 2838 5830 V'lglL,
2854 5779 3147 5829 Jttutcamm.

1519 5817 1562 5866 te
1591 5811 1915 5870 traheretur.
2324 5833 2346 5861 ι
2375 5834 2428 5879 tn
2448 5836 2572 5894 Mss,
2596 5842 2724 5880 eum.
