4124 6516
274 289 411 348 1585

273 409 552 464 nenassct;
583 414 681 454 nec
707 399 949 464 referret,
974 401 1150 452 utrum
1193 395 1581 451 conditionibus
1611 395 1844 450 materiai

269 509 380 550 sua:
408 507 527 548 sera
569 499 625 546 et
651 488 896 545 inefficax
936 489 1218 544 resultaret
1259 487 1542 541 voluntatis
1580 486 1846 542 intentio:

270 591 453 640 contra
480 590 721 636 naturam
748 579 943 646 nitens,
975 590 1080 633 non
1109 577 1350 647 expiaret
1379 586 1582 643 natum,
1611 575 1706 630 sed
1756 590 1849 630 ex-

269 681 542 743 asperaret
567 680 848 744 tyrannum
873 686 888 736 ;
932 669 1084 724 salvo
1109 683 1174 724 eo
1195 667 1334 739 quod
1383 683 1487 723 non
1519 675 1699 738 posset
1729 681 1848 722 esse

271 762 512 817 voluntas
562 759 749 825 libera,
802 759 846 813 si
894 759 1085 813 fuisset
1127 765 1314 812 natura
1355 757 1586 828 captiva.
1635 755 1691 812 Si
1721 769 1849 826 ergo

269 860 414 910 esset
439 851 492 906 in
520 850 685 921 ipsius
705 848 884 904 carnis
911 863 1072 904 sensu
1109 857 1164 904 et
1210 847 1517 904 conditione
1543 856 1844 916 peccatum,

269 945 315 999 si
335 944 447 1014 ipsa
469 951 652 997 natura
675 941 948 996 hominum
970 939 1036 994 ad
1068 938 1359 995 dominium
1402 939 1660 994 daemonis
1686 937 1849 1007 perti-

269 1042 451 1099 nerct;
499 1031 744 1088 Christus
763 1041 854 1086 aut
891 1045 1016 1086 reus
1036 1038 1153 1086 erat
1186 1028 1410 1095 futurus,
1431 1038 1522 1084 aut
1547 1028 1708 1083 homo
1739 1043 1845 1082 non

270 1124 496 1180 futurus.
531 1123 672 1194 Ergo
697 1123 741 1176 si
770 1121 1090 1177 adscribitur
1135 1120 1475 1176 maledictum
1521 1129 1726 1175 natura:
1753 1119 1850 1172 hu-

271 1213 536 1270 manitatis
564 1230 580 1280 ;
636 1213 711 1269 illi
757 1227 990 1284 quoque,
1014 1212 1101 1282 qui
1131 1227 1260 1268 caro
1284 1211 1457 1266 factus
1481 1217 1562 1266 est
1591 1219 1648 1264 ut
1692 1209 1848 1264 habi-

271 1314 407 1359 taret
433 1305 484 1358 in
533 1303 710 1372 nobis,
755 1312 846 1358 aut
887 1303 1089 1359 crimen
1132 1301 1364 1370 dabitur,
1407 1307 1501 1356 aut
1547 1298 1850 1356 humanitas

267 1393 559 1449 auferetur.

337 1487 472 1541 Aoc.
493 1484 601 1539 Nec
628 1483 828 1539 crimen
869 1483 916 1540 ei
942 1483 1172 1551 dabitur,
1200 1483 1253 1537 in
1283 1497 1391 1554 quo
1418 1482 1666 1553 princeps
1691 1496 1846 1538 mun-

265 1573 320 1629 di
352 1575 554 1630 nullum
581 1573 748 1644 potuit
773 1574 1008 1630 invenire
1051 1583 1324 1644 peccatum
1355 1591 1369 1626 :
1398 1586 1497 1628 nec
1545 1571 1849 1627 humanitas

265 1665 558 1731 auferetur,
591 1664 642 1718 in
686 1678 792 1734 quo
835 1672 890 1718 et
939 1664 1114 1718 anima
1143 1671 1192 1718 et
1241 1677 1368 1718 caro
1418 1661 1648 1717 humana
1690 1669 1846 1728 erat;

262 1756 509 1826 quamvis
533 1769 641 1811 non
677 1763 794 1810 erat
817 1769 944 1811 caro
969 1754 1194 1826 peccati,
1221 1753 1318 1811 sed
1354 1753 1648 1812 similitudo
1671 1753 1850 1811 carnis

267 1847 495 1920 peccati.

337 1937 576 1994 LXXXI.
602 1937 719 1993 ιω..
751 1935 916 2005 Quod
931 1943 1214 2007 utrumque
1237 1929 1366 1992 fecit
1388 1933 1729 2002 Manichzeus,
1754 1933 1845 2006 qui

261 2038 656 2087 commentatus
684 2031 736 2086 in
775 2044 934 2086 carne
956 2028 1154 2084 malum
1173 2042 1295 2085 esse
1339 2027 1672 2094 naturaliter,
1717 2025 1853 2082 dixit

264 2121 319 2178 in
349 2121 564 2178 Christo
588 2136 694 2178 non
741 2120 905 2177 fuisse
932 2134 1170 2187 carnem,
1219 2135 1288 2177 ne
1326 2118 1678 2181 confiteretur
1705 2117 1760 2173 in
1782 2131 1850 2174 eo

263 2210 434 2268 fuisse
451 2210 806 2282 iniquitatem.

334 2301 472 2358 Anc.
504 2299 1127 2356 Maniclueushtereticns
1147 2313 1366 2376 carnem
1408 2307 1567 2372 negat
1605 2294 1839 2355 Christi:

261 2391 578 2462 Pelagianus
601 2390 884 2447 hrcreticus
907 2404 1120 2446 carnem
1148 2389 1351 2461 peccati
1388 2389 1538 2446 carni
1569 2391 1584 2422 ⁸
1605 2403 1851 2460 comqua-

261 2497 325 2538 re
350 2483 460 2538 vult
484 2483 677 2538 Christi
703 2501 717 2536 :
747 2483 1080 2538 Christianus
1116 2481 1411 2538 catholicus
1452 2481 1848 2540 similitudinem

256 2573 441 2628 urnis
466 2574 665 2643 peccati
689 2573 942 2630 discernit
985 2587 1016 2628 a
1039 2587 1202 2629 carne
1243 2572 1466 2644 peccati,
1488 2586 1556 2629 ne
1597 2570 1849 2644 blaspheo

258 2672 378 2720 met
399 2679 613 2720 carnem
638 2661 855 2720 Christi.
1522 2657 1530 2664 ’

334 2751 597 2809 LXXXII.
635 2751 756 2809 ιω..
797 2755 868 2809 At
905 2752 1047 2809 hunc
1075 2752 1208 2809 ﬁdes
1235 2753 1494 2810 catholica
1521 2754 1576 2810 in
1619 2761 1850 2828 utroque

252 2844 548 2900 contrivit:
573 2844 773 2899 malum
803 2843 1008 2898 scilicet
1037 2843 1090 2898 in
1115 2858 1278 2900 carne
1331 2859 1438 2899 non
1465 2859 1586 2901 esse
1623 2855 1843 2902 natura-

253 2935 406 3003 liter,
432 2943 591 3006 atque
613 2935 685 2989 ob
710 2933 814 2988 hoc
831 2932 1046 2987 Christo
1070 2947 1170 2988 nec
1188 2933 1383 3003 aliquid
1403 2933 1638 2991 defuisse
1662 2936 1850 2992 huma-

253 3027 466 3092 nitatis,
489 3038 589 3080 nec
607 3022 891 3094 quidquam
913 3021 1203 3091 iniquitatis
1224 3020 1459 3077 adfuisse
1473 3025 1844 3092 pronuntians.

248 3113 473 3170 Clamat
496 3127 624 3182 ergo
673 3110 1084 3182 dispensationis
1128 3124 1239 3166 sua:
1264 3111 1528 3178 conscius,
1560 3112 1693 3169 Ecce
1717 3117 1850 3171 venit

251 3204 501 3276 princeps
551 3203 702 3273 hujus
745 3200 940 3266 mundi,
997 3210 1045 3256 et
1077 3201 1266 3256 invenit
1305 3202 1360 3256 in
1405 3219 1484 3257 me
1521 3203 1689 3258 nihil:
1717 3205 1846 3262 nihil

250 3293 505 3365 profecto
524 3293 664 3364 quod
713 3292 880 3364 possit
903 3307 1145 3364 arguere,
1181 3293 1303 3362 quia
1345 3307 1448 3348 non
1481 3302 1692 3362 poterat
1715 3295 1849 3350 infa-

252 3400 414 3441 mare
434 3392 697 3452 natnram,
728 3383 882 3454 cujus
901 3383 968 3438 ad
1012 3393 1227 3455 peccata
1279 3398 1386 3439 non
1433 3383 1715 3441 inﬂexerat
1749 3402 1847 3442 vo-

253 3476 542 3531 luntatem.

330 3567 471 3620 Anc.
498 3564 607 3619 lmo
637 3578 762 3618 vero
797 3563 926 3619 nihil
957 3563 1178 3634 peccati,
1211 3577 1310 3620 nec
1341 3562 1483 3636 quod
1519 3579 1551 3620 a
1593 3573 1850 3622 nascente

252 3655 510 3722 trahitur,
535 3655 654 3726 quia
682 3655 743 3708 in
764 3653 905 3708 nulla
955 3654 1230 3725 iniquitate
1272 3663 1565 3727 conceptus
1602 3665 1717 3720 est;
1749 3671 1850 3713 nec

254 3746 404 3818 quod
425 3761 457 3802 a
480 3746 692 3802 vivente
718 3744 952 3811 additur,
981 3745 1104 3816 quia
1147 3745 1291 3801 nulla
1333 3746 1628 3802 tentatione
1675 3746 1840 3802 dece-

254 3849 386 3907 ptus
413 3844 528 3891 est:
558 3850 785 3906 quorum
812 3834 1036 3890 duorum
1059 3850 1220 3889 unum
1245 3843 1330 3891 est
1355 3845 1575 3905 prepter
1595 3835 1736 3906 quod
1764 3837 1845 3891 le-

250 3929 457 3999 gimus,
481 3925 545 3982 In
589 3927 931 3997 iniquitatibus
981 3935 1248 3998 conceptus
1273 3943 1383 3980 sunt
1409 3926 1427 4000 (
1452 3925 1598 3981 Psal.
1625 3942 1676 3993 ι,
1727 3927 1843 3999 7);

253 4017 488 4072 alterum
512 4023 730 4088 propter
752 4015 892 4086 quod
921 4015 1166 4081 dicimus,
1201 4013 1284 4070 Ne
1306 4032 1398 4070 nos
1417 4015 1632 4072 inducas
1659 4017 1712 4070 in
1741 4025 1846 4071 ten-

251 4112 501 4164 tationent
531 4107 550 4178 (
573 4106 760 4164 Matth.
788 4123 866 4174 Vt,
887 4108 954 4162 l5
975 4105 1020 4178 ).
1046 4142 1051 4146 -

331 4197 620 4255 LXXXIII.
646 4197 768 4254 Jun.
816 4197 930 4268 Ipsa
969 4197 1127 4252 etiam
1171 4196 1222 4252 ei
1263 4212 1420 4252 causa
1471 4197 1708 4252 tentandi
1747 4197 1846 4252 fuit

255 4289 532 4344 Christum
563 4303 578 4354 ;
615 4289 862 4358 quoniam
909 4302 1058 4342 more
1081 4287 1210 4342 artis
1235 4302 1346 4342 suae
1391 4287 1603 4343 volebat
1651 4302 1844 4358 capere

254 4380 634 4450 persuadendo
659 4421 675 4448 ,
729 4395 852 4435 cum
914 4379 1181 4436 neminem
1236 4388 1418 4450 posset
1471 4380 1657 4435 vitiare
1709 4395 1843 4436 con-

255 4473 460 4529 dendo.

334 4569 471 4623 Anc.
498 4565 613 4620 Non
664 4563 941 4620 condendo
980 4564 1150 4630 vitiat,
1187 4563 1276 4634 qui
1325 4564 1593 4619 neminem
1621 4563 1840 4621 condit:

253 4655 358 4712 sed
391 4656 531 4710 male
566 4655 842 4710 suadendo
885 4654 1108 4718 vitiavit,
1137 4653 1276 4724 quod
1322 4655 1520 4710 bonum
1564 4655 1839 4716 conditum

254 4745 482 4801 invenit.
506 4744 620 4800 Non
646 4745 792 4800 enim
828 4752 1029 4798 natura:
1054 4753 1239 4800 auctor
1263 4752 1367 4811 est,
1393 4759 1513 4816 qua:
1557 4745 1650 4799 Dei
1689 4745 1843 4800 boni-

256 4837 448 4894 tate.in
478 4835 692 4892 homine
734 4835 1014 4899 conditur;
1045 4833 1140 4889 sed
1169 4834 1356 4903 culpa,
1402 4849 1525 4888 eum
1552 4849 1654 4903 qua
1680 4833 1841 4890 homo

251 4942 324 4982 ex
356 4925 640 4996 propagine
669 4925 970 4979 vitiatarum
999 4923 1310 4994 primorum,
1336 4923 1609 5002 hominum
1635 4923 1703 4978 de
1741 4939 1839 4994 pa-

255 5016 502 5073 rentibus
521 5016 774 5071 nascitur.
794 5015 928 5082 Quid
943 5023 1118 5070 autem
1145 5015 1357 5081 mirum,
1384 5015 1428 5070 si
1447 5014 1668 5070 tentavit
1690 5030 1836 5084 eum,

252 5110 310 5164 in
332 5123 440 5178 quo
465 5124 569 5164 non
621 5116 738 5162 erat
759 5123 884 5163 caro
913 5107 1112 5176 peccati
1137 5124 1151 5172 ;
1179 5122 1296 5178 qua:
1322 5121 1420 5162 nec
1458 5107 1510 5161 in
1559 5107 1662 5161 illis
1701 5116 1841 5177 erat,

249 5213 400 5269 quos
444 5198 616 5268 primo
661 5197 915 5252 tentando
942 5197 1157 5267 dejecit,
1193 5212 1286 5267 per
1323 5212 1546 5267 quorum
1587 5197 1839 5268 concupi-

252 5288 519 5344 scentiam
533 5287 732 5352 carnis,
750 5286 819 5342 de
837 5301 939 5357 qua
976 5287 1180 5342 confusi
1219 5297 1363 5354 sunt,
1393 5300 1518 5342 caro
1541 5295 1623 5342 est
1651 5300 1839 5356 propa-

249 5385 383 5450 gata
411 5378 636 5450 peccati,
663 5392 832 5448 quam-
847 5385 1060 5432 sanaret
1101 5377 1169 5432 ah
1200 5377 1300 5432 hoc
1326 5377 1486 5442 malo,
1511 5377 1716 5432 nullum
1738 5376 1834 5432 ha-

253 5469 397 5525 bens
415 5469 618 5524 slum
635 5466 925 5523 similitudo
947 5467 1125 5523 carnis
1150 5466 1390 5538 peccati?

321 5675 343 5706 ί
381 5681 498 5734 vox,
521 5668 678 5726 carni.
698 5673 775 5723 hic
795 5672 982 5722 additur
1006 5684 1068 5721 ex
1092 5680 1191 5722 Mss.

535 5753 804 5812 Ριτιιοι..
845 5752 1034 5812 XLV.
1105 5751 1110 5754 ’

1599 279 1799 338 LIBER
1835 279 2180 346 QUARTUS.

3396 284 3419 338 I
3431 283 3534 340 586

2027 392 2310 448 LXXXIV.
2348 393 2468 450 JUL.
2527 393 2754 450 Proinde
2811 396 3102 451 incarnatio
3158 397 3354 454 Clu-isti
3400 416 3501 470 opu

1954 497 2066 538 sua:
2092 483 2382 539 divinitatis
2401 492 2599 551 tuetur,
2637 485 2730 555 qui
2765 484 2994 540 atterens
3037 485 3105 541 ad
3153 502 3238 543 me
3291 498 3519 546 naturan

1954 589 2127 630 meam
2147 585 2200 631 et
2225 575 2550 632 voluntatem
2575 590 2746 642 suam,
2777 578 2928 648 cujus
2950 577 3080 633 mihi
3101 581 3373 651 speculum
3397 583 3533 640 οσα-

1952 664 2104 719 rehat
2121 671 2176 720 et
2188 665 2440 735 regulam,
2466 666 2918 738 pronuntiansque
2944 665 3076 722 nihil
3093 668 3144 723 in
3172 683 3232 724 se
3264 670 3535 728 diabolum

1953 753 2220 809 invenisse
2247 755 2473 823 peccati,
2502 755 2734 811 ostendit
2756 757 2966 828 culpam
2997 773 3101 812 non
3122 757 3191 814 de
3215 760 3392 814 carnis
3404 775 3536 818 cono

1951 840 2088 909 ditu,
2114 841 2208 898 sed
2231 843 2298 898 de
2336 845 2450 900 sola
2479 846 2676 916 suscipi
2717 847 3010 901 voluntate.
3060 847 3298 918 Denique
3328 858 3387 904 ut
3413 866 3541 907 nus-

1953 945 2112 1003 quam
2157 933 2208 987 in
2234 932 2520 1004 Scriptnris
2568 935 2762 1006 legitur
2802 935 3074 991 Christum
3125 937 3324 1008 fugisse
3355 955 3541 1010 pecca-

1955 1030 2085 1088 tum,
2117 1022 2260 1094 quod
2297 1038 2326 1078 a
2354 1026 2692 1082 nascentibus
2723 1026 2858 1080 trahi
2886 1037 3102 1092 nosset;
3134 1029 3204 1083 ita
3226 1029 3386 1084 etiam
3413 1031 3538 1086 illud

1953 1114 2097 1169 claro
2119 1115 2423 1170 testimonio
2469 1116 2804 1185 perducetur,
2838 1119 2980 1188 quod
3016 1121 3248 1190 suscepti
3300 1123 3532 1180 hominis

1947 1205 2154 1276 justitia
2187 1221 2291 1262 non
2319 1207 2384 1263 de
2435 1218 2640 1264 natura:
2665 1209 2994 1278 diversitate,
3025 1211 3120 1267 sed
3149 1212 3216 1268 de
3243 1212 3542 1272 voluntaria

1953 1299 2162 1354 actione
2186 1299 2502 1354 substiterit.

2024 1391 2159 1446 Atto.
2195 1407 2214 1442 t
2243 1389 2512 1460 Nusquam
2541 1391 2798 1462 scriptum
2821 1407 2941 1448 esse
2977 1412 2995 1446 ι
3029 1393 3185 1459 dicis,
3219 1412 3239 1447 ι
3272 1394 3541 1450 Christum

1956 1476 2150 1548 fugisse
2175 1488 2471 1548 peccatum,
2501 1480 2640 1550 quod
2665 1496 2696 1536 a
2717 1483 3060 1538 nascentibus
3088 1483 3224 1538 trahi
3251 1492 3434 1539 nosset
3462 1500 3477 1537 :
3519 1503 3538 1536 ι

1953 1568 2080 1639 quid
2130 1571 2272 1624 enim
2319 1570 2542 1640 fugeret,
2570 1572 2710 1641 quod
2761 1571 2873 1642 ipse
2915 1588 3023 1627 non
3052 1583 3305 1640 traxerat,
3332 1573 3425 1630 sed
3449 1589 3546 1630 eos

1954 1669 2174 1716 venerat
2217 1660 2424 1717 salvare
2453 1663 2544 1732 qui
2587 1663 2894 1720 traherent?
2935 1664 3095 1733 Quid,
3153 1665 3390 1736 inquam,
3427 1667 3542 1738 ipso

1955 1750 2183 1823 fugeret,
2221 1752 2364 1824 quod
2391 1769 2424 1809 a
2459 1754 2670 1810 nemine
2697 1754 2924 1826 fugitur,
2972 1756 3074 1810 nisi
3103 1771 3227 1811 cum
3271 1756 3338 1812 ad
3368 1758 3540 1827 ipsmu

1951 1843 2300 1914 confugitur?
2328 1845 2470 1900 Dicis
2498 1845 2680 1913 etiam,
2706 1863 2725 1897 ι
2750 1845 2898 1901 claro
2915 1847 3218 1901 testimonio
3239 1846 3540 1916 perdoceri,

1953 1932 2095 2003 quod
2144 1934 2377 2005 suscepti
2425 1934 2656 1992 hominis
2715 1935 2919 2006 iustitia
2975 1936 3114 1992 Filio
3169 1937 3263 1993 Dei
3318 1953 3422 1992 non
3469 1938 3541 1993 de

1954 2033 2158 2080 natura:
2179 2024 2509 2093 diversitate,
2547 2027 2642 2084 sed
2673 2027 2741 2085 de
2775 2028 3070 2082 voluntaria
3097 2028 3310 2084 actione
3337 2029 3538 2084 substi-

1955 2113 2098 2170 terit.
2127 2132 2148 2168 ι
2179 2113 2324 2172 Itane
2347 2131 2494 2184 vero,
2512 2133 2582 2173 ne
2611 2116 2713 2172 hoc
2747 2117 2962 2188 quidem
2999 2117 3246 2176 Christus
3269 2117 3540 2174 diversum

1953 2203 2138 2261 habuit
2187 2207 2239 2262 in
2283 2216 2490 2274 natura,
2521 2209 2662 2280 quod
2713 2211 2784 2264 ita
2810 2225 2876 2265 ex
2904 2210 3112 2280 virgine
3153 2219 3311 2266 natus
3332 2220 3434 2277 est,
3485 2222 3545 2267 ut

1950 2293 2058 2364 jam
2089 2305 2231 2352 esset
2254 2312 2361 2352 non
2381 2298 2553 2354 solum
2599 2299 2851 2368 hominis,
2883 2301 2977 2356 sed
3008 2301 3169 2356 etiam
3203 2301 3298 2358 Dei
3323 2301 3489 2357 Filius
3517 2303 3542 2356 τ

1955 2387 2164 2458 Ergone
2193 2389 2294 2444 ista
2315 2391 2602 2460 susceptio,
2627 2407 2746 2462 quze
2791 2391 2954 2446 Deum
2981 2401 3035 2447 et
3076 2391 3348 2448 hominem
3375 2409 3539 2450 unam

1955 2477 2080 2534 fecit
2105 2493 2227 2534 esse
2251 2493 2555 2548 personam,
2579 2480 2709 2534 nihil
2741 2481 2813 2535 illi
2841 2480 3042 2536 homini
3069 2482 3232 2538 valuit
3257 2483 3324 2538 ad
3352 2484 3542 2539 excel-

1955 2566 2171 2624 lentiam
2195 2567 2435 2638 justitim,
2469 2585 2628 2640 quam
2658 2569 2794 2624 dicis
2811 2569 2862 2625 ei
2892 2569 2960 2625 de
2995 2571 3288 2628 voluntaria
3314 2572 3532 2628 actione

1952 2658 2295 2716 substitisse?
2315 2660 2546 2716 Siccine.
2565 2675 2660 2716 vos
2689 2667 2876 2715 contra
2903 2661 2996 2716 Dei
3027 2662 3253 2731 gratiam
3291 2660 3538 2719 defensio

1956 2748 2114 2806 liberi
2139 2749 2345 2805 arbitrii
2373 2750 2674 2821 prazcipites
2697 2751 2826 2822 agit,
2864 2759 2920 2806 ut
2946 2751 3112 2807 etiam
3143 2752 3313 2823 ipsum
3338 2753 3538 2809 Media-

1957 2849 2147 2907 torem,
2171 2849 2229 2896 ut
2251 2852 2396 2898 esset
2423 2843 2515 2897 Dei
2543 2842 2711 2898 Filius
2739 2842 2946 2910 unicus,
2974 2844 3244 2900 voluntate
3292 2859 3388 2901 sua
3419 2862 3536 2902 me-

1954 2928 2125 2985 ruisse
2151 2929 2360 2994 dicatis,
2391 2938 2447 2984 et
2483 2930 2674 2985 falsum
2727 2945 2847 2986 esse
2894 2932 3034 3001 quod
3091 2941 3201 2988 tota
3241 2935 3530 2990 confitetur

1956 3016 2216 3085 Ecclesia,
2239 3018 2460 3074 credere
2489 3033 2548 3074 se
2591 3017 2854 3074 inlesum
2903 3020 3172 3076 Christum
3224 3021 3415 3078 Filium
3447 3025 3538 3080 Dei

1954 3106 2128 3162 Patris
2165 3107 2548 3178 omnipotentis
2586 3107 2801 3164 unicum
2833 3110 3113 3166 Dominum
3142 3120 3409 3180 nostrum,
3437 3129 3537 3168 na-

1955 3205 2065 3252 tum
2091 3197 2159 3253 de
2200 3197 2398 3269 Spiritu
2427 3207 2611 3254 sancto
2647 3207 2701 3254 et
2741 3200 2946 3270 virgine
2994 3201 3155 3257 Maria
3182 3203 3206 3254 ?
3234 3191 3538 3260 Secundum

1954 3302 2049 3342 vos
2100 3288 2242 3342 enim
2263 3328 2278 3355 ,
2315 3303 2423 3342 non
2460 3303 2489 3342 a
2514 3288 2687 3343 Verbo
2719 3289 2807 3344 Dei
2839 3289 2998 3343 homo
3041 3302 3318 3362 susceptus
3345 3303 3450 3360 est,
3482 3309 3543 3350 ut

1953 3397 2022 3436 ex
2074 3380 2280 3452 virgine
2326 3390 2676 3446 nasceretur;
2705 3381 2798 3438 sed
2850 3392 3004 3436 natus
3041 3399 3107 3438 ex
3151 3385 3372 3455 virgine,
3425 3401 3539 3441 sua:

1956 3482 2136 3544 postea
2163 3473 2448 3528 voluntatis
2481 3473 2672 3529 virtute
2695 3473 2936 3544 profecit,
2965 3484 3020 3530 et
3047 3475 3170 3532 fecit
3201 3487 3256 3531 ut
3293 3493 3325 3533 a
3362 3476 3538 3534 Verbo

1958 3564 2050 3619 Dei
2076 3564 2474 3634 susciperetur;
2505 3579 2608 3618 non
2638 3564 2794 3620 talem
2845 3580 2908 3620 ac
2958 3575 3155 3622 tantam
3206 3567 3532 3625 voluntatem

1919 3655 2041 3710 tilla
2090 3656 2429 3726 susceptione
2469 3653 2692 3722 habens,
2743 3655 2838 3712 sed
2867 3657 2932 3713 ad
2963 3658 3104 3713 illam
3143 3662 3534 3730 susceptionem

1955 3744 2043 3799 tali
2072 3754 2126 3800 et
2169 3752 2312 3799 tanta
2341 3745 2611 3800 voluntate
2658 3747 2972 3816 perveniens
3001 3766 3014 3802 :
3048 3764 3148 3804 nec
3190 3750 3418 3806 Verbum
3441 3767 3536 3807 ca-

1952 3851 2014 3892 ro
2039 3834 2234 3890 factum
2262 3844 2346 3892 est
2387 3837 2438 3891 in
2470 3845 2622 3892 utero
2673 3838 2934 3909 virginis;
2965 3839 3059 3895 sed
3108 3851 3290 3911 postea
3332 3844 3526 3899 merito

1953 3929 2117 3998 ipsius
2144 3927 2393 3991 hominis,
2425 3937 2480 3983 et
2531 3929 2646 3998 ejus
2695 3928 2942 3985 humanm
2974 3931 3389 4004 voluntariznque
3415 3936 3526 3991 vir-

1951 4022 2099 4076 tutis.
2130 4021 2205 4076 Ex
2227 4036 2330 4091 quo
2361 4036 2454 4076 vos
2502 4022 2742 4093 sequitur
2781 4023 2942 4078 etiam
2973 4023 3120 4091 illud,
3152 4033 3209 4078 ut
3256 4027 3529 4096 quomodo

1953 4112 2101 4166 illum
2127 4112 2344 4167 creditis
2369 4127 2400 4166 a
2422 4113 2598 4168 Verbo
2627 4113 2718 4169 Dei
2747 4125 3023 4184 propterea
3053 4127 3356 4187 susceptum
3384 4136 3532 4190 esse,

1950 4203 2070 4272 quia
2110 4202 2272 4256 voluit
2305 4219 2320 4267 ;
2348 4202 2426 4257 sic
2455 4203 2649 4258 multos
2694 4204 2923 4258 credatis
2950 4205 3017 4258 ita
3045 4207 3240 4276 suscipi
3272 4211 3530 4278 potuisse,

1949 4295 1994 4350 si
2015 4294 2174 4349 etiam
2196 4293 2294 4362 ipsi
2320 4295 2564 4350 similiter
2589 4295 2902 4362 voluissent,
2929 4296 3010 4350 vel
3029 4311 3204 4366 posse,
3232 4299 3279 4354 si
3307 4302 3470 4357 velint
3508 4321 3523 4358 :

1947 4401 2011 4441 ac
2037 4400 2135 4457 per
2177 4385 2301 4457 hoc,
2329 4387 2550 4457 segnitia
2590 4386 2836 4442 humana:
2868 4388 3150 4444 voluntatis
3194 4389 3328 4460 fieri,
3360 4402 3418 4448 ut
3443 4393 3532 4450 ille

1953 4477 2143 4532 unicus
2171 4477 2259 4542 sit,
2296 4491 2416 4530 ctun
2446 4477 2625 4547 plures
2654 4492 2772 4532 esse
2799 4487 3036 4547 possent,
3083 4479 3127 4533 si
3159 4479 3400 4537 homines
3423 4485 3531 4537 velo

1950 4568 2077 4623 lent.
2102 4563 2226 4622 llzcc
2245 4567 2288 4621 si
2311 4566 2506 4630 dicitis,
2539 4568 2628 4622 ubi
2658 4577 2740 4623 est
2765 4577 2941 4622 vestra
2963 4567 3149 4623 frons?
3177 4569 3220 4623 si
3250 4585 3356 4625 non
3385 4572 3522 4627 dici-

1949 4660 2033 4720 tis,
2057 4658 2144 4712 ubi
2176 4667 2257 4712 est
2285 4657 2507 4711 hmresis
2535 4666 2710 4711 vestra
2738 4656 2762 4710 ?

2017 4747 2276 4802 LXXXV.
2306 4747 2427 4803 JoL.
2476 4747 2666 4801 Petrus
2693 4763 2919 4818 namque
2964 4749 3232 4819 apostolus
3257 4751 3350 4816 ait,
3373 4750 3524 4805 Chri-

1944 4850 2050 4895 stus
2092 4855 2184 4910 pro
2226 4839 2368 4892 nobis
2395 4840 2409 4869 ‘
2436 4847 2662 4892 mortuus
2711 4847 2803 4904 est,
2854 4839 2988 4892 vobis
3027 4839 3312 4909 relinquens
3357 4857 3510 4895 axem-

1946 4931 2105 5001 plum,
2126 4939 2179 4982 ut
2206 4927 2480 5000 sequamini
2503 4927 2706 4999 vestigia
2734 4929 2843 5000 ejus
2870 4930 2996 4998 ;qui
3031 4940 3288 4999 peccatum
3317 4947 3416 4985 non
3444 4936 3517 5002 fe-

1944 5023 2032 5087 cit,
2061 5026 2148 5075 nec
2172 5020 2401 5073 inventus
2429 5027 2500 5074 est
2529 5018 2676 5073 dolus
2701 5021 2752 5073 in
2778 5035 2865 5074 ore
2887 5021 2995 5090 ejus
3023 5020 3041 5092 (
3071 5019 3088 5074 I
3121 5019 3262 5074 Petr.
3289 5037 3354 5088 ll,
3375 5021 3439 5078 2|
3473 5023 3515 5094 ).

1943 5112 2099 5167 Certe
2127 5109 2364 5180 Apostoli
2409 5109 2670 5164 sententia
2697 5125 2818 5164 cum
2848 5109 3116 5168 Dominica
3145 5126 3275 5166 voce
3299 5127 3524 5169 concor-

1943 5203 2052 5259 dat.
2081 5203 2217 5258 Dicit
2241 5200 2329 5256 illc
2356 5201 2408 5256 in
2439 5201 2747 5272 Evangelio,
2785 5200 2928 5254 Venit
2967 5203 3199 5274 princeps
3223 5199 3396 5260 mundi
3416 5206 3514 5259 Ιηι-

1933 5293 2045 5363 jus,
2078 5300 2127 5345 et
2157 5291 2208 5345 in
2229 5306 2308 5344 me
2335 5291 2464 5344 nihil
2498 5290 2684 5344 invenit
2709 5289 2903 5361 (Joan.
2937 5307 3047 5357 xrv,
3080 5293 3149 5349 30
3178 5293 3216 5364 ).
3247 5293 3359 5352 Hoc
3380 5295 3516 5351 idem

1941 5379 2281 5437 commendat
2323 5379 2574 5448 magister
2609 5378 2884 5447 Ecclesite,
2933 5381 3165 5454 dicitque
3203 5383 3258 5440 in
3308 5383 3519 5440 Christo

1944 5471 2144 5528 nullum
2172 5467 2334 5524 fuisse
2366 5467 2619 5522 delictum
2650 5486 2662 5522 :
2697 5468 2791 5523 sed
2846 5485 2943 5539 per
2968 5473 3093 5542 quid
3135 5489 3241 5528 non
3275 5473 3513 5528 habuerit

1945 5566 2217 5630 peceatum
2235 5555 2408 5611 veraci
2425 5555 2764 5613 attestatione
2778 5561 3137 5627 commendat,
3158 5561 3309 5628 Quia,
3327 5561 3514 5631 inquit,

2009 5670 2024 5700 ³
2062 5675 2187 5727 uss,
2206 5675 2294 5728 pro
2315 5663 2458 5715 voltu.

2536 5747 3212 5822 {Quarantc—quatreJ
