4124 6504
611 258 751 314 i387

614 379 874 444 peccatum
913 385 1014 425 non
1068 369 1208 443 fecit.
1240 367 1356 424 Non
1397 369 1552 435 dixit,
1597 367 1732 436 Quia
1781 374 2060 438 peccatum
2087 378 2196 419 non

608 461 845 532 suscepit
866 475 885 527 ;
905 459 1023 528 sed,
1055 459 1190 528 Quia
1213 469 1475 533 peccatum
1486 475 1586 514 non
1613 458 1749 530 fecit.

677 555 818 612 Auc.
841 552 1036 624 Utique
1055 551 1146 609 ille
1170 552 1262 624 qui
1300 560 1577 623 peccatum
1605 549 1862 621 originale
1885 562 1991 604 non
2009 546 2194 613 traxit,

605 645 816 704 nullum
845 653 1122 718 peccatum
1175 644 1380 714 habuit,
1403 644 1528 716 quia
1570 657 1676 698 non
1707 641 1868 698 fecit:
1894 639 2034 696 sicut
2080 638 2198 708 ipse

607 736 802 803 Adam,
823 735 947 808 quia
971 734 1231 808 originale
1273 749 1381 791 non
1427 733 1632 800 habuit,
1661 731 1868 788 nullum
1899 728 2193 792 habuisset,

608 829 655 886 si
685 843 790 885 non
813 828 1049 884 fecisset.

676 916 963 975 LXXXVI.
987 916 1109 974 Jun.
1133 920 1204 972 At
1237 917 1282 972 si
1311 926 1454 973 esset
1483 917 1536 972 in
1563 922 1756 971 natura
1781 913 2008 978 crimen,
2046 909 2194 968 Petri

606 1001 744 1066 erat.
774 1009 1019 1080 imperita
1051 1008 1069 1042 ¹
1095 1009 1382 1074 sententia,
1404 1006 1492 1078 qui
1528 1013 1812 1062 censuerat
1833 1002 2084 1059 videlicet
2127 999 2196 1056 ad

605 1101 961 1158 immaculata:
1005 1099 1301 1156 sanctitatis
1331 1097 1690 1155 testimonium
1733 1110 1892 1168 posse
1925 1092 2193 1159 sufficere,

607 1195 654 1250 si
678 1202 830 1252 actus
855 1193 970 1267 ejus
998 1209 1030 1250 a
1049 1193 1360 1250 criminibus
1386 1191 1716 1258 vindicaret;
1741 1205 1863 1247 cum
1885 1189 2198 1245 crederetur

607 1285 662 1341 in
691 1299 760 1342 eo
785 1285 1026 1343 habitare
1051 1293 1329 1356 peccatum
1369 1299 1466 1355 per
1486 1283 1731 1340 naturale
1758 1283 1924 1337 virus.
1961 1281 2124 1352 Igitur
2147 1279 2194 1336 si

607 1376 676 1434 de
693 1375 919 1432 naturali
945 1375 1084 1432 malo
1107 1375 1305 1447 aliquid
1334 1375 1429 1431 ille
1469 1374 1748 1441 sensisset,
1771 1371 2054 1428 sollicitius
2073 1384 2198 1441 par-

608 1477 720 1523 tem
748 1467 886 1523 hanc
911 1473 1385 1522 commemorasset
1424 1473 1480 1520 et
1521 1463 1780 1536 pressius,
1809 1471 1870 1519 ut
1909 1463 2191 1527 scriberet,

605 1557 854 1616 Christus
879 1558 1032 1614 nobis
1055 1557 1272 1630 reliquit
1298 1556 1624 1628 exemplum,
1669 1555 1760 1626 qui
1789 1563 2064 1626 peccatum
2093 1568 2196 1610 nec

605 1649 750 1717 fecit,
795 1665 898 1710 nec
944 1649 1088 1722 quod
1135 1664 1236 1706 nos
1285 1649 1546 1704 trahimus
1591 1645 1884 1712 nascendo,
1929 1645 2193 1716 collegit:

601 1745 787 1816 sicque
815 1743 1007 1800 merito
1059 1750 1395 1814 sequeretur,
1433 1741 1708 1798 inventum
1737 1739 1791 1794 in
1836 1752 1932 1794 ore
1957 1736 2072 1808 ejus
2098 1735 2197 1792 do-

598 1835 709 1892 lum
737 1849 840 1890 non
868 1849 1009 1892 esse.
1039 1833 1207 1889 Porro
1231 1833 1275 1888 si
1303 1833 1408 1888 hoc
1460 1838 1720 1903 putasset,
1747 1842 2018 1899 nunquam
2045 1841 2196 1882 com-

597 1924 1044 1982 memorationem
1091 1923 1308 1980 fecisset
1333 1921 1568 1994 exempli
1593 1938 1609 1976 :
1639 1933 1800 1992 quem
1839 1917 1986 1974 enim
2018 1915 2192 1972 homi-

599 2017 759 2074 nibus
786 2030 911 2074 esse
934 2014 1244 2072 ostenderet
1284 2013 1622 2082 imitandum,
1641 2011 1688 2068 si
1733 2011 1884 2066 illum
1920 2009 2194 2065 externae?

595 2108 776 2165 carnis
827 2117 1016 2164 natura
1049 2106 1396 2163 discrevisset
1419 2105 1463 2174 ⁸,
1489 2113 1546 2162 et
1585 2119 1872 2162 censuram
1890 2103 1912 2138 ⁸
1939 2101 2195 2174 magiste-

598 2199 667 2254 rii
697 2197 1010 2256 substantia:
1030 2196 1312 2253 diversitas
1331 2195 1635 2268 arguisset?

669 2292 808 2349 Anc.
837 2289 1008 2358 Quam
1037 2288 1170 2344 nihil
1195 2287 1372 2358 dicas,
1400 2286 1492 2342 alii
1517 2293 1664 2344 certe
1700 2284 2034 2357 intelligunt,
2064 2282 2110 2339 si
2140 2290 2196 2338 tu

599 2397 712 2440 non
739 2381 1014 2454 intelligis.
1054 2379 1368 2452 Exemplum
1395 2377 1594 2451 quippe
1625 2378 1898 2451 apostolus
1923 2377 2115 2433 Petrus
2141 2377 2196 2431 in

601 2472 820 2530 Christo
859 2486 1163 2545 proponens
1191 2469 1498 2527 hominibus
1529 2467 1844 2524 imitandum
1863 2508 1880 2536 ,
1909 2467 2037 2538 quid
2063 2480 2199 2539 opus

603 2572 751 2631 erat,
787 2572 847 2620 ttt
881 2562 1082 2635 aliquid
1119 2560 1188 2618 de
1227 2558 1470 2640 originali
1509 2567 1728 2634 peccato
1768 2557 2006 2626 diceret,
2047 2557 2196 2630 quasi

603 2655 886 2726 quisquam
918 2652 1176 2710 imitando
1200 2651 1468 2709 Christum
1505 2659 1688 2723 posset
1719 2648 1967 2717 efficere,
1996 2656 2058 2704 ut
2083 2649 2199 2706 sine

603 2745 720 2812 illo,
750 2745 888 2801 sicut
911 2742 1002 2800 ille
1029 2741 1219 2814 potuit,
1247 2741 1591 2800 nasceretur?
1617 2740 1754 2798 sicut
1781 2755 1888 2796 non
1915 2748 2093 2811 posset
2121 2739 2200 2796 ef-

604 2837 771 2895 ficere
807 2836 1062 2894 imitando
1097 2835 1404 2903 Christum,
1438 2843 1498 2892 ut
1533 2832 1984 2907 quemadmodum
2014 2832 2104 2890 ille
2129 2832 2198 2889 de

601 2928 804 3002 Spiritu
836 2937 1024 2987 sancto
1057 2937 1114 2986 et
1147 2929 1353 3002 virgine
1383 2927 1576 2996 Maria,
1605 2935 1936 2983 nasceretur.
1967 2924 2198 2982 Proinde

599 3033 662 3081 ut
689 3023 958 3081 imitemur
983 3022 1250 3080 Christum
1269 3063 1285 3089 ,
1315 3021 1561 3077 voluntas
1597 3028 1780 3076 nostra
1813 3019 2070 3075 formatur
2097 3035 2111 3073 :
2141 3027 2200 3074 ut

599 3125 782 3184 autem
800 3115 1088 3172 liberemur
1101 3113 1170 3170 ab
1185 3112 1427 3186 originali
1443 3113 1604 3180 malo,
1621 3119 1812 3168 natura
1827 3117 2194 3182 regeneratur.

669 3203 982 3264 LXXXVII.
1002 3205 1121 3262 Jun.
1143 3203 1260 3260 lluc
1277 3203 1583 3269 accedebat,
1602 3201 1852 3274 quoniam
1873 3200 2054 3274 opinio
2071 3213 2200 3274 pec-

595 3297 704 3354 cati
733 3295 992 3353 naturalis
1019 3311 1124 3352 non
1154 3295 1326 3351 solum
1352 3295 1459 3351 vim
1488 3293 1840 3350 mmulationis
1867 3292 2195 3362 absumeret,

595 3387 694 3446 sed
718 3387 888 3460 ipsius
916 3386 1167 3458 przcconii
1198 3385 1458 3455 fraudem,
1483 3383 1624 3456 quod
1647 3385 1698 3442 ei
1721 3383 2077 3452 deferebatur,
2107 3399 2200 3440 ur-

595 3487 750 3552 geret
762 3479 805 3534 ⁸.
833 3477 948 3548 Qua
977 3477 1120 3534 enim
1145 3476 1414 3535 diceretur
1438 3476 1718 3550 gravitate,
1743 3491 1848 3548 qua
1875 3475 2070 3546 fronte,
2095 3475 2194 3532 do-

595 3569 687 3626 lus
713 3569 768 3626 in
797 3583 894 3628 ore
921 3567 1064 3625 illius
1089 3583 1195 3625 non
1233 3568 1431 3635 fuisse;
1455 3582 1577 3624 cum
1607 3569 1652 3624 si
1683 3569 1736 3624 in
1765 3568 1867 3623 alia
1891 3567 2197 3624 conditione

595 3660 803 3726 carnis,
828 3674 989 3732 qttam
1013 3674 1134 3730 quze
1153 3667 1462 3728 estnostra,
1485 3659 1742 3727 venisset,
1769 3673 1875 3714 non
1901 3659 2073 3714 solum
2098 3656 2197 3714 do-

595 3749 796 3820 cendo,
822 3750 964 3822 quod
995 3750 1164 3806 levius
1187 3758 1292 3820 est,
1321 3749 1416 3806 sed
1445 3739 1606 3806 etiam
1636 3749 1922 3817 nascendo,
1950 3749 2090 3821 quod
2113 3757 2198 3805 est

597 3841 847 3916 gravius,
879 3841 1079 3903 dolum,
1101 3842 1300 3898 malum
1340 3841 1746 3898 convinceretur
1784 3841 1992 3912 egisse?
2029 3839 2196 3910 Quale

597 3935 800 4008 quippe
830 3942 983 4002 erat,
1017 3942 1076 3989 ut
1105 3932 1352 3990 homines
1389 3933 1444 3988 in
1482 3932 1708 3989 naturali
1745 3933 1889 3989 malo
1924 3947 2196 4004 regnoque

598 4025 802 4084 diaboli
826 4025 1166 4092 constitutos,
1193 4032 1248 4080 et
1271 4024 1370 4082 sub
1395 4025 1641 4096 pestifera
1669 4023 1805 4080 tabis
1829 4024 2076 4095 ingenita:
2103 4040 2197 4082 ne-

599 4117 851 4174 cessitate
879 4125 1185 4188 peccantes,
1211 4115 1295 4171 vel
1325 4115 1426 4187 legi
1455 4113 1682 4187 peccati,
1713 4131 1832 4186 quae
1855 4114 1909 4170 in
1937 4115 2195 4173 membris

599 4221 788 4263 eorum
817 4205 1093 4278 regnabat,
1123 4205 1437 4262 naturaliter
1463 4205 1779 4274 servientes,
1813 4206 1902 4262 ille
1932 4206 1998 4262 ad
2025 4223 2192 4262 temu-

600 4299 852 4356 latiouem
877 4313 1028 4354 suam
1058 4297 1219 4353 etiam
1249 4297 1350 4353 sub
1383 4312 1558 4368 pruna:
1594 4297 2023 4355 interminatione
2047 4314 2195 4355 cont-

601 4389 848 4461 pelleret,
867 4388 1234 4459 justitiamque
1257 4403 1408 4444 suam
1429 4388 1547 4460 ejus
1566 4389 1745 4444 carnis
1769 4389 2072 4445 hominibus
2095 4391 2192 4446 im-

600 4487 816 4552 putaret
834 4479 877 4548 ⁸,
897 4479 1051 4550 cujus
1071 4479 1214 4534 malo
1237 4476 1316 4534 sic
1339 4477 1509 4534 fuerat
1535 4479 1864 4548 perterritus,
1889 4489 1946 4536 ut
1970 4481 2084 4552 ipse
2102 4481 2192 4552 qui

599 4570 702 4627 sub
716 4570 896 4643 specie
917 4572 964 4641 ej
973 4583 1033 4625 us
1054 4569 1276 4626 fortnam
1299 4569 1538 4626 voluerat
1557 4570 1848 4626 honestatis
1867 4571 2188 4642 exprimere,

599 4675 778 4723 tamen
799 4673 1002 4722 natura:
1021 4663 1138 4734 ejus
1155 4663 1428 4719 veritatem
1447 4671 1680 4719 caveret.
1697 4662 1908 4737 Quanto
1923 4665 1972 4720 ei
1993 4665 2191 4721 rectius

592 4757 795 4816 diceret
823 4755 1082 4829 mgritudo
1112 4754 1444 4829 peccantium
1474 4761 1529 4810 et
1557 4754 1814 4811 securitas
1839 4764 2143 4811 coactorum
2172 4772 2186 4810 :

593 4851 728 4906 Cum
757 4850 1015 4915 valemus,
1044 4862 1234 4905 omnes
1261 4856 1406 4904 recta
1434 4845 1653 4903 consilia
1689 4847 1988 4917 praebemus
2015 4862 2190 4918 aegro-

591 4941 666 4998 tis
685 4940 766 5018 (al
781 4960 798 5011 ;
823 4949 878 4998 ttt
903 4941 948 4996 si
977 4941 1054 5012 sic
1079 4953 1248 5006 esses,
1275 4938 1432 4994 aliter
1454 4937 1611 5009 longe
1639 4937 1901 5008 longeque
1926 4936 2192 4993 sentires?

593 5033 714 5101 Quo
742 5032 902 5106 igitur
927 5041 1102 5086 vestra
1135 5026 1360 5101 profecit
1396 5027 1676 5096 impietas?
1703 5026 2014 5082 Necessario
2040 5026 2190 5083 vidc-

595 5125 720 5178 licct
743 5120 1032 5192 consequi,
1063 5119 1188 5176 utsi
1219 5115 1456 5176 creditur
1483 5117 1792 5172 naturaliter
1819 5117 1964 5172 carui
1995 5127 2190 5174 nostra:

665 5345 676 5370 ί
721 5341 883 5392 milex
910 5345 1056 5400 ιτα-ιη
1076 5336 1379 5401 imperfecta.

666 5410 686 5468 ξ
722 5404 925 5468 sieatss.
953 5407 1000 5448 tn
1025 5401 1183 5468 ηερ..
1199 5405 1423 5468 externa.

667 5462 686 5492 ’
721 5462 884 5513 Codex
909 5467 1063 5518 Port.,
1082 5460 1360 5510 discusso!-

661 5524 681 5554 ⁶
721 5526 796 5577 Sic
817 5531 926 5574 uss.
946 5527 1000 5574 tn
1020 5523 1178 5585 \‘tgm.
1199 5528 1428 5572 ceruum.

666 5589 690 5621 ⁸
720 5596 877 5645 r‘orte,
900 5590 1140 5648 argueret.

668 5650 692 5683 ο
724 5637 985 5704 ιὼςικὸτις
1004 5650 1210 5708 putaret.
1237 5642 1436 5708 videtur
1457 5637 1736 5708 legendum,
1759 5639 2039 5708 ἕηζρθνατει.

665 5711 744 5778 (α)
772 5701 1040 5763 musto—aii
1059 5713 1258 5757 Terent.
1292 5701 1435 5754 Δηὼ.
1460 5701 1552 5756 ae't.
1577 5703 1626 5766 2,
1646 5701 1786 5754 scen.
1813 5701 1860 5766 ἱ,
1883 5716 2016 5756 vers.
2038 5703 2089 5756 9.

1284 254 1529 312 OPERIS
1567 251 1979 311 IMPERFECTI
2018 250 2289 309 CONTRA
2329 251 2691 326 JL‘LMNUM,
2731 257 2788 316 S.
2831 259 3200 320 AUGUSTINI

3758 277 3865 332 1388

2309 365 2486 424 inesse
2509 379 2808 438 peccatum,
2834 371 3079 430 Christus
3106 383 3320 448 quoque
3343 389 3434 435 aut
3461 387 3752 456 susceperit
3774 404 3870 458 eat:-

2307 471 2430 512 nem
2467 457 2624 514 istam
2643 501 2660 528 ,
2686 469 2742 518 et
2777 461 2880 519 hoc
2912 465 3053 520 malo
3079 475 3321 524 teneatur
3343 469 3641 541 obnoxius;
3671 487 3761 534 aut
3781 457 3867 539 non

2304 552 2619 622 susceperit,
2633 561 2690 610 et
2703 569 2808 610 non
2828 557 3044 628 quidem
3059 561 3369 631 nativitatis,
3383 579 3502 634 qua:
3517 565 3568 621 in
3585 583 3651 625 eo
3665 573 3866 630 mendax

2304 641 2533 710 videtur,
2560 643 2657 702 sed
2685 653 2862 704 tamen
2885 649 3200 707 voluntariae
3225 651 3427 711 fraudis
3450 655 3726 730 iniquitate
3749 662 3866 720 inso-

2305 731 2451 790 lubili
2485 735 2768 794 vinciatur.
2803 739 2954 808 Quod
2983 745 3104 811 quia
3135 750 3302 798 totum
3339 747 3499 802 tantis
3535 747 3866 820 blasphemia;

2303 838 2423 879 rum
2448 826 2698 884 sordibus
2725 830 2969 900 squalet,
2998 839 3056 887 ut
3083 833 3168 887 vix
3198 833 3316 890 sine
3343 833 3568 895 herrore
3593 842 3772 910 possit,
3796 845 3867 901 vel

2302 929 2423 972 cum
2438 917 2743 990 dilaniatur,
2761 923 2986 993 exponi;
3003 924 3142 981 adsit
3159 925 3387 998 dignitas
3402 929 3704 988 Mediatoris
3717 949 3866 991 erant.

2304 1009 2393 1078 plo
2416 1024 2514 1065 suo
2537 1018 2594 1067 et
2617 1013 2800 1082 operi,
2827 1027 2889 1069 ac
2918 1022 3118 1070 nostra:
3148 1014 3301 1082 fidei,
3330 1033 3451 1088 qua:
3476 1021 3752 1078 veritatem
3774 1032 3864 1080 tam

2304 1099 2490 1172 ipsius,
2509 1117 2670 1172 quam
2689 1104 2930 1174 Apostoli
2951 1105 3069 1177 ejus
3088 1109 3424 1166 sermonibus
3440 1111 3728 1180 vindicans,
3751 1131 3865 1170 nun-

2303 1205 2461 1262 quam
2486 1192 2681 1250 desinit
2715 1195 3038 1266 przedicare,
3061 1195 3334 1256 Christum
3365 1215 3548 1258 verum
3584 1203 3860 1272 hominem,

2303 1280 2541 1352 ejusdem
2567 1293 2772 1341 natura:
2794 1285 2947 1354 cujus
2970 1295 3026 1344 et
3051 1303 3150 1344 nos
3177 1303 3394 1346 carnem
3417 1291 3484 1348 de
3507 1291 3684 1348 Mariae
3706 1310 3866 1352 susce-

2301 1373 2447 1444 pisse
2471 1375 2786 1446 visceribus,
2815 1394 3001 1435 vcrum
3028 1395 3126 1452 per
3150 1382 3329 1441 omnia
3363 1382 3656 1454 hominem,
3683 1386 3861 1443 n’ullum

2301 1462 2552 1522 habuisse
2573 1477 2847 1538 peccatum
2872 1488 2887 1526 :
2909 1470 2974 1526 ad
2997 1473 3140 1543 quod
3165 1473 3524 1544 indicandum,
3546 1477 3737 1534 sufficit
3753 1494 3864 1549 apo.

2301 1557 2440 1613 stole
2463 1558 2623 1615 Petro
2647 1560 2846 1630 dicere,
2874 1562 3076 1619 nullum
3102 1579 3226 1622 eum
3250 1564 3441 1622 fecisse
3465 1576 3760 1638 peccatum;
3781 1570 3864 1625 do-

2301 1662 2430 1704 cens
2458 1649 2580 1720 quia
2603 1651 2694 1722 qui
2719 1665 2825 1707 non
2851 1651 3068 1721 fecerat,
3097 1654 3295 1712 habere
3322 1671 3428 1712 non
3453 1667 3679 1728 poterat.
3701 1659 3864 1716 Nullus

2301 1747 2384 1794 est
2418 1739 2573 1797 dolus
2607 1741 2854 1798 iuventus
2889 1745 2942 1800 in
2977 1759 3071 1800 ore
3099 1745 3215 1817 ejus
3242 1764 3257 1802 :
3289 1757 3528 1806 sanctum
3555 1753 3866 1809 consortibus

2303 1838 2508 1886 natura:
2547 1847 2693 1902 sum,
2729 1850 2889 1906 quam
2927 1835 2982 1890 in
3015 1837 3222 1893 cunctis
3257 1838 3372 1910 ipse
3403 1839 3633 1908 fecerat,
3665 1843 3868 1914 prteltuit

2301 1921 2627 1992 exemplum.
2657 1923 2727 1980 Et
2755 1924 2878 1981 ideo
2903 1934 3115 1983 constat
3143 1927 3382 1984 innatum
3411 1919 3664 1989 non'esse
3695 1949 3868 2004 pecea-

2303 2015 2435 2079 tum,
2459 2012 2671 2082 quando
2695 2013 2824 2070 illud
2849 2015 3096 2074 Christus
3119 2031 3226 2073 non
3252 2017 3456 2087 habuit,
3477 2021 3564 2092 qui
3589 2023 3731 2079 salvo
3747 2039 3868 2094 quo-

2301 2114 2407 2170 que
2442 2099 2648 2160 honore
2673 2103 2888 2160 deitatis
2913 2117 3059 2176 suae,
3088 2107 3158 2164 ob
3186 2106 3290 2165 hoc
3313 2108 3484 2166 factus
3514 2119 3596 2168 est
3619 2113 3864 2182 carnalis,

2303 2199 2362 2248 ut
2389 2191 2543 2250 nobis
2566 2203 2711 2250 esset
2737 2195 3032 2254 imitabilis.

2371 2283 2510 2342 Auc.
2535 2284 2672 2354 Quid
2701 2287 2844 2342 enim
2865 2327 2880 2354 ,
2913 2287 3074 2346 homo
3100 2290 3326 2347 multum
3359 2291 3582 2363 loquens
3609 2301 3667 2350 et
3697 2309 3869 2365 parum

2302 2374 2538 2444 sapiens,
2567 2375 2614 2432 si
2637 2375 2878 2434 dicerent
2901 2377 3146 2437 homines
3171 2381 3387 2440 Christo
3405 2384 3605 2452 :Quare
3630 2385 3777 2442 nobis
3794 2385 3870 2456 ju-

2301 2463 2478 2533 betur,
2499 2473 2561 2520 ut
2584 2465 2854 2523 imitemur
2879 2468 2966 2524 te?
2983 2469 3248 2542 Numquid
3272 2485 3371 2529 nos
3389 2475 3460 2530 de
3480 2472 3677 2546 Spiritu
3701 2485 3874 2532 sancto

2302 2564 2359 2612 et
2375 2556 2539 2615 Maria
2559 2557 2766 2632 virgine
2784 2561 2892 2618 nati
2912 2563 3132 2619 sumus?
3152 2563 3448 2634 Postremo,
3471 2567 3720 2639 numquid
3739 2575 3875 2624 tanta

2303 2647 2460 2705 nobis
2483 2664 2605 2708 esse
2626 2651 2795 2708 virtus
2818 2661 2996 2726 potest
3021 2663 3218 2724 quanta
3245 2655 3340 2712 tibi
3367 2663 3483 2724 est,
3513 2657 3601 2728 qui
3629 2657 3697 2713 ita
3725 2657 3874 2714 homo

2303 2753 2385 2810 es,
2413 2747 2474 2796 ut
2493 2742 2654 2799 etiam
2685 2744 2825 2800 Deus
2843 2745 2940 2814 sis,
2962 2754 3016 2802 et
3037 2745 3143 2802 hoc
3163 2747 3306 2803 Patri
3331 2759 3626 2806 comternus
3645 2758 3700 2806 et
3714 2752 3876 2807 omni-

2303 2833 2506 2904 potenti
2547 2835 2766 2906 mqualis
2802 2835 3182 2908 omnipotens?
3219 2837 3412 2894 ldeone
3452 2853 3556 2895 non
3592 2838 3770 2896 debuit
3803 2841 3877 2898 sic

2303 2925 2486 2993 nasci,
2516 2925 2602 2982 vel
2630 2927 2710 2982 sic
2735 2927 2791 2982 in
2821 2927 3079 2984 unitatem
3108 2943 3354 3000 persona:
3379 2945 3408 2984 a
3442 2931 3614 2988 Verbo
3639 2931 3731 2988 Dei
3761 2947 3876 2988 sus-

2301 3017 2424 3088 cipi,
2453 3025 2512 3073 ut
2535 3016 2843 3074 hominibus
2866 3033 2988 3074 eum
3017 3019 3324 3076 nolentibus
3349 3021 3562 3089 imitari,
3585 3022 3702 3078 talis
3726 3038 3878 3078 excu-

2301 3107 2438 3164 satio
2477 3123 2584 3164 non
2623 3107 2876 3165 daretur?
2911 3109 3060 3166 Sicut
3099 3121 3276 3167 autem
3320 3111 3476 3167 nobis
3523 3112 3636 3183 ipse
3677 3113 3877 3170 Patrem

2301 3200 2580 3272 proposuit
2607 3201 2954 3272 imitandum,
2985 3204 3074 3275 qui
3101 3213 3248 3260 certe
3275 3203 3436 3261 homo
3461 3220 3723 3277 nunquam
3751 3206 3876 3276 fuit,

2300 3307 2532 3364 eumque
2548 3293 2667 3350 sine
2686 3293 2966 3366 dispendio
2985 3296 3072 3351 vel
3092 3296 3448 3354 infirmationc
3467 3297 3748 3354 divinitatis
3767 3300 3880 3370 ejus

2301 3381 2608 3454 imitantur,
2647 3384 2969 3456 quicumque
3009 3401 3108 3457 per
3141 3386 3256 3458 ejus
3293 3388 3514 3460 gratiam
3542 3397 3595 3444 et
3625 3390 3800 3444 volqu
3829 3401 3881 3446 ct

2300 3482 2546 3547 possunt,
2568 3483 2627 3531 ut
2647 3475 2870 3548 diligant
2896 3476 3142 3532 inimicos
3167 3491 3315 3546 suos,
3345 3477 3675 3535 benefaciant
3695 3481 3770 3536 eis
3793 3482 3881 3552 qui

2301 3565 2533 3622 oderunt
2558 3581 2689 3635 eos;
2717 3582 2820 3624 nec
2845 3567 3030 3624 dicunt
3057 3569 3130 3633 ei,
3159 3569 3239 3624 'l‘u
3267 3579 3544 3640 propterea
3575 3571 3674 3628 hoc
3701 3581 3845 3642 potes
3862 3615 3880 3640 ,

2299 3657 2425 3730 quia
2453 3657 2594 3714 Deus
2617 3673 2698 3728 es,
2721 3667 2777 3716 et
2797 3659 2920 3729 quia
2946 3659 3144 3716 inimici
3173 3659 3246 3715 tui
3276 3660 3409 3715 nihil
3435 3661 3526 3716 tibi
3550 3671 3767 3733 possunt
3791 3677 3886 3718 ue-

2300 3765 2447 3817 cere,
2474 3765 2573 3806 nos
2595 3758 2773 3807 autem
2803 3749 3049 3808 homines
3077 3766 3262 3808 sumus
3289 3752 3506 3822 infirmi,
3537 3763 3590 3810 et
3615 3768 3707 3811 eos
3725 3754 3885 3824 jube-

2299 3853 2423 3896 mur
2439 3839 2682 3910 diligere,
2703 3841 2794 3912 qui
2819 3840 2972 3897 nobis
2999 3849 3077 3897 tot
3098 3849 3154 3896 et
3179 3849 3320 3897 tanta
3349 3843 3486 3896 mala
3510 3843 3750 3914 ingerunt
3775 3845 3886 3899 suis

2299 3930 2761 4003 persecutionibus
2801 3949 2816 3986 :
2858 3931 2930 3987 ita
2969 3931 3182 3988 Christo
3223 3946 3331 3988 non
3357 3933 3555 3989 ‘dicunt
3597 3934 3886 3990 imitatores

2300 4020 2446 4092 ejus,
2475 4019 2592 4078 Non
2625 4017 2913 4094 poSsumus
2945 4036 3009 4078 ea
3045 4021 3220 4079 facere
3239 4063 3256 4090 ,
3286 4038 3404 4095 qua:
3432 4031 3492 4078 ut
3519 4023 3767 4080 faciamus
3797 4037 3888 4080 tuo

2300 4129 2400 4170 nos
2425 4112 2727 4170 exhortaris
2749 4113 3001 4186 exemplo
3017 4155 3033 4182 ,
3061 4115 3186 4186 quia
3214 4114 3372 4184 longe
3396 4115 3658 4187 potentior
3680 4125 3762 4172 est
3788 4132 3888 4172 ex-

2299 4203 2546 4260 cellentia
2572 4211 2682 4270 tua,
2703 4219 2863 4275 quam
2889 4202 3170 4260 infirmitas
3195 4214 3398 4260 nostra.
3425 4205 3539 4261 Non
3565 4205 3740 4277 itaque
3765 4207 3890 4262 ideo

2299 4293 2484 4350 debuit
2505 4302 2663 4350 natus
2685 4293 2752 4352 de
2773 4293 2974 4365 Spiritu
2998 4304 3186 4352 sancto
3205 4305 3262 4352 et
3279 4297 3483 4368 virgine
3509 4297 3666 4353 .‘llaria
3689 4297 3890 4354 habere

2299 4385 2808 4457 concupiscentiam,
2827 4401 2930 4456 qua
2951 4396 3174 4457 cuperet
3193 4387 3351 4456 mala,
3371 4389 3470 4444 etsi
3490 4389 3503 4420 '
3523 4389 3570 4444 ci
3592 4389 3890 4444 resiStcndo

2299 4490 2406 4531 non
2431 4474 2651 4541 faceret,
2674 4491 2744 4532 ne
2765 4475 3006 4532 dicereut
3028 4477 3077 4532 ei
3105 4463 3370 4544 homines,
3397 4477 3600 4535 llabcto
3626 4479 3772 4550 prius
3796 4495 3891 4534 cn-

2299 4567 2549 4638 piditates
2586 4567 2784 4634 malas,
2809 4576 2864 4623 et
2891 4583 2982 4623 eas
3009 4569 3198 4634 vince,
3229 4569 3274 4625 si
3308 4580 3489 4640 potes,
3517 4579 3574 4626 ut
3610 4581 3660 4627 te
3692 4572 3888 4628 imitari

2299 4667 2510 4714 nostris
2529 4657 2790 4714 vincendo
2807 4659 3094 4729 possimus.
3119 4659 3323 4716 Deinde
3341 4660 3464 4730 quid
3485 4661 3633 4728 dicis,
3655 4660 3883 4727 Juliane,

2297 4751 2364 4807 de
2391 4750 2483 4806 illo
2505 4750 2594 4820 qui
2619 4749 2766 4818 dicit,
2796 4749 2918 4805 Non
2941 4751 3078 4822 quod
3102 4751 3236 4820 uolo,
3265 4767 3394 4824 ago;
3420 4753 3510 4809 sed
3533 4753 3666 4824 quod
3690 4753 3798 4817 odi,
3824 4753 3881 4807 if-

2299 4839 2392 4896 lud
2416 4827 2549 4914 facio
2570 4838 2747 4912 (Rom.
2774 4857 2867 4908 vn,
2895 4840 3020 4913 i5);
3043 4858 3201 4912 quem
3225 4857 3322 4899 vos
3348 4835 3604 4909 asseritis:
3629 4859 3734 4898 non
3757 4858 3879 4901 corr

2297 4933 2621 5002 cupiscentia
2643 4948 2762 4988 cum
2789 4949 2893 5004 qua
2921 4942 3079 4988 natus
3105 4941 3206 5001 est,
3229 4933 3322 4990 sed
3349 4935 3486 4990 mala
3507 4935 3893 4991 consuetudine

2297 5037 2468 5094 usque
2491 5022 2557 5078 ad
2588 5022 2745 5079 istam
2771 5023 3144 5080 necessitatem
3179 5023 3388 5094 premi?
3413 5024 3672 5096 Numquid
3698 5024 3892 5094 hujus-

2297 5113 2442 5169 tnodi
2463 5113 2770 5170 hominibus
2787 5114 3034 5171 Christus
3054 5130 3160 5170 non
3183 5115 3430 5186 praebuit,
3455 5125 3512 5170 ut
3535 5129 3594 5171 se
3617 5115 3895 5170 imitaren-

2298 5211 2386 5258 tur
2410 5203 2755 5276 exemplum?
2779 5205 3034 5277 numquid
3062 5220 3156 5262 eos
3181 5206 3518 5276 contempsit,
3546 5219 3744 5277 eosque
3769 5219 3898 5262 esse

2297 5294 2466 5350 voluit
2487 5309 2516 5350 a
2543 5295 2656 5350 suis
2683 5297 2952 5354 sectandis
2980 5296 3264 5354 virtutibus
3291 5295 3534 5352 alienos?
3561 5295 3625 5352 Si’
3645 5310 3779 5368 ergo
3804 5295 3896 5350 di-

2297 5393 2481 5440 cerent
2501 5385 2570 5451 ei,
2595 5385 2776 5442 Nescis
2795 5387 2924 5458 quid
2953 5374 3184 5459 patimur
3204 5387 3347 5444 mole
3369 5386 3767 5443 consuetudinis
3787 5401 3900 5456 qua

2298 5475 2627 5545 premimur:
2657 5483 2711 5532 tu
2739 5493 2846 5534 non
2875 5478 3169 5550 premeris,
3200 5487 3482 5550 propterea
3509 5475 3781 5548 loqueris;
3811 5476 3904 5530 fa-

2297 5565 2399 5624 cile
2423 5582 2629 5637 omnes,
2640 5584 2772 5626 ‘cum
2798 5571 3058 5638 valemus,
3085 5580 3231 5628 recta
3255 5571 3476 5628 consilia
3499 5569 3656 5642 aegris
3672 5567 3900 5625 damus.

2362 5704 2379 5736 ⁸
2415 5702 2550 5768 utut,
2573 5707 2618 5754 et
2641 5703 2728 5758 sic.
2751 5702 3078 5756 Emendantur
3101 5715 3171 5756 ex
3193 5707 3302 5754 Mss.
