4124 6514
309 335 441 393 I389

305 448 615 504 I’Iacerelnc
652 442 779 510 tibi,
812 450 872 498 ut
902 440 1062 498 etiam
1093 439 1335 497 Christus
1373 439 1462 494 tali
1502 435 1883 494 consuetudine

306 544 659 609 premeretur,
684 546 909 604 eamque
934 539 1239 603 superaret,
1270 538 1329 585 ut
1355 538 1530 595 esset,
1557 538 1763 584 remota
1790 542 1887 584 eo-

307 642 422 681 rum
442 623 803 692 excusatione,
826 622 1017 678 talibus
1037 619 1354 677 imitandus?
1375 621 1453 675 An
1477 627 1564 676 tua
1586 617 1888 690 vaniloquia

303 719 414 789 jam
440 717 658 783 ridebis,
684 725 738 772 et
763 730 793 770 a
819 714 973 771 nobis
999 711 1236 769 tacebis?
1346 766 1352 771 .

383 808 714 869 LXXXVIII.
734 806 851 863 ιω..
873 805 1070 861 Verum
1093 804 1178 861 his
1196 811 1255 860 ut
1270 819 1356 859 res
1380 802 1678 874 postulabat
1699 801 1888 885 unple-

311 899 398 965 tis,
421 899 571 970 juvat
598 908 649 954 te
673 898 755 953 vel
779 896 1116 952 mediocriter
1137 894 1441 963 convenire,
1468 909 1569 965 qua
1597 894 1783 949 tiducia
1810 902 1886 959 tu,

308 1004 429 1046 cum
453 987 755 1060 Hieronymi
780 986 975 1057 scripta
998 984 1288 1053 collaudes,
1309 984 1454 1040 dicas
1478 986 1531 1039 in
1551 984 1764 1041 Christo
1784 997 1889 1039 non

309 1081 474 1137 fuisse
502 1088 806 1151 peccatum,
837 1093 958 1133 cum
987 1077 1078 1134 ille
1113 1077 1168 1133 in
1206 1077 1426 1148 Dialogo
1454 1076 1571 1143 illo,
1602 1090 1762 1147 quem
1792 1074 1893 1130 sub

310 1172 527 1229 nomine
565 1170 725 1226 Attici
765 1176 820 1225 et
854 1168 1144 1232 Critoboli,
1176 1167 1310 1224 mira
1347 1177 1402 1224 et
1437 1176 1498 1223 ut
1538 1168 1697 1223 talem
1733 1166 1893 1224 fidem

307 1263 534 1320 decebat
567 1269 846 1318 venustate
881 1259 1207 1330 composuit,
1251 1259 1412 1315 etiam
1451 1259 1617 1329 quinti
1652 1258 1894 1330 Evange-

306 1357 365 1413 lii
395 1354 492 1427 (a),
522 1353 663 1425 quod
691 1368 720 1407 a
747 1367 808 1409 se
836 1351 1147 1407 translatum
1172 1351 1336 1419 dicit,
1368 1350 1672 1407 testimonio
1697 1350 1896 1405 nitatur

308 1444 614 1512 ostendere,
633 1443 907 1500 Christum
927 1458 1036 1499 non
1053 1442 1227 1498 solum
1246 1441 1506 1508 naturale,
1529 1456 1712 1497 verum
1733 1441 1893 1497 etiam

310 1534 664 1592 voluntarium
694 1532 943 1590 habuisse
968 1540 1242 1604 peecatmn
1258 1573 1275 1600 ,
1306 1538 1522 1603 propter
1544 1530 1687 1602 quod
1712 1545 1774 1587 se
1796 1545 1895 1589 eo-

308 1627 554 1700 gnovcrit
574 1626 795 1682 Joannis
817 1625 1132 1695 baptismate
1153 1623 1485 1680 diluendum.
1508 1623 1585 1678 De
1607 1623 1714 1680 alio
1734 1623 1895 1679 etiam

311 1719 616 1777 testimonio
652 1717 874 1774 Joannis
913 1715 1284 1787 evangelista,
1315 1714 1569 1786 flagitium
1604 1714 1653 1771 ei
1690 1714 1895 1771 assnit‘

309 1809 554 1865 falsitatis
582 1806 680 1880 (ὁ).
722 1807 799 1862 De
830 1821 939 1878 quo
965 1821 1131 1877 opere
1158 1814 1216 1861 tu
1247 1804 1300 1861 in
1331 1805 1416 1861 illa
1449 1805 1670 1875 epistola
1689 1845 1707 1873 ,
1736 1820 1898 1877 quam

309 1898 689 1957 Alexandriam
717 1896 1027 1962 destinasti,
1059 1897 1131 1952 ita
1163 1895 1442 1967 gloriaris,
1472 1903 1532 1951 ut
1556 1894 1704 1952 dicas
1740 1895 1898 1952 Pela-

304 1992 454 2062 gium
476 2031 491 2057 ,
522 1989 914 2060 Scripturarum
944 1987 1012 2043 ab
1034 2001 1101 2043 eo
1128 2001 1440 2059 oppressum
1467 1985 1727 2052 molibus,
1755 1986 1899 2042 arbi-

311 2085 473 2139 trium
500 2081 725 2138 liberum
750 2079 1019 2136 vindicare
1046 2093 1152 2135 non
1182 2092 1360 2150 posse.
1383 2076 1579 2133 Verum
1600 2077 1676 2135 illi
1696 2076 1844 2148 operi
1867 2092 1898 2133 a

308 2173 577 2231 catholico
596 2172 734 2240 viro,
755 2171 845 2243 qui
868 2170 1105 2243 pulsatus
1124 2169 1315 2236 fuerat,
1336 2167 1606 2225 obviatum
1623 2174 1727 2224 est.
1748 2166 1901 2224 Nunc

310 2281 448 2323 vero
465 2265 532 2321 ad
554 2264 657 2321 hoc
674 2262 1236 2320 commemorationem
1253 2260 1369 2331 ejus
1389 2257 1754 2317 tantummodo
1774 2258 1898 2328 feci,

308 2368 373 2415 ut
397 2369 449 2417 te
473 2371 886 2431 recognosceres
914 2372 1021 2413 non
1048 2356 1221 2412 solum
1248 2352 1536 2426 Scripturis
1560 2350 1779 2419 sanctis,
1804 2350 1900 2408 sed

308 2464 416 2507 nec
439 2449 570 2520 ipsis
597 2449 672 2505 tui
699 2448 964 2520 dogmatis
987 2446 1318 2518 adjutoribus
1345 2458 1667 2502 consonare.

386 2540 522 2596 Auc.
546 2539 604 2596 Si
626 2540 898 2611 posuisses
922 2538 1083 2595 verba
1106 2536 1436 2610 Hieronymi,
1460 2534 1701 2592 fortassis
1724 2546 1905 2592 osten-

222 2702 227 2707 l
306 2631 498 2687 dercm
525 2631 793 2703 quomodo
819 2629 1126 2703 accipienda
1162 2638 1347 2687 essent
1380 2629 1499 2685 sine
1535 2627 1925 2700 blasphemis,

307 2736 473 2791 quam
505 2729 562 2778 tu
588 2721 661 2777 illi
692 2722 980 2792 importare
1003 2720 1214 2777 conaris
1241 2737 1257 2775 :
1284 2719 1425 2792 quod
1450 2718 1497 2775 si
1522 2733 1628 2776 non
1657 2733 1901 2790 possem.

310 2827 425 2868 non
452 2820 631 2868 tamen
653 2811 770 2882 ejus
797 2811 979 2879 fidem,
1004 2825 1164 2881 quam
1193 2826 1314 2867 cum
1340 2810 1458 2866 aliis
1482 2810 1906 2881 praeclarissimis

309 2903 573 2959 Ecclesia:
600 2902 876 2959 catholica:
905 2900 1213 2956 doctoribus
1246 2899 1440 2966 tenuit,
1474 2899 1596 2955 ideo
1622 2900 1910 2970 repudian-

306 2994 440 3049 dam
469 2999 743 3063 putarem,
775 2989 897 3060 quia
925 2987 1123 3045 dixisse
1151 2989 1349 3059 aliquid
1375 2988 1723 3058 inveniretur,
1755 2991 1800 3045 si
1830 2999 1907 3045 ta-

308 3097 441 3138 men
486 3081 845 3147 inveniretur,
883 3080 936 3135 in
971 3094 1077 3150 quo
1115 3079 1219 3135 illis
1254 3094 1361 3134 non
1397 3090 1733 3137 consonaret.
1774 3080 1907 3137 Illud

306 3182 498 3228 autem
526 3170 655 3226 mihi
684 3187 751 3227 ex
781 3170 939 3242 hujus
972 3170 1202 3225 hominis
1231 3184 1458 3241 persona
1485 3180 1671 3227 contra
1701 3179 1753 3251 te
1778 3172 1908 3228 satis

305 3273 422 3331 est,
443 3262 586 3334 quod
609 3276 728 3318 cum
753 3262 804 3317 id
829 3262 1025 3317 sentiat
1044 3260 1111 3318 de
1132 3269 1351 3333 peccato
1374 3261 1639 3333 originali,
1663 3262 1805 3334 quod
1829 3264 1910 3320 sic

306 3357 584 3414 aversaris
602 3397 618 3424 ,
650 3364 706 3412 ttt
734 3356 875 3412 idem
895 3358 917 3389 '
945 3355 1186 3427 appelles
1210 3354 1559 3411 Manichmum
1580 3398 1596 3425 ,
1627 3355 1796 3427 ipsum
1825 3362 1907 3411 ta-

305 3465 444 3506 men
474 3449 575 3504 hoe
598 3440 872 3519 appellare
900 3462 1006 3501 non
1035 3445 1220 3504 audes.
1252 3445 1354 3502 Ubi
1384 3454 1437 3503 te
1464 3455 1682 3518 apparet
1710 3446 1909 3516 impru-

306 3542 501 3598 dentia
543 3540 686 3609 falli,
717 3538 812 3595 sed
837 3548 1021 3596 contra
1050 3539 1383 3608 prudentiam
1423 3547 1567 3594 tuam
1598 3538 1726 3594 mihi
1762 3537 1910 3596 calu-

308 3634 536 3691 mniari.
571 3634 682 3703 Ego
713 3647 843 3688 sane
872 3648 976 3687 non
998 3626 1331 3703 llieronymi,
1358 3630 1454 3687 sed
1481 3630 1775 3700 Ambrosii;
1807 3644 1909 3688 nec

306 3725 459 3780 meis
482 3732 977 3790 commemorata-in,
1000 3722 1094 3777 sed
1120 3722 1297 3777 verbis
1319 3722 1435 3791 ejus
1459 3737 1765 3792 expressam
1786 3736 1908 3778 sen-

306 3815 543 3871 tentiam
566 3814 657 3870 tibi
682 3815 904 3885 opposui
928 3813 1031 3886 (De
1059 3812 1266 3884 Nuptiis
1290 3822 1336 3868 et
1359 3812 1792 3883 Concupiscentia,
1817 3811 1905 3868 lib.

305 3908 370 3970 1,
404 3922 461 3960 n.
487 3903 577 3971 40,
606 3914 652 3959 et
680 3904 768 3959 tib.
795 3903 852 3967 9.,
880 3921 966 3958 nn.
996 3905 1083 3970 14,
1112 3903 1221 3975 15),
1243 3918 1345 3974 qua
1364 3902 1632 3959 Chrismm
1653 3902 1782 3959 dicit
1802 3918 1908 3959 non

301 3997 479 4051 aliter
504 4002 775 4064 expertem
801 3993 979 4048 delicti
1006 4007 1124 4048 esse
1150 3993 1407 4064 potuisse,
1436 3993 1537 4048 nisi
1562 4008 1753 4063 expers
1777 3992 1910 4048 fuis-

302 4098 402 4144 set
441 4088 583 4143 ilIius
618 4086 1013 4157 eonecptionis,
1044 4101 1200 4156 quam
1238 4086 1545 4140 commixtio
1573 4085 1670 4140 viri
1703 4093 1756 4142 et
1789 4101 1910 4140 mu-

304 4179 470 4237 Iieris
493 4187 762 4249 operatur.
795 4177 892 4234 Ubi
918 4177 1094 4233 cernis
1119 4190 1240 4233 esse
1267 4189 1630 4248 consequens,
1657 4184 1713 4232 ut
1741 4176 1786 4231 si
1811 4191 1911 4248 ego

381 4313 403 4381 ξ
438 4310 577 4381 ξιιιιι,
599 4308 766 4381 aﬂuit;
790 4316 1017 4373 corrupte
1033 4322 1137 4373 pro,
1158 4308 1323 4361 assut't.

376 4374 405 4404 ί
439 4378 596 4431 Forte,
620 4372 731 4422 inde
753 4385 847 4421 me.

376 4433 460 4504 (ᾳ)
491 4430 814 4504 calumniandi
848 4444 1152 4504 occisionem
1187 4430 1355 4504 arripit
1379 4430 1596 4504 exiliis
1635 4432 1911 4504 Hieronymi

300 4492 487 4546 verbis
528 4494 579 4557 in
622 4494 817 4557 Dialogo
860 4501 1027 4557 contra
1071 4492 1353 4557 Pelagianos
1376 4494 1669 4557 tertio,_eap.
1700 4496 1765 4543 l:
1811 4492 1910 4544 iln

308 4574 335 4604 ιι
362 4554 632 4617 Evangelia
648 4552 785 4618 juxta
804 4556 1048 4618 ιιιειιιιςιιοςεΒ
1074 4552 1207 4618 (ιιιᾳῦ
1221 4552 1462 4618 chaldaico
1476 4552 1674 4616 quidem
1700 4567 1912 4618 syroque

307 4636 335 4664 ι
361 4614 622 4675 sermone,
645 4614 735 4666 sed
758 4615 999 4665 hehraicis
1021 4614 1195 4677 litteris
1214 4614 1567 4677 scriptumeSt,
1592 4627 1691 4677 quo
1710 4614 1913 4677 utuntur

307 4697 336 4725 ι
363 4689 534 4738 usque
556 4672 701 4727 hodie
724 4674 1258 4750 Natarqniuseettntlum
1274 4672 1543 4750 apostolos,
1554 4672 1667 4750 'siv‘e
1689 4681 1745 4723 ut
1762 4675 1912 4750 pleri:

308 4756 337 4786 ι
365 4735 478 4800 que
501 4745 766 4794 autumant,
795 4736 937 4798 juxta
969 4735 1256 4806 Matthzeum,
1278 4735 1422 4807 .Quod
1457 4737 1581 4785 etin
1617 4735 1913 4808 Cmsarcensi

305 4819 333 4847 ι
364 4799 585 4848 habetur
606 4797 916 4853 llibllOUlb‘Ctl,
942 4802 1105 4845 narrat
1126 4796 1321 4844 historia
1345 4808 1358 4844 :
1385 4802 1503 4845 Ecce
1541 4801 1697 4845 mater
1728 4798 1912 4846 Donuni

304 4880 333 4907 α
366 4867 431 4909 et
455 4859 628 4909 fratres
651 4860 760 4921 ejus
781 4859 1007 4907 dicebant
1032 4857 1115 4904 ei:
1150 4863 1360 4905 Joannes
1396 4858 1601 4921 Baptista
1637 4857 1841 4921 haptimt
1862 4857 1912 4906 in

305 4941 334 4969 ι
360 4918 712 4969 remissionem
735 4925 1074 4979 peccatorum;
1109 4928 1293 4974 camus,
1319 4924 1372 4966 et
1408 4918 1706 4979 baptizemttr
1727 4918 1789 4964 ab
1829 4930 1909 4966 eo.

302 5004 331 5031 α
360 4980 499 5030 Dixit
521 4989 685 5030 autem
709 4978 782 5029 eis
805 4994 817 5027 :
839 4979 956 5038 Quid
1001 4980 1212 5040 peccavi,
1237 4985 1292 5027 ut
1320 4978 1505 5035 vadato,
1531 4986 1584 5028 et
1617 4978 1829 5039 baptizer
1851 4980 1914 5040 ab

294 5064 327 5091 ι
364 5042 478 5091 co?
512 5041 603 5102 nisi
626 5041 750 5090 forte
774 5041 862 5089 hoc
885 5039 1039 5102 ipsum
1056 5039 1181 5102 quod
1204 5040 1304 5090 dixi
1328 5040 1595 5101 ignorantia
1618 5046 1711 5088 est.
1729 5055 1753 5083 ι
1781 5039 1913 5102 Quod

290 5100 632 5163 Evangelium
653 5114 683 5163 a_
702 5109 759 5151 se
783 5102 830 5149 ia
853 5098 1383 5163 gracuun'latinumque
1410 5112 1686 5163 sermonem
1710 5098 1913 5163 transla-

291 5160 565 5225 wmfuon
587 5176 648 5213 eo
672 5160 764 5212 loci
784 5160 900 5212 dicit
921 5164 1252 5225 Hieronymus.
1275 5160 1362 5225 sed
1386 5162 1436 5225 in
1451 5160 1693 5225 Catalogo
1709 5161 1914 5225 scripto-

285 5238 429 5277 rum
457 5223 911 5283 eeclesiasticorum,
934 5222 1178 5284 capite'de
1195 5224 1370 5284 taeobo
1392 5222 1543 5284 fratre
1565 5222 1765 5272 Domini.

372 5284 459 5347 (ὁ)
492 5291 640 5347 locus
660 5284 960 5347 Hieronymi,
973 5282 1124 5347 quem
1145 5282 1361 5347 Julianus
1373 5282 1593 5347 maligne
1625 5284 1914 5347 interpreta-

286 5342 413 5406 tur}
441 5342 627 5408 bialogi
665 5352 743 5408 est
762 5342 1128 5408 sedundi.'_cap.
1149 5344 1197 5408 6,
1236 5345 1319 5395 ubi
1354 5344 1421 5408 de
1461 5342 1657 5396 nomine
1698 5342 1909 5408 legitur:

295 5427 318 5460 ι
357 5405 529 5468 Negat
549 5405 778 5469 fratribus
808 5412 861 5455 et
883 5405 1161 5468 propinquis
1183 5406 1256 5455 ire
1280 5417 1337 5457 se
1365 5405 1425 5469 ad
1446 5405 1838 5469 sceItOpmglant;
1863 5413 1916 5457 et

297 5488 322 5521 σ
358 5465 547 5530 postea
568 5468 799 5530 scriptum
822 5465 916 5530 est,
948 5465 1004 5530 (ft
1026 5465 1188 5530 autem
1218 5465 1538 5530 ascendet-wit
1579 5465 1757 5530 fratres
1789 5465 1895 5527 ejus

298 5552 321 5583 ο
354 5525 488 5579 iam
504 5533 555 5591 et
575 5525 679 5591 ipse
700 5525 914 5591 ascendit
935 5526 1000 5576 ad
1037 5527 1398 5591 solemnitatem,
1422 5539 1517 5591 non
1536 5525 1878 5591 nirmifeste,'s_c

294 5608 326 5639 ι
350 5585 518 5654 quasi
536 5585 891 5638 in'abscondito.
909 5593 1095 5654 Iturunt
1110 5585 1168 5638 se
1187 5585 1399 5654 negavit,
1421 5588 1608 5654 et‘fecit
1628 5585 1757 5651 quod
1784 5589 1916 5654 prius

294 5672 324 5701 ι
355 5649 666 5720 negaverat.
700 5655 857 5720 latrat
877 5649 1535 5720 Porjvhyrius,_it_ieonstanti:e
1565 5661 1621 5698 ac
1642 5649 1914 5720 mutationis

292 5731 325 5762 c
353 5708 588 5822 sciuit,
604 5711 834 5761 nesciens
855 5708 1010 5761 omnia
1032 5708 1268 5761 scandala
1299 5709 1363 5760 ad
1392 5720 1588 5759 carnem
1623 5723 1734 5759 esse
1768 5708 1900 5759 rete-

296 5792 331 5822 ι
358 5785 475 5822 τευ
540 5809 553 5821 .
580 5790 599 5820 1
1777 5784 1785 5792 ·

296 5784 599 5826 statua.-
1777 5784 1785 5792 '

1638 325 1841 383 LIBER
1878 326 2223 397 QUARTUS.

3433 331 3568 389 13790

1997 448 2216 510 propter
2239 438 2374 496 hanc
2396 438 2711 497 sententiam
2744 454 2861 497 sum
2888 439 3233 506 Manlelmus.
3262 444 3329 500 sit
3359 455 3411 502 et
3442 453 3571 500 ιιιιιο

1994 528 2205 587 broslus
2234 548 2250 586 :
2279 530 2402 603 quia
2430 545 2558 588 vero
2586 531 2675 587 ille
2712 546 2821 586 non
2857 539 2975 599 est,
3005 533 3270 590 neminem
3311 533 3465 591 faciat
3495 538 3575 592 vel

1994 620 2242 679 ostendat
2268 622 2369 678 ista
2397 624 2658 680 sententia
2689 620 3059 679 Manicitzeum.
3099 624 3211 679 Iloc
3244 640 3363 680 cum
3394 627 3575 681 videas

1996 714 2128 783 (non
2153 713 2294 770 enim
2320 713 2427 769 tale
2448 722 2532 769 est
2559 720 2615 769 ut
2640 728 2746 768 non
2771 713 2945 786 possis
2971 711 3073 768 hoc
3103 714 3280 768 videre
3296 756 3312 781 ,
3336 715 3420 770 vel
3451 732 3568 787 pos-
3599 716 3605 723 '

1995 806 2070 862 sis
2095 806 2199 862 hoc
2222 820 2328 863 non
2354 803 2578 880 videre),
2604 814 2808 862 tantum
2836 816 3011 862 tamen
3037 820 3212 862 causre
3236 808 3468 862 bonitate
3488 809 3582 863 de-

1995 897 2224 964 sereris,
2253 904 2311 953 ut
2337 895 2678 953 calumnieris
2716 896 2845 951 mihi
2880 896 3094 951 nomine
3132 896 3435 960 blanicluni,
3474 912 3578 952 non

1996 987 2330 1059 imprudente
2358 989 2672 1061 ignorantia,
2703 988 2796 1045 sed
2826 987 3058 1059 pudente
3088 987 3293 1043 fallacia
3318 990 3360 1043 ι.

2067 1077 2353 1134 LXXXIX.
2384 1078 2505 1135 Jun.
2533 1078 2666 1135 Nam
2698 1077 3016 1134 Manichmos
3044 1079 3246 1133 deseris
3282 1080 3332 1133 itt
3368 1079 3580 1150 vitupe-

1996 1168 2203 1225 ratione
2230 1184 2385 1225 suum
2419 1178 2476 1227 et
2502 1185 2815 1242 caprarum,
2847 1186 2979 1243 quos
3009 1170 3061 1226 in
3098 1170 3344 1226 humana:
3382 1184 3584 1227 naturzr.

1995 1258 2368 1317 criminatione
2392 1260 2700 1328 comitaris;
2728 1276 2850 1318 cum
2880 1262 3070 1334 quibus
3100 1264 3257 1319 etiam
3290 1265 3341 1318 in
3368 1263 3585 1319 Christo

1997 1363 2104 1405 non
2142 1349 2375 1420 speciem
2411 1352 2617 1419 carnis,
2661 1351 2755 1421 sed
2799 1352 3058 1407 rationem
3101 1353 3295 1409 evertis
3333 1355 3583 1424 exempli.

1996 1439 2291 1497 Submoves
2312 1441 2472 1497 etiam
2492 1456 2523 1497 a
2542 1441 2756 1498 Christo
2775 1442 2952 1497 verbis
2976 1442 3185 1499 interim
3210 1444 3449 1499 naturale
3472 1460 3588 1514 ροσε

1998 1539 2194 1599 catum,
2224 1547 2292 1588 ne
2315 1540 2370 1588 et
2392 1533 2565 1604 ipsum
2590 1533 2690 1589 sub
2714 1542 2978 1605 potestate
3003 1533 3199 1589 diaboli
3224 1534 3488 1591 collocare
3509 1535 3590 1589 vi-

1998 1623 2194 1691 dearis,
2216 1624 2357 1695 quod
2383 1639 2489 1681 non
2516 1624 2640 1681 fecit
2663 1627 2745 1681 vel
2768 1623 2882 1696 ipse
2902 1624 3239 1681 Manichmus.
3268 1626 3373 1681 Sed
3403 1625 3590 1682 laudas

1998 1714 2402 1788 Hieronymum,
2429 1717 2517 1789 qui
2538 1718 2559 1749 '
2589 1716 2658 1770 ita
2688 1731 2811 1772 eum
2844 1732 2948 1771 non
2977 1718 3162 1771 metuit
3192 1715 3586 1787 hlasphemare.

1999 1814 2059 1860 ut
2083 1803 2226 1861 dicat
2258 1805 2405 1861 illum
2441 1805 2855 1861 familiaritatem
2883 1821 3005 1861 cum
3038 1807 3351 1862 voluntariis
3378 1821 3589 1878 quoque

2000 1894 2183 1952 iniisse
2205 1896 2534 1953 criminibus.
2562 1895 2634 1951 Ita
2660 1897 2798 1952 inter
2822 1897 3060 1953 diversas
3084 1898 3375 1952 amicorum
3403 1898 3591 1953 sordes

2000 1994 2057 2044 et
2081 1997 2381 2043 commenta
2408 1987 2679 2044 volutatus
2703 1988 2821 2044 sine
2847 1986 3080 2053 deﬂexa,
3109 1988 3162 2042 in
3191 1988 3587 2043 Catltolicorum

2004 2077 2174 2139 solum
2208 2079 2447 2137 efferaris
2480 2079 2729 2150 injurias,
2760 2080 2883 2152 quia
2919 2080 3104 2136 dicunt
3143 2081 3306 2136 Deum
3339 2080 3462 2134 mali
3491 2095 3589 2134 au-

2003 2181 2206 2227 ctorem
2230 2186 2338 2227 non
2366 2184 2509 2239 esse,
2535 2170 2778 2227 homines
2806 2171 2897 2242 qui
2923 2170 2990 2226 ab
3017 2186 3084 2227 eo
3113 2170 3264 2233 ﬁunt,
3291 2170 3458 2225 malos
3483 2185 3589 2225 non

2002 2276 2124 2319 esse
2149 2262 2478 2329 naturaliter,
2509 2263 2654 2334 leges
2681 2262 2774 2318 Dei
2795 2262 2967 2334 justas
2995 2278 3136 2329 esse,
3168 2263 3453 2335 imaginem
3478 2263 3594 2333 ejus

2004 2367 2163 2425 posse
2181 2354 2449 2412 declinare
2468 2370 2498 2409 a
2517 2355 2658 2410 malo
2677 2364 2731 2410 et
2751 2353 2928 2411 facere
2952 2354 3179 2422 bonum;
3202 2356 3472 2412 Christum
3496 2371 3594 2411 nec

2005 2445 2060 2500 in
2088 2445 2377 2513 membris,
2406 2458 2509 2502 nec
2535 2445 2588 2500 in
2619 2442 2937 2516 praeceptis,
2969 2459 3068 2501 nec
3097 2446 3148 2500 in
3182 2446 3398 2515 judieiis
3427 2446 3594 2501 ulltnn

2006 2542 2340 2608 perpetrasse
2365 2544 2663 2606 peccatum.
2690 2536 2865 2606 Atque
2891 2535 3011 2592 ideo
3035 2537 3080 2592 si
3108 2521 3163 2591 tu
3188 2539 3483 2594 assertione
3504 2553 3598 2593 ve-

2006 2625 2180 2681 ritatis
2204 2639 2503 2698 aegrescas,
2531 2624 2802 2681 credimus
2831 2633 3008 2682 tamen
3046 2626 3336 2698 prudentes
3370 2628 3557 2684 instrui
3577 2666 3595 2695 ,

2007 2715 2398 2787 uonnullosque
2425 2715 2587 2773 etiam
2611 2714 2681 2773 de
2706 2714 2791 2773 his
2815 2730 2950 2788 quos
2975 2716 3251 2775 mendacia
3278 2726 3363 2775 tua
3391 2720 3598 2776 saucia-

2007 2815 2154 2873 runt,
2182 2822 2340 2878 posse
2367 2808 2565 2863 sanari.

2077 2897 2215 2954 Aue.
2260 2898 2335 2953 De
2371 2897 2572 2953 Christi
2610 2898 2856 2968 exemplo
2892 2899 3139 2971 superius
3177 2900 3269 2955 tibi
3314 2902 3601 2973 respondi,

2009 2985 2151 3058 quod
2193 3001 2368 3058 neque
2411 3001 2607 3059 negare
2629 2987 2890 3046 debemus
2915 2989 3035 3059 ejus
3069 2992 3462 3057 excellentiam,
3493 3008 3599 3063 qua

2008 3077 2135 3134 licet
2151 3075 2312 3134 homo
2336 3077 2733 3149 integerrimus,
2760 3088 2939 3135 tamen
2963 3079 3032 3136 de
3062 3080 3260 3150 Spiritu
3288 3093 3463 3147 natus,
3499 3098 3599 3137 nec

2009 3183 2170 3226 carne
2188 3170 2600 3240 concupiscente
2620 3170 2642 3204 ⁸
2667 3180 2978 3243 conceptus,
3015 3186 3176 3244 super
3211 3184 3397 3230 omnes
3426 3177 3597 3231 homi-

2010 3276 2107 3318 nes
2145 3261 2233 3318 hic
2263 3262 2425 3317 vitam
2461 3262 2810 3333 justissimam
2851 3264 3036 3330 duxit;
3066 3282 3164 3322 nec
3201 3276 3419 3338 propter
3460 3271 3597 3325 hanc

2009 3353 2377 3409 excellentiam
2404 3367 2504 3409 nos
2528 3369 2803 3421 excusare,
2830 3363 2889 3411 ut
2912 3371 3017 3412 non
3039 3372 3159 3412 eum
3188 3372 3285 3430 pro
3314 3360 3473 3415 modo
3496 3378 3595 3417 no-

2009 3450 2124 3498 stro
2150 3441 2457 3500 studeamus
2502 3444 2716 3500 imitari.
2769 3444 2888 3501 Non
2925 3447 3067 3502 enim
3110 3449 3363 3519 conjuges
3414 3451 3596 3509 fideles

2010 3534 2316 3590 ctelibatum
2341 3532 2458 3605 ejus
2482 3533 2785 3602 imitantur;
2815 3548 2868 3594 et
2893 3545 3089 3606 tamen,
3120 3546 3176 3592 ut
3202 3540 3460 3596 adulteria
3479 3557 3592 3599 om-

2011 3642 2175 3683 nesve
2233 3626 2544 3683 concubitus
2610 3626 2822 3683 illicitos
2888 3644 2994 3684 non
3051 3641 3400 3701 perpetrent,
3470 3634 3579 3690 imi-

2014 3727 2192 3775 tantur
2243 3718 2393 3774 illum
2433 3733 2583 3774 :ncc
2629 3717 2672 3774 si
2718 3734 2840 3775 eum
2900 3719 3131 3792 amplius
3180 3722 3454 3780 imitantur
3504 3727 3596 3797 qui

2012 3819 2199 3869 sancte
2250 3810 2452 3868 ducunt
2496 3811 2744 3867 cmlibem
2792 3812 2953 3868 vitam
2982 3854 2995 3879 ,
3053 3813 3172 3869 ideo
3228 3815 3281 3870 in
3321 3814 3422 3871 hoc
3462 3833 3596 3888 quo-

2012 3916 2117 3972 que
2158 3899 2350 3955 imitari
2389 3915 2510 3956 eum
2547 3908 2791 3972 possunt,
2835 3901 2976 3971 quod
3024 3901 3115 3957 ille
3151 3919 3254 3957 non
3283 3904 3453 3959 solum
3491 3920 3596 3960 non

2013 3991 2156 4059 fecit,
2183 4006 2366 4046 verum
2395 4004 2495 4046 nec
2513 3990 3031 4060 concupivitillicita.
3059 3993 3248 4049 Ctelibi
3273 4005 3449 4050 autem
3473 4011 3599 4051 san-

2013 4090 2113 4137 cta:
2137 4080 2260 4136 vita:
2294 4080 2609 4136 concubitus
2636 4090 2719 4136 est
2746 4083 2923 4155 omnis
2951 4082 3184 4150 illicitus,
3212 4085 3299 4140 cui
3327 4103 3426 4143 nec
3467 4104 3601 4145 cen-

2008 4172 2203 4244 jugalis
2224 4180 2305 4228 est
2331 4171 2523 4227 Iicitus.
2551 4172 2688 4240 Quid
2719 4188 2849 4244 ergo
2869 4174 3084 4239 mirum,
3110 4176 3155 4231 si
3182 4188 3336 4232 natus
3363 4180 3431 4234 tle
3468 4180 3594 4252 Spi‘«

2013 4268 2119 4327 ritu
2142 4266 2165 4299 ⁸
2184 4256 2457 4338 ειἰνὶιιεῖιιο
2483 4281 2592 4321 non
2619 4266 2671 4321 in
2698 4280 2758 4321 se
2782 4265 2968 4322 habuit
2992 4268 3157 4322 ullmn
3195 4270 3434 4325 malum?
3463 4266 3593 4340 Quis

2015 4374 2162 4427 vero,
2195 4359 2295 4415 nisi
2324 4359 2662 4431 gravioribus
2688 4357 2975 4431 depressus
3001 4361 3176 4427 malis,
3204 4372 3363 4434 neget
3391 4367 3592 4421 malunt

2014 4468 2154 4520 esse,
2176 4461 2359 4508 contra
2381 4451 2523 4523 quod
2549 4452 2708 4507 etiam
2734 4452 2903 4508 sancti
2921 4454 3157 4524 quotidie
3173 4464 3361 4527 rogant
3385 4458 3601 4516 Patrem

2014 4561 2078 4601 ex
2107 4546 2273 4623 ipsius
2297 4545 2504 4600 Domini
2531 4544 2875 4616 magisterio?
2899 4544 3029 4601 Cum
3059 4548 3200 4602 enim
3232 4549 3479 4618 dicimus,
3512 4552 3597 4605 Ne

2015 4653 2106 4690 nos
2135 4636 2324 4707 inferas
2346 4637 2736 4691 intentationem
2762 4634 2976 4705 (Matth.
3004 4652 3080 4703 vr,
3106 4638 3195 4708 15)
3218 4655 3233 4703 ;
3265 4647 3450 4694 contra
3466 4656 3591 4696 con-

2015 4726 2390 4795 cupiscentiam
2441 4733 2676 4780 nostram
2728 4739 2974 4795 rogamus
3022 4726 3209 4782 Deum.
3251 4727 3595 4801 Unusquisque

2016 4817 2146 4868 enim
2191 4822 2426 4877 tentatur,
2470 4822 2528 4868 ut
2569 4815 2822 4882 scriptum
2853 4825 2954 4881 est,
2991 4833 3022 4869 (ι
3058 4817 3462 4888 concupiscentia
3502 4826 3594 4876 smi

2016 4906 2295 4959 abstractus
2320 4913 2366 4958 ct
2390 4903 2584 4957 illectus
2613 4902 2815 4975 (Jacobi
2835 4921 2874 4970 ι,
2906 4905 3011 4975 I5).
3045 4907 3262 4963 Avertat
3283 4924 3412 4981 ergo
3440 4927 3470 4966 a
3496 4896 3595 4966 uo;

2016 4997 2100 5049 bis
2139 4996 2261 5061 istc,
2291 5010 2446 5065 quem
2479 5009 2745 5067 rogamus,
2785 4995 2962 5061 Pater,
2993 4999 3048 5051 ut
3083 4997 3263 5056 dicere
3306 5002 3598 5061 audeamus

2017 5085 2158 5156 quod
2199 5102 2228 5140 a
2264 5086 2419 5141 Patre
2447 5087 2661 5156 quidem
2692 5100 2801 5142 non
2837 5087 2925 5151 sit,
2954 5087 3019 5142 ad
3048 5088 3188 5159 quod
3219 5105 3317 5147 nos
3344 5099 3596 5166 concupin‘

2020 5178 2222 5233 scentia
2248 5178 2425 5232 carnis
2453 5177 2633 5243 trahit,
2658 5177 2753 5233 sed
2782 5192 2812 5233 a
2851 5178 3007 5235 Patre
3029 5177 3098 5232 sit
3122 5178 3234 5250 ipsa
3259 5196 3379 5253 qum
3406 5185 3595 5250 trahit;

2019 5268 2101 5323 vel
2151 5267 2345 5322 malum
2387 5266 2458 5322 sit
2506 5266 2571 5321 ad
2615 5266 2756 5337 quod
2808 5267 2988 5333 trahit,
3034 5277 3089 5326 et
3132 5270 3328 5327 malum
3376 5288 3485 5329 non
3530 5276 3600 5330 sit

2083 5464 2103 5533 ξ
2131 5463 2207 5533 sic
2418 5469 2524 5533 atas.
2548 5462 2667 5533 ιμιιιι
2706 5474 2842 5525 vero,
2878 5471 2971 5516 non
3008 5462 3281 5530 impudente
3313 5464 3603 5532 ignorauit}

2018 5523 2103 5589 sed
2124 5522 2401 5589 intpudente
2410 5522 2618 5587 fallacia.

2085 5588 2106 5659 ξ
2139 5583 2296 5659 ξίφη
2319 5583 2451 5659 me
2478 5592 2624 5659 νῖεξιμε
2640 5585 2797 5659 φάει
2814 5593 2963 5659 Porta
2987 5586 3087 5659 me}
3282 5634 3283 5637 ~
3312 5626 3315 5629 η

2086 5647 2107 5679 ³
2135 5645 2288 5704 Editi,
2334 5645 2748 5709 concupiscentite.
2806 5645 3011 5699 Omnes
3038 5656 3144 5698 uss.
3163 5683 3178 5708 ,
3226 5645 3597 5709 mamiscente.

2084 5709 2111 5779 ﬁ
2139 5707 2435 5779 tignicrius,
2477 5705 2655 5779 Spiritu
2700 5711 3100 5773 sattcto._,thest,
3148 5705 3393 5775 iam“:
3435 5705 3606 5755 manu-

2023 5777 2133 5832 scril
2151 5777 2230 5819 ιιι.
2520 5777 2524 5781 “
