4124 6504
556 311 686 367 1391

549 429 661 497 ipsa
703 435 822 493 qua)
874 417 1057 474 trahit.
1095 417 1279 481 Porro,
1326 415 1374 473 si
1420 431 1537 471 eam
1566 415 1761 471 malum
1790 426 1910 469 esse
1937 412 2130 467 veritas

546 517 772 577 clamat;
805 509 1043 582 profecto
1072 524 1188 563 eam
1217 508 1305 578 qui
1336 508 1453 563 sine
1490 506 1599 561 ullo
1643 505 1784 560 malo
1819 512 1979 559 natus
2024 511 2127 564 est,

548 622 662 662 non
701 603 949 666 habebat,
979 614 1041 655 ac
1070 615 1163 669 per
1193 598 1315 662 hoc,
1342 605 1619 668 peccatum
1661 597 1798 651 sicut
1835 610 1941 651 non
1983 592 2123 656 fecit,

548 699 621 752 ita
668 709 768 751 nec
803 693 1123 762 concupivit.
1165 689 1274 746 Nos
1318 689 1499 760 itaque
1537 689 1807 744 imitamur
1834 701 1977 752 eum,
2006 700 2126 740 cum

550 795 829 859 peccatum
857 792 961 839 neu
993 782 1237 849 facimus,
1268 794 1374 835 non
1412 778 1615 849 peccati
1643 774 2127 846 concupiscentiam

551 894 659 936 non
706 875 967 940 habendo,
996 873 1088 929 sed
1122 889 1227 928 non
1256 872 1303 928 ei
1334 868 1719 926 consentiendo
1750 866 2029 938 :qnamvis
2059 866 2129 919 ita

549 968 822 1024 imitemur
855 966 1001 1020 illum
1028 965 1280 1019 Sanctum
1308 971 1645 1027 sanctorum,
1684 974 1806 1014 cum
1841 958 1977 1013 bene
2004 956 2132 1010 vivi-

553 1075 695 1124 mus,
721 1067 778 1113 ut
816 1065 991 1111 tamen
1033 1070 1140 1109 non
1187 1053 1328 1109 desit
1356 1051 1494 1107 unde
1519 1051 1756 1107 dicamus
1795 1049 1848 1103 in
1891 1047 2134 1103 oratione

549 1158 757 1212 nostra,
787 1146 996 1201 Dimitte
1038 1146 1178 1199 nobis
1211 1143 1376 1198 debita
1403 1152 1576 1197 nostra
1634 1141 1652 1212 (
1676 1140 1864 1194 Matth.
1896 1155 1973 1206 vt,
1997 1135 2131 1210 12

551 1241 668 1313 Ego
693 1247 869 1295 autem
899 1252 1008 1293 non
1047 1237 1125 1293 sic
1167 1235 1376 1290 laudavi
1420 1234 1834 1304 Hieronymum,
1866 1229 2135 1302 quomodo

552 1330 801 1401 Pelagius
849 1327 1082 1383 laudavit
1135 1326 1498 1390 Ambrosium,
1530 1322 1671 1396 quod
1717 1322 1837 1392 ejus
1883 1320 2041 1376 fidem
2079 1326 2134 1375 et

553 1423 892 1493 purissimum
916 1421 968 1476 in
994 1418 1282 1489 Scripturis
1312 1432 1530 1473 sensum
1556 1431 1623 1472 ne
1643 1415 1888 1476 inimicus
1916 1412 2130 1484 quidem

550 1529 714 1571 ausus
738 1524 820 1570 est
840 1511 1235 1583 reprehendere
1255 1496 1365 1580 (De.
1382 1509 1542 1581 gratia
1562 1506 1770 1573 Christi,
1794 1524 1883 1562 nn.
1906 1505 1997 1573 46,
2019 1505 2131 1577 47).

550 1607 631 1662 Ae
651 1621 747 1677 per
770 1606 872 1660 hoc
896 1603 939 1660 si
957 1602 1083 1674 quid
1109 1601 1240 1657 mihi
1261 1600 1527 1670 displicet,
1547 1597 1881 1669 reprehendo
1902 1598 1953 1653 in
1978 1596 2135 1652 amici

548 1696 763 1766 scriptis
790 1696 829 1761 ⁸,
864 1694 999 1751 sicut
1021 1693 1076 1749 in
1105 1693 1257 1748 meis.
1287 1690 1394 1748 Sed
1414 1690 1559 1747 aliud
1585 1699 1670 1746 est
1691 1689 1886 1746 alicubi
1916 1688 2137 1744 catholi-

550 1802 674 1842 cum
699 1800 903 1865 errare,
934 1784 1077 1840 aliud
1106 1783 1284 1856 magni
1305 1782 1509 1839 erroris
1527 1783 1689 1838 etiam
1732 1781 1980 1837 haeresim
2007 1795 2139 1835 eon-

544 1877 673 1935 dere
696 1878 780 1934 vel
806 1885 1007 1934 tenere.

618 1968 734 2026 XC.
763 1968 881 2026 Jun.
913 1967 1018 2025 Sed
1050 1966 1174 2022 hinc
1214 1967 1314 2023 ista
1349 1964 1622 2021 sufﬁciant
1651 1981 1665 2018 :
1690 1964 1967 2021 veniamus
1995 1976 2139 2025 nunc

549 2061 617 2118 ad
651 2060 804 2129 illud,
831 2061 884 2117 in
924 2075 1030 2131 quo
1056 2075 1182 2131 pars
1209 2060 1409 2130 negotii
1451 2073 1643 2129 magna
1681 2055 2138 2126 versatur;cujus

550 2153 786 2224 potentia
814 2152 1146 2208 examinatus
1174 2160 1227 2206 et
1259 2150 1599 2213 exanimatus
1626 2148 2034 2209 Maniehaorum
2061 2148 2142 2202 le-

550 2254 728 2317 gatus,
761 2253 870 2300 tam
918 2242 1094 2298 ﬁdelis
1138 2241 1507 2313 responsionis
1556 2240 1875 2296 documenta
1919 2237 2142 2309 protulit

554 2351 718 2407 quam
753 2334 1014 2406 elegantis
1056 2332 1274 2404 ingenii.
1307 2331 1440 2388 Nam
1484 2340 1767 2403 postquam
1807 2330 1950 2387 dicta
1994 2344 2137 2397 mea,

553 2442 675 2498 quae
698 2441 859 2497 supra
880 2426 1056 2497 posui,
1084 2425 1229 2480 nulla
1254 2439 1314 2481 re
1343 2439 1479 2479 nova
1510 2423 1898 2490 intercedente,
1912 2423 2144 2479 laudavit

555 2525 613 2573 et
642 2515 905 2587 probavit,
933 2514 1021 2569 ad’
1030 2529 1149 2570 eam
1184 2522 1387 2585 partem
1427 2530 1530 2585 qua
1574 2513 1865 2584 disputatio
1909 2529 1939 2569 a
1989 2515 2144 2570 nobis

558 2604 822 2675 promissa
849 2604 1219 2676 supplebatur,
1244 2604 1471 2660 accessit
1492 2622 1507 2660 :
1529 2612 1802 2675 quarrente
1823 2619 1909 2660 me
1924 2605 2140 2675 quippe,

559 2711 657 2766 per
683 2694 810 2765 quid
830 2695 930 2751 sub
954 2694 1169 2751 diabolo
1189 2703 1389 2761 essent,
1411 2708 1545 2765 quos
1571 2695 1712 2757 Deus
1730 2694 1887 2761 fecit;
1913 2694 1981 2749 ad
2001 2694 2143 2765 quod

559 2787 813 2860 respondi
834 2787 1001 2858 ipsius
1028 2787 1267 2855 nomine,
1299 2785 1401 2841 Per
1431 2795 1708 2859 peceatum,
1734 2804 1835 2841 non
1884 2804 1972 2856 per
1998 2796 2146 2841 natu-

560 2897 673 2937 ram
695 2896 716 2936 :
744 2888 801 2936 et
822 2878 980 2936 retuli
1007 2879 1076 2937 de
1098 2894 1239 2946 meo,
1269 2878 1394 2945 Sed,
1416 2881 1545 2935 sicut
1567 2879 1677 2949 ipse
1690 2880 1870 2936 annuis
1894 2890 1935 2946 ⁸,
1963 2889 2019 2935 ιιι
2043 2897 2144 2935 non

560 2979 722 3043 potest
743 2987 850 3026 esse
866 2971 976 3027 sine
998 2970 1198 3026 sexibus
1223 2974 1383 3039 fetus,
1402 2970 1473 3024 ita
1499 2986 1589 3025 nec
1608 2970 1717 3026 sine
1741 2971 1992 3027 uoluntate
2011 2971 2144 3026 deli-

557 3072 713 3119 ctum.
749 3061 949 3117 Habent
979 3061 1137 3133 igitur
1162 3070 1382 3131 tempore
1408 3069 1675 3132 conceptus
1701 3061 1798 3127 sui,
1833 3062 2032 3131 parvuli
2059 3077 2147 3116 oo-

558 3154 832 3220 ltmtatem,
858 3152 947 3224 qui
983 3151 1151 3207 adimo
1194 3152 1416 3206 animam
1452 3168 1553 3209 non
1594 3151 1810 3217 habent;
1847 3160 1935 3206 aut
1963 3152 2146 3208 habent

559 3254 784 3316 tenipore
798 3251 999 3300 exortus
1025 3242 1106 3297 sui
1112 3285 1124 3304 ,
1143 3242 1230 3314 qui
1241 3242 1408 3296 adhuc
1422 3242 1634 3297 rationis
1649 3259 1795 3298 usum
1822 3259 1923 3298 non
1942 3242 2143 3308 habent.

558 3332 693 3392 Cum
717 3334 783 3390 ad
815 3334 953 3389 hunc
982 3333 1145 3405 igitur
1164 3334 1403 3388 venisset
1429 3332 1627 3398 locum,
1647 3332 1750 3389 hoc
1776 3333 1948 3390 solum
1964 3334 2032 3392 de
2052 3350 2149 3389 no-

559 3426 688 3483 stris
715 3424 994 3497 prOposuit
1031 3422 1277 3494 objectis,
1304 3422 1358 3478 id
1384 3430 1486 3491 est,
1513 3422 1620 3478 Sed
1644 3432 1702 3477 ut
1735 3440 1837 3479 non
1865 3433 2023 3494 potest
2042 3442 2149 3483 esse

559 3519 670 3574 sine
692 3518 893 3573 senibus
917 3521 1069 3589 fetus,
1096 3514 1168 3570 ita
1194 3531 1283 3570 nec
1318 3514 1428 3570 sine
1464 3515 1718 3569 voluntate
1753 3514 1991 3571 delictum
2014 3533 2035 3571 :
2058 3533 2149 3574 re-

561 3610 902 3682 sponditque,
931 3607 1017 3663 Ita
1049 3624 1182 3673 vero,
1211 3607 1282 3661 ita
1308 3615 1381 3661 est
1402 3622 1422 3661 :
1446 3606 1518 3661 sic
1544 3607 1675 3663 enim
1718 3625 1737 3659 ι
1766 3624 1855 3678 per
1876 3624 2033 3662 unum
2056 3609 2150 3663 lio-

562 3704 748 3758 nu'nem
774 3710 1034 3772 peccatum
1057 3699 1260 3755 intravit
1297 3698 1352 3753 in
1381 3697 1647 3766 ntnndum,
1678 3706 1723 3753 et
1758 3714 1847 3769 per
1888 3707 2149 3769 percolunt

562 3813 699 3852 mors
714 3812 733 3861 ;
757 3804 804 3849 et
823 3795 895 3848 ita
922 3794 975 3847 in
998 3808 1168 3847 omnes
1188 3791 1413 3845 homines
1443 3790 1751 3860 pertransiit,
1780 3791 1833 3844 in
1861 3806 1958 3862 quo
1976 3806 2150 3847 omnes

563 3890 890 3959 peccaverunt
912 3901 933 3936 ι
959 3880 1136 3953 (Rom.
1160 3895 1218 3947 v,
1249 3878 1362 3950 12).
1398 3877 1497 3933 Per
1519 3879 1669 3933 unius
1687 3878 1823 3933 illius
1847 3880 2152 3935 voluntatem

566 3976 759 4030 nudam
784 3987 957 4028 omnes
975 3971 1028 4024 in
1052 3987 1108 4025 eo
1135 3977 1484 4040 peccaverunt,
1512 3968 1713 4039 quando
1728 3984 1899 4025 omnes
1918 3970 2005 4024 ille
2019 3986 2148 4025 unus

558 4071 794 4140 fuerunt,
838 4066 902 4122 de
944 4081 1043 4137 quo
1068 4074 1331 4136 prapterea
1371 4064 1559 4136 singuli
1604 4075 1862 4135 peccatum
1904 4064 2150 4137 originale

569 4170 828 4217 uexerunt
853 4159 957 4232 (De
975 4156 1192 4230 Nuptiis
1216 4142 1263 4213 et
1289 4157 1705 4228 Concupisceutiu
1725 4197 1740 4221 ,
1762 4156 1850 4213 lib.
1868 4156 1924 4226 2,
1952 4175 2006 4216 η.
2031 4156 2145 4229 15).

569 4252 849 4310 Lectorem
876 4250 1033 4322 igitur
1056 4249 1331 4314 adhortor,
1364 4256 1422 4304 ut
1449 4247 1758 4304 conﬂictum
1788 4256 2027 4305 nostrum
2063 4248 2148 4302 vi-

569 4345 796 4415 gilanter
823 4342 1089 4413 inspiciat.
1123 4339 1258 4409 Quid
1296 4340 1391 4395 tibi
1421 4337 1640 4410 profuit,
1670 4339 2030 4396 eruditissime
2065 4337 2147 4393 bi-

568 4433 789 4505 pedum,
816 4446 990 4487 meam
1014 4445 1122 4486 non
1160 4430 1409 4501 supplere
1441 4430 1789 4511 sententiain;
1818 4444 1940 4485 cum
1971 4429 2070 4485 etsi
2093 4429 2146 4485 in

571 4541 634 4583 ea
657 4536 826 4597 parte,
853 4539 1011 4596 quam
1032 4523 1373 4594 suppressisli
1395 4522 1590 4594 prioris
1614 4522 1741 4578 dicti
1769 4521 2029 4593 expositio
2065 4530 2145 4578 tc-

571 4627 810 4684 ncretur,
840 4625 1017 4693 tamen
1054 4615 1214 4672 etiam
1242 4614 1293 4670 in
1333 4614 1442 4680 illo,
1475 4612 1616 4685 quod
1643 4613 1736 4668 tibi
1766 4612 2025 4682 objecisti,
2066 4612 2147 4667 vis

569 4724 721 4781 teque
746 4717 856 4763 tota
886 4706 1171 4763 consistat?
1190 4698 1446 4776 Proposui
1471 4705 1667 4777 quippe
1694 4703 1942 4772 fideliter,
1970 4713 2029 4761 ut
2056 4713 2146 4761 tua

565 4813 777 4874 quoque
799 4798 1155 4856 manifestavit
1179 4798 1201 4831 ³
1221 4798 1479 4866 assensio,
1495 4798 1635 4869 quod
1656 4813 1687 4853 a
1710 4806 1761 4853 te
1774 4797 1914 4854 solet
1934 4796 2142 4864 referri,

567 4901 622 4948 ct
656 4892 988 4963 interrogans
1024 4905 1120 4961 per
1157 4888 1282 4961 quid
1320 4889 1422 4945 sub
1460 4888 1672 4946 diabolo
1711 4897 1891 4944 essent
1920 4887 2143 4958 parvuli,

570 4996 704 5052 quos
726 4980 936 5036 fecisset
954 4980 1113 5048 Deus,
1141 4978 1388 5050 respondi
1410 4979 1525 5035 vice
1541 4986 1648 5046 tua,
1676 4996 1697 5032 ι
1719 4977 1821 5033 Ρει·
1842 4986 2142 5049 peccatum,

572 5088 676 5128 non
708 5087 803 5142 per
830 5081 1091 5128 naturam.
1130 5090 1151 5125 ι
1190 5070 1370 5137 Certe,
1395 5070 1545 5127 vides
1572 5086 1657 5125 mc
1683 5070 1808 5125 hinc
1836 5069 2037 5124 nullam
2063 5066 2142 5122 l‘e-

569 5163 705 5218 cisse
730 5160 983 5219 l‘raudcm.
1018 5162 1133 5218 Dixi
1167 5160 1309 5232 quod
1338 5161 1390 5216 in
1417 5176 1511 5216 ore
1534 5158 1850 5214 Traduciani
1881 5167 1994 5222 est,
2025 5157 2147 5212 licet

570 5249 675 5305 boc
712 5264 818 5305 non
857 5250 928 5306 sit
962 5252 1016 5307 in
1040 5250 1309 5322 dogmate.
1338 5250 1420 5306 Ad
1447 5248 1590 5320 quod
1615 5247 1794 5312 retuli,
1826 5246 1932 5302 Sed
1959 5255 2015 5300 ut
2042 5263 2144 5302 non

573 5347 732 5405 potest
755 5354 860 5395 esse
881 5340 989 5397 sine
1011 5339 1215 5396 senibus
1254 5341 1402 5409 fetus,
1424 5339 1499 5392 ita
1526 5353 1625 5421 nee
1643 5336 1752 5392 sine
1775 5334 2029 5390 voluntate
2051 5337 2142 5390 de-

570 5426 758 5485 lictum.
784 5429 863 5487 'l'u
903 5430 1004 5487 hoc
1039 5426 1337 5500 impudenti
1374 5425 1563 5483 fraude
1606 5424 1779 5481 iecisti
1820 5424 2092 5482 dividuum
2127 5445 2141 5481 :

1225 302 1471 360 OPERIS
1512 299 1920 357 IMPERFECTI
1959 297 2233 355 CONTRA
2272 296 2628 365 JULIANUM,
2670 298 2728 356 S.
2769 299 3137 359 AUGUSTINI

3682 303 3808 360 i399

2242 425 2363 466 nam
2393 425 2818 468 commemorans
2842 412 2982 483 quod
3003 429 3100 470 nos
3126 412 3450 483 dixeramus,
3475 415 3598 485 quia
3626 425 3683 472 ut
3710 434 3809 475 non

2241 512 2383 557 esset
2410 503 2611 575 absque
2642 505 2856 561 sexibus
2876 505 3030 571 fetus,
3062 507 3133 562 ita
3159 522 3257 563 nec
3283 507 3399 563 sine
3426 510 3697 566 voluntate
3718 512 3806 568 dc-

2240 593 2452 660 lictum;
2486 594 2610 650 illud
2639 597 2780 667 quod
2808 597 3126 668 sequebatur
3160 598 3228 654 de
3267 599 3601 669 parvulorum
3626 601 3807 657 volun-

2242 694 2350 742 tate
2374 687 2602 752 tacuisti,
2644 697 2698 742 et
2734 688 3046 758 respondes,
3079 688 3163 744 Ita
3191 706 3325 756 vero,
3356 692 3427 747 ita
3451 702 3524 749 est
3545 709 3566 749 :
3586 694 3658 749 sic
3684 697 3812 752 enim

2248 797 2266 830 ι
2302 796 2391 850 per
2416 796 2573 834 unum
2604 779 2853 835 hominem
2880 792 3138 850 peccatum
3159 784 3364 839 intravit
3388 785 3441 838 in
3463 785 3750 842 mundum:
3780 804 3802 841 ι

2242 888 2332 940 per
2353 873 2501 927 unius
2525 873 2662 928 illius
2684 874 2990 929 voluntatem
3017 877 3203 930 malam
3229 894 3400 931 omnes
3425 878 3477 951 in
3499 895 3555 933 eo
3577 895 3806 948 peccare-

2240 972 2377 1017 runt.
2409 965 2637 1019 Haecine
2658 974 2740 1020 est
2768 967 3127 1036 reSpondere?
3146 966 3366 1023 hoccine
3391 968 3659 1037 disputare
3686 970 3807 1025 est?

2243 1052 2464 1110 hoccine
2505 1065 2775 1124 postremo
2809 1055 2893 1110 vcl
2924 1056 3227 1112 sobrietatis
3257 1057 3452 1114 habere
3477 1062 3809 1129 respectum?

2242 1143 2465 1201 Ridetur
2490 1155 2635 1202 certe
2663 1146 2730 1204 ab
2758 1147 2978 1203 eruditis
3006 1148 3268 1203 calliditas
3289 1148 3696 1219 sophismatum,
3723 1150 3806 1208 ubi

2244 1252 2340 1305 per
2360 1238 2787 1295 communionem
2814 1239 3084 1294 nominum
3108 1239 3428 1309 simplicitati
3448 1241 3807 1310 respondentis

2243 1326 2481 1382 illuditur
2512 1345 2525 1381 :
2555 1326 2647 1383 sed
2667 1327 2753 1382 illa
2784 1328 2896 1398 ipsa
2925 1328 3250 1399 sophismata
3276 1329 3403 1386 licet
3423 1346 3528 1387 non
3547 1333 3652 1387 sint
3678 1333 3809 1388 veri.
3836 1338 3849 1353 ’

2246 1424 2353 1477 tate
2389 1418 2579 1485 solida,
2606 1419 2806 1475 urbana
2837 1430 3011 1477 tamen
3040 1421 3322 1490 superﬁcie
3345 1422 3684 1491 colorantur;
3714 1424 3808 1481 hoc

2243 1519 2419 1566 autem
2441 1511 2581 1581 quod
2619 1521 2912 1568 monstrum
2958 1512 3334 1583 disputationis
3373 1522 3453 1571 est
3476 1556 3493 1581 ,
3532 1514 3676 1587 quod
3714 1531 3808 1573 nee

2243 1601 2469 1656 veritate
2496 1600 2726 1657 solidum
2751 1611 2867 1667 est;
2885 1618 2983 1659 nec
2999 1603 3325 1674 sopbismate
3352 1604 3659 1676 levigatum.
3695 1606 3807 1663 Dixi

2243 1702 2391 1748 certe
2419 1707 2525 1748 non
2548 1708 2703 1762 posse
2721 1709 2842 1751 esse
2866 1694 2982 1751 sine
3011 1695 3177 1753 libera
3204 1698 3474 1754 voluntate
3495 1708 3764 1770 peceatum
3790 1718 3805 1755 :

2243 1797 2353 1852 quo
2376 1796 2655 1849 concesso,
2683 1792 2917 1841 vestrum
2945 1785 3136 1857 dogma
3176 1789 3526 1857 consumitur,
3553 1790 3641 1860 qui
3665 1800 3810 1862 puta—

2245 1871 2314 1926 tis
2336 1872 2529 1928 essein
2557 1881 2743 1930 natura
2771 1873 3042 1931 hominum
3060 1877 3175 1932 sine
3195 1878 3298 1934 ulla
3322 1878 3591 1938 voluntate
3602 1896 3811 1938 reorum

2244 1960 2515 2016 delictum.

2317 2053 2453 2109 Anc.
2482 2053 2596 2124 Ego
2622 2054 2675 2110 id
2700 2056 2873 2115 solum
2897 2056 2965 2114 de
2979 2071 3145 2128 opere
3173 2058 3269 2115 illo
3291 2066 3385 2117 tuo
3402 2059 3654 2133 legeram,
3674 2063 3815 2135 quod

2245 2141 2483 2198 chartula
2508 2158 2628 2216 qua:
2656 2145 2787 2201 mihi
2806 2148 2966 2203 missa
2992 2157 3093 2213 est,
3112 2150 3435 2207 continebat.
3456 2150 3588 2209 Nam
3605 2162 3812 2223 postea-

2245 2250 2404 2307 quam
2427 2236 2595 2294 libros
2625 2245 2765 2305 tuos,
2789 2238 2856 2297 de
2896 2241 3090 2311 quibus
3130 2241 3258 2299 illud
3281 2244 3461 2301 nescio
3489 2245 3609 2316 quis
3634 2260 3813 2301 escere

2246 2327 2373 2398 psit,
2401 2327 2600 2394 inveni,
2634 2328 2701 2384 ad
2743 2339 2932 2385 cuncta
2961 2332 3232 2402 respondi.
3266 2333 3502 2391 Dicimus
3548 2345 3719 2392 autem
3760 2347 3815 2393 et

2247 2432 2346 2474 nos
2406 2433 2511 2473 non
2540 2433 2698 2488 posse
2724 2435 2845 2476 esse
2867 2421 2983 2477 sine
3008 2422 3174 2479 libera
3200 2424 3467 2482 voluntate
3505 2435 3812 2496 peccatum;

2246 2524 2348 2564 nec
2377 2508 2497 2564 ideo
2518 2518 2716 2579 tamen,
2736 2521 2794 2567 ut
2820 2512 2974 2581 dicis,
3007 2524 3247 2572 nostrum
3266 2516 3456 2588 dogma
3472 2520 3812 2582 consumitur.

2247 2617 2368 2658 cum
2398 2603 2688 2661 asserimus
2715 2619 2838 2662 esse
2877 2607 3135 2678 originale
3166 2618 3433 2678 peceatum
3464 2627 3479 2664 :
3505 2612 3625 2681 quia
3666 2620 3720 2668 et
3750 2611 3815 2667 ad

2249 2690 2351 2747 hoc
2381 2693 2398 2723 ¹
2426 2692 2629 2761 peccati
2664 2710 2833 2764 genus
2879 2711 2947 2751 ex
2996 2697 3162 2753 libera
3201 2698 3471 2756 voluntate
3510 2710 3815 2770 perventum

2249 2792 2350 2851 est,
2384 2799 2490 2840 non
2527 2786 2643 2856 ejus
2671 2789 2884 2859 propria
2913 2789 3002 2859 qui
3050 2790 3308 2858 nascitur,
3339 2790 3435 2847 sed
3472 2791 3587 2862 ejus
3619 2792 3674 2848 in
3712 2808 3817 2864 quo

2248 2889 2436 2933 omnes
2456 2875 2786 2947 originaliter
2810 2878 3030 2934 fuerunt
3051 2920 3066 2945 ,
3098 2879 3310 2951 quando
3350 2896 3681 2938 communem
3719 2898 3815 2938 na-

2252 2978 2421 3024 turam
2452 2970 2590 3025 mala
2617 2970 2891 3027 voluntate
2925 2971 3151 3027 vitiavit.
3189 2972 3304 3028 Non
3333 2973 3530 3029 habent
3553 2990 3678 3046 ergo
3702 2990 3817 3044 par-

2249 3062 2357 3117 vuli
2384 3071 2622 3131 tempore
2647 3072 2933 3133 conceptus
2954 3064 3036 3121 vel
3061 3071 3209 3120 ortus
3228 3065 3308 3121 sui
3328 3076 3352 3107 8
3365 3065 3614 3135 peccandi
3639 3056 3816 3123 volun-

2252 3160 2413 3208 tatem
2447 3150 2582 3208 :sed
2637 3152 2727 3208 ille
2778 3162 3017 3224 tempore
3069 3155 3518 3224 praevaricationis
3556 3170 3665 3213 suae
3703 3172 3816 3212 ma-

2250 3260 2413 3316 gnum
2458 3243 2586 3300 illud
2632 3253 2907 3314 peccatum
2959 3245 3124 3301 libera
3158 3245 3429 3303 voluntate
3469 3246 3749 3314 commisit,
3785 3261 3817 3301 a

2251 3351 2354 3408 qua
2382 3336 2656 3407 originalis
2680 3337 2884 3407 peccati
2924 3337 3226 3408 contagium
3261 3338 3340 3394 sic
3369 3337 3596 3393 humana
3634 3347 3819 3394 natura

2250 3427 2535 3495 contraxit,
2560 3434 2622 3482 ut
2648 3429 2926 3484 verissime
2951 3428 3153 3485 diceret
3186 3437 3402 3484 sanctus
3420 3471 3435 3497 ,
3463 3428 3529 3483 In
3548 3428 3819 3500 iniquitati-

2251 3518 2343 3573 bus
2368 3527 2637 3589 conceptus
2658 3535 2772 3573 sum
2799 3518 2819 3590 (
2846 3518 2989 3573 Psal.
3021 3534 3071 3583 ι..
3103 3518 3137 3573 7
3161 3519 3214 3588 );
3255 3526 3312 3574 et
3338 3519 3471 3574 alius
3492 3518 3666 3574 itidem
3693 3533 3817 3575 san-

2251 3616 2390 3675 ctus,
2414 3606 2541 3673 Quis
2559 3609 2688 3662 enim
2727 3609 2945 3662 rotundus
2974 3618 3048 3663 est
3069 3626 3102 3663 a
3127 3609 3318 3665 serite?
3345 3608 3457 3664 Nec
3485 3610 3653 3681 infans
3677 3614 3831 3679 cuius,

2252 3710 2325 3756 est
2348 3700 2502 3755 unius
2527 3700 2628 3755 diei
2638 3701 2737 3755 vita
2758 3717 2911 3770 super
2932 3710 3115 3755 terram
3135 3701 3254 3771 (Job
3278 3716 3391 3767 xnv,
3426 3701 3480 3766 4,
3510 3717 3608 3756 sec.
3630 3700 3817 3772 LXX).

2253 3791 2379 3847 llaec
2400 3790 2610 3861 eloquia
2636 3791 2878 3847 veritatis
2922 3791 3253 3848 snbsannant
3276 3793 3560 3847 vanitatem
3595 3792 3821 3864 loquaci-

2253 3885 2378 3941 tatis
2408 3892 2530 3939 tuac.

2322 3975 2460 4032 XCI.
2486 3975 2604 4032 Jun.
2634 3974 2747 4044 Qua
2767 3990 2893 4047 ergo
2919 3984 2974 4031 tu
3001 3976 3321 4047 impudentia
3343 3986 3397 4033 et
3415 3977 3673 4049 approbas
3699 3993 3822 4034 sen-

2253 4067 2472 4125 tentiam
2518 4082 2715 4134 meam,
2757 4077 2812 4122 et
2862 4075 3008 4121 tuum
3050 4066 3237 4136 dogma
3281 4082 3386 4122 non
3417 4066 3648 4134 deseris;
3698 4082 3823 4124 cum

2252 4157 2533 4218 sententia:
2579 4157 2853 4227 utriusque
2878 4156 3043 4227 partis
3091 4156 3161 4212 ita
3197 4156 3345 4213 nullo
3371 4157 3573 4228 possint
3620 4157 3822 4214 hedera

2253 4250 2513 4321 copulari,
2538 4258 2598 4305 ut
2625 4250 3016 4305 enuntiatorum
3044 4250 3283 4320 opposita
3312 4251 3509 4320 pariter
3528 4265 3629 4312 non
3660 4251 3822 4321 parti-

2252 4343 2433 4412 cipant
2459 4339 3017 4409 veritati?Quomodo
3065 4356 3192 4412 ergo
3237 4356 3338 4411 ego
3379 4340 3423 4395 si
3466 4340 3822 4395 consentirem

2252 4431 2496 4488 naturale
2522 4444 2643 4485 esse
2667 4440 2943 4501 peccatum
2970 4472 2986 4499 ,
3019 4446 3239 4485 necesse
3266 4439 3383 4486 erat
3426 4439 3482 4484 ut
3526 4429 3824 4486 deciderem

2252 4523 2321 4581 de
2345 4522 2467 4594 jure
2493 4523 2804 4591 sententiae,
2834 4537 2954 4593 quae
2983 4521 3302 4590 praescribit,
3339 4520 3439 4575 nisi
3471 4520 3522 4575 in
3553 4519 3824 4575 voluntate

2252 4614 2421 4671 libera
2468 4622 2742 4685 peccatum
2784 4629 2906 4670 esse
2949 4628 3052 4668 non
3100 4628 3300 4683 posse:
3331 4613 3400 4668 ita
3437 4621 3493 4668 tu
3533 4628 3564 4668 e
3610 4612 3827 4683 regione

2251 4706 2596 4763 consentiens
2618 4720 2703 4761 me
2728 4704 2865 4761 bene
2892 4704 3109 4769 dixisse,
3137 4705 3225 4774 qui
3255 4704 3586 4773 pronuntiavi
3623 4704 3822 4759 nullum

2253 4811 2373 4853 esse
2396 4797 2513 4852 sine
2539 4796 2810 4851 voluntate
2835 4801 3132 4865 peccatum,
3160 4793 3383 4863 rejicere
3406 4794 3582 4850 statim
3598 4793 3826 4849 debuisti

2252 4889 2397 4945 illam
2424 4889 2758 4959 opinionem,
2788 4902 2888 4958 qua
2919 4895 3192 4957 peccatum
3214 4886 3452 4941 naturale
3478 4884 3754 4942 credebas.

2323 4982 2456 5037 AUG.
2483 4978 2639 5035 Aliud
2667 4987 2752 5034 est
2779 4979 2896 5033 sine
2923 4978 3197 5032 voluntate
3225 4976 3389 5032 libera
3412 4985 3682 5046 peccatum
3701 4988 3824 5031 esse

2254 5088 2361 5128 non
2383 5086 2561 5143 posse,
2589 5071 2731 5143 quod
2765 5081 2818 5127 et
2856 5085 2952 5126 nos
2982 5069 3206 5125 dicimus
3226 5110 3241 5135 ,
3278 5067 3398 5147 quia
3440 5082 3541 5123 nec
3569 5064 3825 5138 originale

2251 5180 2370 5222 esse
2396 5164 2657 5235 potuisset
2699 5162 2817 5219 sine
2862 5162 3018 5233 primi
3047 5159 3279 5216 hominis
3322 5158 3490 5214 libera
3519 5157 3821 5219 voluntate;

2252 5266 2307 5313 et
2324 5254 2467 5312 aliud
2496 5264 2598 5322 est,
2628 5253 2897 5325 quomodo
2926 5253 3038 5324 ipse
3056 5251 3256 5319 dixisti,
3283 5250 3384 5305 nisi
3406 5250 3458 5306 in
3482 5250 3734 5305 voluntate
3760 5248 3822 5302 ιξσ

2252 5351 2368 5403 beru
2392 5356 2650 5420 peceatum
2675 5362 2783 5401 esse
2804 5361 2905 5401 non
2942 5360 3106 5416 posse,
3146 5341 3287 5415 quod
3318 5357 3425 5398 non
3462 5339 3821 5397 concedimus.

2249 5438 2517 5510 Originale
2541 5451 2768 5509 namque
2794 5446 3072 5508 peccatum
3093 5450 3200 5492 non
3237 5444 3317 5492 est
3342 5434 3395 5490 in
3415 5431 3683 5494 voluntate
3715 5442 3825 5486 na-

3734 5603 3748 5632 ι

2310 5665 2336 5760 1
2362 5663 2807 5790 suam:
2825 5661 3043 5776 {ﬁt}...

2514 5936 2541 5953 κ
