4124 6516
334 618 579 679 scentis:
610 612 707 672 sed
728 625 901 683 neque
927 609 983 665 in
1010 606 1121 678 ipsa
1148 612 1230 660 est
1260 602 1531 657 voluntate
1553 598 1710 670 primi
1734 596 1907 654 homi.

336 713 442 780 nis,
454 707 698 781 quamvis
718 705 837 762 sine
860 703 976 774 ipsa
991 714 1112 757 esse
1140 711 1245 753 non
1262 703 1463 766 posset.
1485 691 1647 750 Aliud
1664 699 1908 781 estergo,

333 802 452 859 Non
476 780 655 870 potest
692 809 812 852 esse
855 793 973 848 sine
1013 790 1288 846 voluntate
1333 795 1642 856 peccatum;
1671 790 1726 838 et
1768 780 1912 836 aliud

334 902 440 957 est,
468 891 586 948 Non
611 896 788 961 potest
806 899 926 943 esse
961 883 1063 940 nisi
1090 881 1142 937 in
1172 880 1441 935 voluntate
1465 884 1759 946 peccatum.
1802 870 1914 927 Ne-

332 998 443 1054 que
468 981 636 1048 enim,
669 979 715 1035 si
736 984 884 1034 recte
896 974 1144 1040 dicimus,
1167 971 1294 1028 Sine
1318 975 1577 1037 conceptu
1598 974 1781 1039 partus
1806 979 1914 1019 non

333 1083 516 1149 potest
539 1087 688 1138 esse;
720 1070 840 1127 ideo
860 1069 1020 1125 etiam
1040 1073 1185 1121 recte
1209 1062 1423 1129 dicitur,
1450 1059 1559 1115 Nisi
1579 1059 1631 1113 in
1652 1064 1914 1127 conceptu

337 1177 521 1241 partus
544 1181 649 1223 non
677 1170 855 1235 potest
876 1175 1020 1217 esse.
1048 1157 1154 1214 Sed
1188 1156 1291 1211 hoc
1316 1155 1387 1209 ita
1415 1161 1496 1209 est
1522 1151 1790 1207 diversum
1813 1188 1831 1215 ,
1859 1155 1917 1202 ut

338 1275 515 1330 neque
544 1258 599 1312 in
620 1264 885 1325 conceptu
908 1259 1112 1323 partus,
1142 1262 1315 1318 neque
1344 1247 1395 1300 in
1422 1252 1576 1315 partu
1604 1242 1774 1315 possit
1797 1254 1918 1296 esse

337 1359 648 1421 conceptus.
693 1348 974 1403 Peccatum
1009 1355 1138 1398 vero
1175 1341 1229 1395 in
1260 1339 1533 1393 voluntate
1570 1343 1750 1405 potest
1774 1346 1923 1398 esse,

337 1424 480 1498 sicut
507 1439 605 1495 fuit
632 1437 789 1509 primi
817 1433 1082 1497 hominis;
1114 1436 1296 1502 potest
1317 1427 1479 1483 etiam
1507 1441 1614 1480 non
1653 1424 1705 1478 in
1730 1422 1920 1477 volun-

340 1540 487 1595 tate,
536 1528 677 1585 sicut
717 1524 978 1596 originale
1028 1521 1410 1591 cujuscumque
1456 1514 1726 1571 nascentis
1777 1511 1918 1581 quod

339 1619 666 1675 omninoest
689 1617 743 1671 in
772 1612 1045 1670 voluntate
1072 1609 1302 1672 nullius;
1329 1606 1423 1663 sed
1447 1621 1555 1661 non
1584 1605 1701 1659 sine
1728 1602 1920 1658 volun-

343 1720 453 1767 tate
475 1710 632 1780 primi
649 1708 813 1764 illius.
830 1706 924 1762 Ille
939 1717 1150 1776 quoque
1169 1704 1386 1757 sanetus
1413 1698 1502 1769 qui
1526 1696 1661 1752 dixit
1688 1695 1818 1760 Deo,
1834 1692 1923 1748 Si-

339 1801 511 1873 gnasti
528 1807 731 1870 peccata
749 1814 861 1853 mea
882 1798 934 1850 in
949 1794 1175 1860 sacculo,
1192 1801 1239 1848 et
1262 1789 1516 1845 adnotasti
1534 1788 1580 1843 si
1602 1786 1724 1857 quid
1742 1786 1924 1840 invitus

346 1890 530 1946 adntisi
548 1888 922 1959 (Job.xrv,l7);
936 1901 1041 1941 non
1064 1886 1240 1955 utique
1257 1881 1439 1937 habuit
1455 1881 1507 1935 in
1525 1880 1797 1934 voluntate
1810 1890 1926 1947 pec-

341 1989 544 2047 catum,
562 1980 702 2051 quod
721 1978 988 2035 commisit
1011 1976 1225 2031 invitus.
1244 1973 1380 2042 Quid
1408 1972 1496 2027 ille
1521 1970 1611 2041 qui
1630 1969 1777 2032 dicit,
1803 1965 1925 2023 Non

340 2071 480 2142 quod
494 2071 625 2134 volo,
644 2069 777 2141 facio
792 2070 996 2130 bonum;
1014 2080 1241 2135 moxque
1253 2059 1643 2133 subjungit,sed
1659 2057 1795 2127 quod
1809 2056 1927 2112 nolo

343 2161 555 2227 malunt,
582 2160 676 2214 hoc
694 2176 790 2231 ago
820 2157 999 2229 (Rom.
1025 2172 1121 2223 vn,
1151 2153 1279 2225 I5)?
1313 2150 1639 2222 numquidin
1656 2148 1927 2204 voluntate

341 2252 602 2309 dicendus
614 2261 696 2308 est
710 2250 906 2307 habere
922 2255 1216 2320 peccatum,
1236 2242 1529 2300 secundum
1548 2254 1645 2296 vos
1657 2239 1820 2310 ipsos,
1837 2238 1928 2307 qui

343 2358 469 2398 eum
487 2342 646 2398 vultis
662 2340 881 2412 intelligi
896 2341 947 2395 vi
964 2335 1364 2396 consuetudinis
1373 2333 1492 2406 cogi
1508 2345 1729 2403 peccare
1740 2329 1928 2386 nolen-

347 2441 455 2487 tem
470 2432 495 2484 Y
523 2431 715 2488 Desine
741 2430 899 2502 igitur
929 2428 997 2485 de
1021 2427 1291 2483 vicinitate
1310 2423 1622 2493 subrepere,
1647 2429 1703 2477 et
1729 2418 1931 2476 sensim

349 2520 572 2576 limitem
599 2520 914 2592 transgredi,
937 2527 998 2575 ut
1018 2518 1271 2589 quoniam
1285 2514 1511 2571 dicimus
1528 2512 1644 2569 sine
1659 2511 1932 2567 voluntate

350 2612 547 2679 libera,
579 2621 635 2668 tu
669 2627 768 2669 nos
797 2612 978 2668 dicere
1017 2609 1277 2676 affirmes,
1324 2606 1427 2661 nisi
1470 2606 1522 2660 in
1570 2604 1840 2660 voluntate
1868 2602 1933 2657 li-

349 2701 500 2768 bera,
533 2689 651 2758 esse
694 2717 800 2757 non
841 2715 1003 2772 posse
1028 2706 1301 2769 peccatum
1332 2712 1346 2748 :
1378 2702 1628 2765 tanquam
1653 2694 1698 2748 si
1728 2693 1934 2748 dicere-

349 2807 494 2859 mus,
520 2792 638 2848 sine
681 2792 801 2862 igne
830 2791 1092 2846 carbones
1130 2802 1251 2844 esse
1290 2802 1398 2842 non
1428 2800 1614 2855 posse;
1649 2793 1704 2839 et
1752 2793 1805 2837 tu
1835 2795 1934 2836 nos

350 2883 649 2939 affrrmares
694 2884 895 2947 dicere,
942 2880 1044 2934 nisi
1087 2880 1142 2934 in
1194 2879 1314 2947 igne
1359 2875 1619 2931 carbones
1660 2889 1781 2930 esse
1828 2888 1934 2927 non

351 2987 534 3044 posse.
564 2972 690 3025 Ihec
718 2971 762 3025 si
792 2968 1093 3034 nesciebas,
1120 2964 1379 3021 confitere
1406 2972 1458 3018 te
1489 2978 1598 3017 non
1636 2961 1803 3015 fuisse
1848 2961 1935 3015 ἰηι-

355 3065 687 3133 telligentem
709 3060 1092 3130 disputatorem
1125 3057 1208 3112 :si
1232 3066 1410 3110 autem
1449 3053 1675 3117 sciebas,
1708 3066 1814 3106 non
1855 3051 1939 3105 in-

354 3155 683 3226 telligentem
710 3166 958 3223 sperasse
983 3149 1285 3206 habiturum
1312 3155 1364 3202 te
1384 3158 1506 3201 esse
1520 3145 1794 3200 lectorem.

425 3241 585 3298 XCII.
612 3243 733 3300 Jun.
754 3240 1016 3312 Quidquid
1032 3239 1174 3296 enim
1200 3235 1439 3292 naturale
1452 3242 1557 3299 est,
1579 3230 1935 3289 voluntarium

352 3349 466 3393 non
491 3348 611 3391 esse
638 3333 977 3388 manifestum
1002 3338 1106 3387 est.

426 3426 566 3481 Anc.
605 3423 658 3479 Si
674 3421 927 3494 quidquid
942 3429 1028 3477 est
1048 3418 1304 3483 naturale,
1320 3414 1675 3473 voluntarium
1697 3427 1800 3468 non
1816 3426 1938 3468 esse

353 3514 695 3570 manifestum
721 3520 837 3578 est;
877 3526 982 3567 non
1023 3518 1105 3565 est
1133 3522 1261 3579 ergo
1286 3506 1557 3573 naturale,
1584 3503 1725 3575 quod
1765 3502 1895 3560 salvi
1918 3541 1936 3569 ,

350 3602 499 3674 quod
529 3602 666 3657 beati
703 3616 824 3657 esse
851 3600 1116 3656 volumus.
1154 3596 1307 3666 Quod
1351 3596 1530 3652 dicere
1554 3592 1675 3666 quis
1715 3592 1937 3659 audeat,

356 3694 460 3750 nisi
489 3702 547 3749 tu
570 3693 594 3747 ?
617 3701 707 3747 aut
733 3690 1062 3757 admonitus,
1090 3689 1314 3745 fortasse
1340 3702 1439 3744 nec
1458 3696 1534 3742 ιιι.

433 3783 615 3840 XCIII.
639 3782 759 3840 Jun.
786 3783 843 3838 Si
859 3796 986 3853 ergo
1012 3787 1096 3836 est
1119 3777 1358 3833 naturale
1388 3782 1662 3847 peccatum
1682 3814 1698 3841 ,
1725 3787 1830 3829 non
1856 3782 1942 3829 est

357 3876 755 3933 voluntarium:
786 3874 831 3929 si
859 3882 944 3930 est
966 3869 1353 3936 voluntarium,
1384 3882 1490 3924 non
1519 3874 1602 3922 est
1624 3864 1937 3936 ingenitum.

360 3965 485 4024 Ista
509 3968 630 4024 duae
655 3964 990 4022 definitiones
1014 3971 1120 4017 tam
1161 3959 1442 4016 contraria:
1474 3957 1575 4012 sibi
1599 3964 1753 4023 sunt,
1781 3969 1938 4024 quam

360 4054 685 4114 contrarium
715 4064 797 4111 est
825 4053 1112 4117 necessitas
1131 4060 1185 4107 et
1198 4050 1464 4115 voluntas,
1490 4061 1711 4117 quarum
1739 4044 1940 4100 contir-

362 4150 528 4207 matio
552 4165 615 4203 ex
646 4156 827 4203 mutua
854 4144 1130 4217 negatione
1158 4149 1457 4213 generatur.
1488 4137 1620 4193 Nam
1647 4136 1785 4192 sicut
1809 4133 1941 4190 nihil

358 4239 600 4298 estaliud
628 4239 1013 4301 voluntarium,
1039 4250 1196 4307 quam
1220 4249 1327 4289 non
1375 4239 1651 4296 eoactum;
1696 4228 1768 4284 ita
1810 4226 1943 4282 nihil

359 4339 448 4388 cst
468 4330 608 4385 aliud
634 4338 873 4386 coactum
889 4369 904 4393 ,
921 4341 1079 4398 quam
1101 4340 1206 4380 non
1230 4321 1605 4377 voluntarium.
1626 4318 1793 4375 Simul
1815 4332 1942 4388 ergo

363 4431 612 4487 exstare,
639 4429 693 4476 et
716 4419 860 4475 velut
885 4417 1085 4483 vivere,
1123 4414 1229 4470 duo
1257 4413 1358 4468 ista
1400 4426 1506 4466 non
1537 4416 1791 4481 possunt;
1819 4407 1942 4478 quia

362 4511 487 4567 talis
509 4525 694 4567 eorum
719 4518 906 4565 natura
932 4516 1033 4573 est,
1058 4515 1115 4561 ut
1142 4514 1266 4560 tunc
1289 4501 1435 4558 aliud
1465 4501 1628 4568 vivat,
1649 4515 1770 4555 cum
1795 4492 1951 4554 aliud

360 4601 732 4671 exstinguitur.

435 4693 567 4747 Anc.
607 4688 744 4746 Cur‘
777 4703 885 4745 non
912 4685 1141 4742 attendis
1188 4699 1309 4740 esse
1346 4690 1620 4754 peccatum
1646 4679 1806 4735 etiam
1836 4693 1944 4734 non

367 4777 756 4846 voluntarium,
783 4786 928 4834 certe
955 4778 1007 4832 in
1038 4776 1130 4831 illo
1156 4773 1246 4845 qui
1271 4772 1413 4836 dicit,
1435 4784 1766 4842 quacumque
1784 4783 1943 4823 causa

368 4866 471 4925 hoc
495 4868 671 4938 dicat,
701 4867 764 4925 Si
790 4880 956 4921 autem
978 4865 1111 4936 quod
1137 4864 1253 4918 nolo
1274 4879 1386 4934 ego,
1413 4861 1507 4915 hoc
1534 4860 1701 4932 facio;
1712 4859 1829 4930 jam
1843 4874 1945 4913 non
2000 4898 2013 4908 .

367 4978 459 5033 ego
488 4977 667 5032 aperor
689 4959 838 5025 illud,
854 4959 941 5013 sed
960 4959 1093 5029 quod
1113 4956 1301 5010 habitat
1325 4955 1377 5009 in
1403 4970 1482 5008 me
1493 4962 1749 5023 peccatum
1766 4949 1942 5022 (Rom.

368 5067 459 5117 vn,
498 5047 583 5124 I9)
616 5048 773 5106 ?Cur
799 5066 904 5124 non
932 5047 1161 5104 attendis
1199 5062 1318 5101 esse
1353 5046 1510 5101 etiam
1540 5043 1907 5099 necessitatem
1926 5082 1943 5108 ,

367 5156 471 5211 qua
488 5122 709 5197 necesse
729 5150 814 5196 est
832 5122 1058 5196 velimus
1084 5139 1236 5194 beate
1252 5138 1460 5201 vivere;
1490 5142 1545 5190 et
1562 5133 1756 5189 clausis
1779 5132 1947 5188 oculis

370 5232 447 5286 sic
468 5230 620 5285 alteri
648 5230 868 5287 alteram
895 5229 1171 5300 opponis”,
1198 5226 1348 5298 quasi
1378 5225 1620 5297 voluntas
1651 5221 1946 5279 necessita-

372 5319 441 5376 tis
458 5362 474 5385 ,
499 5329 591 5375 aut
618 5321 910 5377 necessitas
933 5318 1219 5376 voluntatis
1247 5333 1366 5374 esse
1394 5332 1500 5373 non
1526 5314 1737 5387 possit?

441 5410 623 5468 XCIV.
652 5413 773 5469 Jun.
811 5411 946 5468 Cum
986 5426 1112 5482 ergo
1150 5411 1252 5467 hoc
1300 5410 1371 5465 ita
1424 5409 1796 5467 inconcussum
1843 5406 1947 5472 sit,

371 5512 429 5556 ut
474 5503 618 5558 nulla
655 5511 814 5573 queat
861 5501 1314 5573 argumentatione
1363 5499 1587 5555 convelli
1638 5516 1653 5553 :
1713 5506 1769 5553 tu
1815 5496 1951 5568 elige

373 5602 552 5648 utrum
580 5595 767 5659 mavis,
813 5600 870 5647 et
916 5592 1001 5647 vel
1031 5599 1301 5657 nostram,
1332 5590 1416 5645 vel
1448 5598 1588 5643 tuam
1638 5595 1947 5643 constanter

370 5682 577 5737 aftirma
603 5682 956 5748 sententiam;
983 5689 1043 5737 ut
1084 5689 1173 5736 aut
1199 5679 1542 5747 necessitati,
1575 5685 1667 5732 aut
1695 5676 1950 5732 voluntati

439 5795 463 5857 ξ
492 5794 782 5857 vignierius,
816 5806 927 5857 cum
949 5802 1074 5857 stss.,
1098 5805 1204 5843 cur.

445 5845 784 5926 iniuratus;
816 5854 886 5906 sic
913 5845 1122 5926 alterum
1155 5851 1385 5919 opponis;
1423 5852 1612 5912 antisse.
1639 5847 1796 5914 alteri.
1825 5845 1951 5913 quod

380 5916 601 5967 mth
624 5917 672 5966 in
694 5916 1040 5976 mnuscriptis.

1668 496 1878 555 LIBER
1916 488 2261 566 QUARTUS.

3459 490 3596 548 ΒΜ

2018 594 2247 664 imputes
2273 589 2505 662 culpam.
2533 588 2668 643 Cum
2694 595 2873 642 autem
2896 584 3036 653 dico,
3063 593 3240 640 utrum
3262 588 3429 641 mavis
3449 627 3467 655 ,
3492 602 3598 642 non

2018 684 2096 740 sic
2121 681 2405 746 admoneo,
2433 681 2584 749 quasi
2614 684 2701 731 tua
2726 676 2901 751 adhuc
2940 676 3099 730 lateat
3124 674 3304 744 opinio
3323 715 3340 742 ,
3368 676 3461 746 qui
3486 675 3600 731 cri-

2017 774 2161 830 mina
2190 780 2392 826 naturze
2414 784 2508 840 per
2535 767 2883 823 Manichaeum
2911 765 3196 835 importare
3221 764 3449 821 didicisti
3470 783 3485 820 :
3503 764 3598 821 sed

2022 864 2144 920 ideo
2172 862 2273 919 hoc
2287 874 2623 929 commoneo,
2651 868 2712 914 ut
2734 857 3107 929 disputationis
3145 866 3251 913 tua:
3279 857 3478 914 veritas
3501 857 3601 914 de-

2024 962 2258 1012 notetur.

2092 1047 2229 1102 Auc.
2247 1043 2393 1100 Velis
2407 1042 2567 1108 nolis,
2584 1041 2835 1113 quoniam
2850 1054 2993 1111 saepe
3005 1040 3107 1095 hoc
3124 1040 3277 1102 dicis.
3295 1054 3438 1111 stupe
3446 1055 3602 1111 opor-

2020 1146 2099 1193 tet
2112 1145 2168 1191 ut
2183 1123 2388 1202 audias,
2405 1148 2512 1189 non
2531 1133 2693 1188 fuisse
2704 1131 3052 1188 Manichteum
3079 1132 3172 1203 qui
3204 1130 3373 1197 dixit,
3391 1130 3597 1186 dissen-

2021 1228 2225 1283 sionem
2243 1226 2419 1282 carnis
2429 1232 2484 1280 et
2496 1224 2711 1294 spiritus
2727 1239 2822 1293 per
2838 1222 3322 1293 prtevaricationem
3339 1221 3494 1292 primi
3510 1220 3607 1278 ho-

2023 1318 2183 1373 minis
2201 1316 2255 1371 in
2271 1324 2516 1371 naturam
2530 1313 2754 1369 vertisse
2773 1312 3106 1385 (Ambrosius,
3126 1313 3214 1369 lib.
3232 1313 3263 1367 7
3277 1313 3329 1367 in
3345 1310 3604 1380 Luc-.111).

2023 1408 2192 1477 Quam
2208 1416 2263 1462 tu
2276 1422 2489 1463 causam
2506 1405 2631 1461 mali
2644 1404 2802 1475 hujus
2822 1420 3041 1476 negans,
3060 1420 3181 1461 cum
3196 1420 3303 1477 quo
3318 1404 3458 1461 malo
3476 1407 3492 1438 ⁸
3514 1420 3609 1459 na-

2024 1499 2101 1554 sci
2112 1514 2323 1553 omnem
2339 1497 2610 1554 hominem
2627 1512 2821 1569 negare
2837 1512 2943 1553 non
2954 1498 3144 1554 sineris
3158 1539 3175 1564 ,
3200 1496 3331 1553 facis
3360 1506 3417 1552 ut
3444 1497 3584 1552 Mani
3601 1526 3613 1539 -

2026 1592 2207 1647 chaeus
2231 1591 2350 1646 alia:
2370 1599 2573 1647 natura:
2590 1591 3021 1647 commixtionem
3045 1591 3198 1647 nobis
3231 1590 3408 1647 inesse
3442 1587 3607 1657 dicat,

2027 1693 2082 1740 et
2100 1684 2275 1739 vincat
2303 1683 2403 1738 nisi
2431 1692 2606 1739 tecum
2632 1682 2806 1739 vietus
2830 1684 3074 1740 intereat.

2100 1796 2258 1853 XCV.
2286 1797 2406 1853 Jun.
2435 1795 2573 1864 Quid
2602 1796 2761 1867 igitur
2784 1794 2915 1850 mihi
2944 1795 3282 1866 responderis
3306 1793 3537 1866 prudens
3554 1798 3623 1869 et.

2028 1878 2287 1945 sollicitus
2323 1886 2533 1942 auditor
2559 1886 2843 1957 expendat.
2895 1888 2972 1943 De
3024 1887 3259 1958 parvulis
3297 1897 3444 1943 certe
3495 1888 3612 1958 agi-

2029 1994 2169 2046 mus,
2196 1976 2388 2049 quibus
2408 1978 2553 2033 nulla
2580 1977 2808 2049 proprias
2835 1978 3030 2035 mentis
3056 1978 3209 2034 adest
3236 1980 3511 2044 voluntas,
3540 1978 3609 2034 do

2029 2071 2221 2141 quibus
2241 2070 2495 2141 queritur
2507 2085 2604 2141 per
2631 2068 2759 2141 quid
2784 2069 2893 2126 sint
2919 2070 3019 2126 sub
3040 2070 3275 2135 diabolo,
3304 2086 3439 2141 quos
3468 2070 3611 2125 Deus

2031 2160 2156 2217 fecit
2175 2201 2191 2226 ,
2212 2170 2336 2217 cum
2356 2159 2489 2216 nihil
2513 2159 2638 2216 mali
2669 2160 2815 2231 ipsos
2839 2160 3013 2231 egisse
3038 2161 3360 2217 consentias.
3390 2160 3471 2216 'I‘u
3517 2174 3613 2215 eos

2031 2254 2376 2309 eoneionatus
2416 2266 2477 2309 es
2497 2291 2515 2319 ,
2554 2250 2621 2307 ad
2643 2251 2733 2323 jus
2755 2250 3014 2307 daemonis
3054 2260 3272 2322 propter
3300 2258 3573 2321 peccatum
3595 2290 3611 2313 ,

2032 2357 2140 2398 non
2185 2349 2403 2413 propter
2442 2350 2687 2396 naturam
2730 2341 3013 2411 pertinere.
3053 2340 3134 2395 Ad
3178 2339 3280 2395 hoc
3330 2338 3614 2395 insurrcsit

2033 2442 2220 2489 nostra
2246 2430 2524 2502 responsio
2550 2446 2566 2484 :
2595 2429 2732 2487 «Sed
2757 2438 2946 2486 utnon
2972 2437 3149 2501 potest
3174 2444 3295 2486 esse
3322 2429 3438 2483 sine
3466 2428 3615 2484 sexi—

2035 2522 2137 2578 bus
2162 2523 2330 2587 fetus,
2359 2520 2430 2576 ita
2453 2535 2554 2576 nec
2581 2520 2700 2577 sine
2725 2520 2997 2575 voluntate
3022 2518 3292 2575 delictum.
3309 2537 3329 2572 ι
3358 2517 3441 2573 Ad
3466 2517 3613 2587 quod

2037 2620 2093 2668 tu
2132 2611 2392 2669 retulisti:
2417 2630 2436 2664 ι
2464 2611 2541 2667 Ita
2565 2626 2714 2679 vero,
2758 2610 2830 2666 ita
2858 2619 2941 2666 est
2972 2628 2987 2663 :
3021 2628 3043 2663 ι
3068 2609 3120 2666 id
3146 2617 3260 2676 est,
3288 2625 3392 2665 non
3442 2617 3620 2680 potest

2036 2718 2158 2760 esse
2192 2703 2313 2758 sine
2338 2701 2610 2758 voluntate
2649 2701 2921 2757 delictum.
2954 2699 3150 2757 Verum
3176 2698 3267 2771 qui
3293 2702 3396 2755 hoc
3417 2699 3620 2754 contir-

2037 2807 2301 2857 maveras,
2329 2807 2434 2862 qua
2463 2792 2785 2864 impudentia
2806 2790 3082 2846 subdidisti
3101 2792 3144 2855 ',
3168 2809 3189 2843 ι
3208 2790 3312 2847 Sed
3342 2805 3436 2861 per
3455 2805 3621 2844 unum

2039 2881 2308 2936 hominem
2331 2890 2606 2951 peccatum
2643 2881 2863 2937 intravit
2906 2881 2961 2936 in
3001 2879 3296 2949 mundum,
3346 2896 3440 2951 per
3466 2881 3622 2937 unius

2039 2970 2184 3027 illius
2206 2969 2572 3045 voluntatem?
2604 2987 2626 3023 ι

2111 3063 2250 3119 Anc.
2278 3060 2562 3131 Numquid,
2578 3060 2826 3131 quoniam
2850 3059 2919 3116 de
2945 3060 3179 3131 parvulis
3196 3060 3471 3132 agebatur,
3501 3061 3624 3117 ideo

2038 3152 2184 3224 quod
2205 3168 2390 3210 verum
2415 3151 2622 3217 dixisti,
2642 3166 2748 3206 non
2775 3151 2934 3207 debui
2961 3152 3246 3208 ostendere
3264 3152 3425 3209 etiam
3445 3164 3627 3208 meam

2041 3259 2149 3302 non
2180 3244 2441 3315 impedire
2464 3242 2784 3300 sententiam
2802 3282 2819 3309 ,
2846 3242 2897 3298 id
2923 3252 3027 3311 est,
3054 3258 3161 3299 non
3183 3257 3304 3300 esse
3328 3257 3487 3315 posse
3505 3242 3624 3300 sine

2042 3337 2311 3394 voluntate
2328 3334 2577 3393 delictum
2595 3351 2612 3401 ;
2634 3333 3060 3406 quandoquidem
3075 3335 3235 3391 etiam
3250 3334 3509 3406 originale
3526 3333 3626 3391 de-

2042 3425 2224 3481 lictum
2251 3440 2359 3481 non
2383 3425 2545 3481 habet
2570 3439 2782 3479 causam
2802 3464 2818 3487 ,
2850 3424 2951 3478 nisi
2995 3439 3061 3480 ex
3090 3424 3234 3479 illius
3258 3422 3528 3479 voluntate
3545 3463 3561 3490 ,
3589 3439 3623 3478 a

2042 3516 2276 3589 quoipsa
2302 3515 2453 3587 origo
2478 3514 2798 3572 deducitur?
2826 3513 2958 3569 Illud
2987 3529 3116 3585 ergo
3143 3528 3267 3570 cum
3288 3512 3513 3570 adversa
3539 3513 3623 3570 in-

2043 3606 2277 3663 tentione
2294 3604 2541 3672 dixisses,
2570 3619 2680 3660 non
2708 3603 2838 3658 mihi
2866 3611 3043 3660 tamen
3075 3603 3361 3660 adversum
3388 3618 3511 3661 esse
3531 3618 3624 3660 re-

2042 3695 2271 3768 spondi,
2293 3703 2350 3751 et
2369 3710 2554 3751 verum
2579 3709 2700 3750 esse
2718 3694 2987 3760 concessi;
3009 3702 3065 3750 et
3081 3693 3225 3765 quod
3254 3702 3312 3749 tu
3340 3709 3449 3750 non
3477 3692 3627 3751 vide-

2042 3800 2153 3853 ras,
2171 3784 2441 3857 quomodo
2461 3783 2591 3840 mihi
2612 3799 2717 3841 non
2733 3784 3123 3850 adversaretur,
3143 3784 3371 3841 ostendi.
3398 3785 3626 3842 Potuisti

2042 3876 2186 3931 enim
2231 3874 2411 3932 dicere
2451 3875 2742 3931 secundum
2782 3874 3127 3931 intentionem
3157 3885 3338 3944 tuam,
3362 3891 3467 3931 non
3506 3890 3629 3933 esse

2045 3980 2204 4036 posse
2223 3964 2475 4020 delictum
2498 3964 2616 4020 sine
2636 3964 2777 4020 illius
2794 4004 2811 4032 ,
2832 3963 2986 4034 cujus
3011 3964 3265 4021 delictum
3281 3976 3359 4022 est
3376 4007 3391 4034 ,
3413 3966 3628 4037 propria

2046 4059 2350 4114 voluntate:
2372 4056 2514 4129 quod
2537 4057 2583 4113 si
2612 4056 2857 4123 dixisses,
2884 4072 3216 4129 nequaquam
3241 4058 3627 4125 concederem;

2046 4149 2163 4204 sine
2179 4149 2392 4219 propria
2410 4148 2577 4204 enim'
2594 4149 2861 4204 nascentis
2873 4148 3146 4204 voluntate
3158 4148 3384 4205 trahitur
3398 4149 3632 4219 origina-

2047 4242 2099 4298 le
2123 4251 2419 4313 peccatum.
2439 4240 2544 4298 Sed
2575 4250 2752 4299 tamen
2768 4257 2954 4298 verum
2980 4241 3182 4309 dixisti,
3202 4257 3310 4297 non
3333 4256 3491 4312 posse
3507 4256 3631 4299 esse

2047 4333 2164 4389 sine
2191 4332 2464 4388 voluntate
2500 4340 2773 4401 peccatum
2800 4350 2814 4387 :
2837 4331 2959 4401 quia
2977 4340 3032 4387 et
3057 4332 3227 4403 ipsum
3256 4331 3513 4403 originale
3535 4345 3634 4388 vo-

2050 4423 2225 4479 luntas
2244 4423 2363 4494 ejus
2389 4420 2584 4488 eﬁ'ecit,
2604 4423 2694 4490 qui
2723 4421 2925 4493 primus
2948 4437 3032 4490 ea,
3050 4430 3364 4494 qua-natura
3392 4421 3628 4478 humana

2048 4518 2228 4572 vitiata
2253 4525 2355 4581 est,
2383 4513 2654 4572 voluntate
2683 4516 2955 4587 peccavit;
2983 4515 3053 4570 ita
3083 4522 3141 4571 ut
3164 4513 3418 4587 quidquid
3452 4513 3631 4570 homi-

2049 4624 2175 4663 num
2200 4616 2507 4663 nasceretur
2525 4620 2622 4676 per
2637 4607 2813 4661 carnis
2836 4605 3340 4674 concupiscentiam,
3363 4619 3482 4674 quas
3507 4619 3631 4659 reo—

2049 4713 2167 4753 rum
2187 4696 2500 4751 confusione
2526 4695 2698 4750 velata
2728 4703 2831 4761 est,
2860 4694 3084 4750 liberum
3111 4709 3216 4749 non
3234 4694 3385 4749 fleret
3403 4709 3436 4748 a
3454 4703 3629 4760 reatu,

2050 4789 2152 4859 nisi
2182 4797 2549 4843 renasceretur
2578 4802 2674 4857 per
2692 4786 2909 4855 Spiritus
2929 4785 3171 4855 gratiam.

2120 4877 2304 4935 XCVI.
2330 4876 2448 4933 Jun.
2477 4875 2740 4946 Numquid
2761 4875 2829 4932 de
2853 4875 3022 4932 Adam
3049 4874 3299 4946 operibus
3331 4875 3631 4948 interroga-

2052 4980 2136 5026 tus
2161 4984 2302 5037 eras,
2327 4977 2415 5024 aut
2434 4955 2714 5038 quaesitum
2759 4966 2963 5034 fuerat,
3002 4974 3181 5022 utrum
3224 4965 3316 5023 ille
3357 4966 3636 5024 voluntate

2051 5070 2329 5133 peccasset
2362 5059 2387 5114 ἲ
2429 5058 2571 5130 quod
2610 5058 2822 5129 quidem
2852 5066 3036 5114 contra
3085 5065 3140 5113 te
3190 5072 3311 5113 mox
3339 5065 3630 5129 quaeretur.

2052 5154 2200 5220 Esto,
2227 5152 2345 5207 aliis
2372 5160 2424 5207 te
2449 5150 2676 5206 delectet
2700 5148 2923 5205 illudere
2948 5166 2962 5203 :
2989 5148 3140 5219 cujus
3159 5146 3513 5205 deformitatis
3527 5159 3631 5215 est,

2053 5253 2112 5300 ut
2135 5254 2193 5299 tu
2214 5241 2422 5299 tibimet
2446 5240 2728 5311 imponas?
2747 5238 2945 5310 quippe
2972 5238 3115 5294 haud
3147 5238 3280 5294 mihi
3322 5239 3477 5294 valeo
3506 5253 3604 5309 per
3621 5265 3635 5279 -

2053 5334 2282 5392 suadere
2300 5375 2317 5402 ,
2342 5332 2484 5404 quod
2512 5340 2708 5388 tantam
2737 5330 3129 5388 deformitatem
3155 5346 3260 5386 non
3287 5330 3506 5397 fraude,
3537 5330 3633 5386 sed

2053 5424 2303 5496 opinione
2328 5422 2564 5495 patiaris.
2586 5422 2646 5477 In
2669 5436 2774 5478 uno
2812 5420 3108 5492 eodemque
3132 5436 3289 5478 versu
3317 5421 3594 5476 assentiris
3614 5460 3632 5485 ,

2055 5533 2160 5574 non
2186 5530 2342 5588 posse
2372 5529 2494 5573 esse
2516 5514 2632 5570 sine
2652 5514 2925 5571 voluntate
2944 5514 3284 5582 delictum,et
3304 5512 3488 5570 subdis
3513 5526 3639 5581 pro.

2056 5609 2218 5670 tinus,
2248 5614 2523 5678 peccatum
2550 5592 2692 5676 quod
2719 5605 2836 5661 sine
2860 5614 3007 5661 motu
3034 5604 3198 5661 animi
3219 5603 3389 5658 libero
3416 5611 3636 5655 manere

2120 5725 2136 5756 ί
2166 5722 2308 5783 editi,
2336 5716 2534 5771 nulum.
2557 5721 2844 5779 Concinnius
2861 5724 2987 5780 lss.,
3009 5716 3154 5788 male.

2119 5786 2140 5857 ἶ
2175 5790 2323 5857 Χθιέἱε
2341 5782 2498 5857 αὲἲθὲ
2522 5788 2781 5857 ι’ριιετιιων
2915 5780 3276 5857 ξηιέιὲεξιεεαοψ
3325 5831 3438 5857 Mm.

2119 5847 2141 5878 ι
2172 5827 2506 5896 ἑίῖιίῖιέἶίιὸἱῐ.
2522 5827 2534 5830 ⁷
2548 5827 2787 5895 inﬂa}
2807 5827 3128 5902 ‘tiiaiisdipu
3169 5847 3278 5888 eum
3323 5831 3467 5885 editis
3509 5827 3633 5895 loco,

2061 5905 2205 5970 mnu,
2229 5905 2427 5965 habent,
2458 5903 2643 5956 eadem.
