4150 6494
503 470 524 522 i
535 463 640 521 595

499 595 608 636 non
633 579 879 648 dixeras,
930 578 988 635 In
1012 575 1262 634 omnibus
1301 575 1609 648 hominibus
1653 575 1771 632 sine
1817 574 2094 634 voluntate

501 686 748 744 regnare.

583 767 720 823 Aue.
747 763 885 835 Quid
915 763 1172 836 supponis
1198 763 1420 820 verbum
1447 765 1594 819 tuum
1619 762 1770 834 quasi
1798 776 1977 818 meum
1996 803 2013 830 ,
2035 770 2096 816 ut

504 871 610 912 non
631 857 896 912 sentiente
924 856 1014 928 qui
1041 857 1142 911 hoc
1168 855 1318 911 audit
1339 863 1430 910 aut
1457 854 1616 926 legit,
1643 852 1927 910 subtrahas
1970 867 2093 908 sen-

502 964 622 1003 sum
649 963 826 1003 meum
853 947 878 1003 Ἰ
899 947 1011 1020 Ego
1037 962 1142 1003 non
1161 947 1292 1014 dixi,
1321 947 1436 1002 sine
1457 947 1728 1002 voluntate
1749 959 1968 1000 manere
1983 959 2093 999 non

505 1057 664 1110 posse
703 1050 1012 1112 peccatum,
1051 1040 1146 1095 sed
1176 1055 1296 1096 esse
1347 1055 1452 1095 non
1484 1053 1642 1110 posse
1669 1056 1682 1092 :
1709 1049 1964 1109 quantum
1994 1053 2092 1092 au-

507 1141 614 1186 tem
643 1133 880 1199 intersit,
909 1147 974 1186 ex
1021 1131 1124 1186 tuis
1163 1130 1341 1186 verbis
1365 1131 1623 1202 aperiam.
1656 1129 1758 1185 Ubi
1784 1129 1928 1184 enim
1955 1127 2093 1182 dixi-

504 1223 592 1288 sti,
628 1241 648 1274 ι
671 1221 784 1277 Non
815 1230 988 1292 potest
1030 1235 1150 1276 esse
1203 1221 1319 1277 sine
1347 1221 1562 1276 sexihus
1589 1219 1760 1286 fetus;
1793 1239 1812 1272 ι
1838 1221 1958 1289 quis
1982 1233 2090 1274 non

501 1321 556 1370 te
583 1329 767 1369 verum
795 1313 993 1368 dixisse
1016 1312 1314 1368 consentiat
1339 1310 1362 1365 ἲ
1389 1309 1558 1366 Aliter
1588 1310 1732 1366 cnim
1763 1325 1872 1364 non
1901 1309 2092 1365 existit

499 1405 659 1470 fetus,
709 1405 811 1460 nisi
863 1419 929 1460 ex
975 1403 1139 1458 maris
1181 1411 1237 1458 et
1273 1401 1486 1458 feminae
1527 1401 1766 1456 sexibus.
1816 1399 1876 1455 Si
1910 1409 2089 1455 autem

496 1497 726 1552 dixisses
749 1538 764 1563 ,
793 1495 908 1552 Non
941 1503 1116 1566 potest
1141 1508 1357 1550 manere
1377 1493 1494 1549 sine
1521 1491 1738 1548 sexibus
1765 1492 1938 1558 fetus;
1969 1491 2091 1563 quis

499 1590 593 1644 tibi
617 1589 724 1645 hoc
745 1605 931 1644 verum
963 1603 1083 1644 esse
1108 1587 1468 1644 concederet?
1487 1587 1666 1643 Manet
1689 1585 1832 1642 enim
1857 1585 1973 1640 sine
1997 1599 2091 1655 pa-

496 1689 708 1736 rentum
739 1680 956 1736 sexibus
1000 1681 1160 1748 fetus,
1190 1680 1307 1735 sine
1353 1679 1549 1750 quibus
1596 1689 1776 1733 tamen
1821 1691 1940 1732 esse
1981 1690 2088 1731 non

495 1782 710 1844 posset;
735 1789 834 1829 nec
863 1774 1084 1829 omnino
1107 1773 1208 1844 ipsi
1237 1773 1438 1829 faciunt
1463 1781 1523 1828 ut
1547 1780 1784 1836 maneat,
1813 1769 1904 1840 qui
1949 1768 2091 1826 fece-

493 1875 619 1922 runt
647 1876 704 1921 ut
728 1875 896 1923 esset.
920 1867 1010 1924 Sic
1033 1881 1162 1936 ergo
1183 1874 1460 1936 peceatum
1484 1905 1501 1933 ,
1531 1863 1674 1936 quod
1704 1877 1825 1920 esse
1852 1863 1972 1919 sine
1993 1875 2090 1917 vo-

495 1959 832 2014 luntatenen
863 1967 1076 2029 potest,
1131 1971 1351 2014 manere
1392 1957 1510 2012 sine
1563 1956 1836 2012 voluntate
1887 1962 2084 2026 potest.

493 2049 676 2120 Itaque
700 2050 860 2104 etiam
883 2059 1158 2122 peccatum
1185 2048 1336 2115 Adin,
1366 2047 1619 2119 quoniam
1643 2047 1816 2116 ipsum
1841 2055 1924 2102 est.
1944 2045 2088 2116 quod

491 2140 825 2210 originaliter
870 2148 1053 2196 manet
1103 2139 1156 2194 in
1203 2139 1434 2208 posteris
1462 2137 1610 2207 ejus,
1641 2137 1746 2192 nisi
1785 2138 1980 2208 quibus
2032 2137 2086 2192 in

491 2230 711 2287 Christo
727 2231 1034 2298 remittitur,
1053 2229 1294 2302 profecto
1319 2245 1440 2286 cum
1465 2228 1660 2284 dicitur
1679 2239 1732 2285 et
1754 2229 1804 2284 in
1821 2229 1950 2299 ipsis
1971 2229 2088 2285 sine

491 2321 763 2378 voluntate
785 2337 893 2378 non
919 2337 1040 2378 esse
1059 2362 1074 2388 ,
1098 2321 1167 2376 ad
1193 2322 1334 2376 illius
1359 2321 1684 2376 voluntatem
1711 2319 1962 2386 refertur,
1983 2335 2088 2390 qua

493 2414 692 2468 factum
714 2422 798 2468 est
827 2421 884 2468 ut
909 2421 1056 2470 esset
1071 2411 1216 2483 quod
1245 2411 1512 2467 manendo
1533 2411 1660 2466 etin
1679 2411 1906 2481 posteris
1921 2417 2084 2476 esset,

501 2519 612 2558 non
640 2519 744 2574 qua
774 2503 972 2560 factum
1002 2513 1085 2560 est
1113 2511 1174 2558 ut.
1207 2511 1450 2559 maneret
1495 2503 1636 2574 quod
1685 2513 1740 2557 et
1761 2503 1876 2556 sine
1900 2503 2090 2556 volun-

491 2604 604 2650 tate
623 2594 734 2664 jam
763 2605 968 2664 possm.
991 2593 1050 2651 Si
1075 2601 1254 2649 auten:
1273 2595 1375 2649 hoc
1393 2592 1529 2648 dicis
1547 2608 1686 2657 esse,
1710 2592 1853 2663 quod
1870 2601 1951 2648 est
1973 2607 2088 2646 ma-

489 2701 662 2752 nere;
691 2701 798 2742 non
823 2685 1092 2742 contendo
1115 2683 1314 2751 verbis,
1346 2685 1442 2740 sed
1473 2685 1632 2756 plane
1651 2683 1772 2740 dico
1789 2725 1805 2752 ,
1830 2693 2084 2754 quantum

491 2779 686 2833 attinet
699 2776 768 2832 ad
799 2777 1170 2846 manendum‘,
1187 2775 1305 2832 sine
1319 2775 1590 2832 voluntate
1613 2789 1736 2831 esse
1754 2789 1914 2844 posse
1928 2789 2088 2830 omne

493 2878 798 2936 peccatum.
818 2866 948 2936 Quis
977 2875 1062 2924 est
1085 2865 1230 2924 enim
1256 2867 1346 2938 qui
1371 2875 1650 2938 peccatum
1673 2865 1814 2936 quod
1841 2867 1958 2922 sine
1985 2881 2084 2922 vo-

491 2957 698 3014 luntate
727 2973 834 3014 non
860 2957 984 3014 fecit
1003 2999 1018 3026 ,
1041 2973 1260 3014 manere
1287 2958 1448 3014 etiam
1475 2957 1648 3013 veliti
1675 2957 1740 3012 Et
1760 2965 1938 3014 tamen
1965 2973 2086 3014 ma-

493 3058 588 3105 net
615 3048 832 3106 nolente
860 3059 1141 3121 peccatore
1183 3057 1490 3121 peccatum,
1541 3047 1686 3119 quod
1729 3062 1760 3102 a
1813 3049 2086 3106 voluntate

491 3141 842 3200 commissum
913 3149 1018 3198 est.
1081 3142 1261 3198 Manet
1309 3155 1438 3212 ergo
1485 3138 1658 3196 donec
1711 3142 2016 3197 remittatur
2066 3158 2081 3197 :

495 3242 551 3288 ct
567 3233 613 3290 si
635 3249 904 3305 nunquam
932 3232 1251 3298 remittatur,
1271 3231 1506 3288 manebit
1528 3231 1583 3286 in
1600 3239 1894 3298 internum;
1911 3246 2087 3302 neque

491 3323 636 3378 enim
685 3323 1018 3380 mendaciter
1049 3323 1104 3378 in
1131 3321 1420 3392 Evangelio
1447 3319 1648 3376 dictum
1677 3329 1760 3376 est
1783 3362 1798 3390 ,
1829 3319 1968 3376 licus
1989 3321 2086 3377 erit

489 3416 668 3470 (clomi
705 3416 898 3486 peccati
931 3414 1144 3486 (Merc.
1175 3430 1253 3482 ut,
1283 3413 1402 3486 29).

564 3505 772 3564 XCVII.
801 3506 920 3564 Jun.
953 3507 1154 3562 Deinde
1177 3505 1302 3576 quia
1348 3503 1516 3560 multa
1546 3504 1600 3560 in
1631 3503 2086 3576 propositionibus

491 3597 762 3654 invenitur
787 3597 1070 3654 diversitas
1097 3599 1142 3662 ⁸,
1171 3595 1388 3652 dixeras
1421 3613 1442 3648 ι
1469 3610 1577 3650 non
1603 3609 1726 3651 esse
1749 3595 1868 3650 sine
1893 3595 2083 3650 volun-

493 3700 602 3746 tate
623 3690 912 3758 delictum;
941 3707 962 3742 ι
983 3697 1038 3745 et
1057 3687 1402 3760 respondisti,
1425 3704 1446 3740 ι
1463 3687 1558 3742 sed
1581 3701 1676 3756 per
1701 3687 1856 3740 unius
1890 3685 2085 3740 volun-

491 3789 658 3838 tatem
684 3797 808 3839 esse
833 3781 1111 3837 delictum.
1125 3798 1146 3834 ι
1167 3777 1434 3850 Numquid
1457 3779 1696 3836 concinit
1716 3777 1978 3849 superiori
1997 3777 2087 3834 de-

497 3874 746 3938 finitioni,
779 3889 900 3945 qua:
927 3872 1144 3928 ablativi
1193 3885 1353 3927 casus
1405 3869 1784 3948 pricpositione
1826 3869 2082 3936 munitur,

493 3975 678 4024 secuta
721 3965 1003 4036 responsio
1029 3979 1126 4036 per
1151 3947 1586 4034 prchositionem
1612 3961 1900 4017 accusativi
1929 3976 2088 4018 casus

495 4057 643 4112 illata
671 4056 696 4109 ?
731 4056 1028 4123 Quaesitum
1069 4063 1187 4110 erat
1212 4064 1390 4108 utrum
1439 4061 1582 4108 esset
1609 4051 1814 4106 crimen
1845 4052 1964 4108 sine
1985 4066 2084 4107 vo-

496 4149 722 4214 luntate,
750 4147 893 4218 quod
919 4163 1026 4203 non
1047 4162 1206 4218 posse
1231 4147 1582 4202 constiterat:
1613 4153 1668 4200 tu
1685 4145 1967 4200 SllbditliSli
1992 4159 2088 4215 per

493 4255 658 4295 unum
681 4239 954 4296 hominem
985 4237 1212 4294 intrasse
1238 4247 1514 4310 peccatum
1538 4277 1555 4304 ,
1577 4251 1698 4292 cum
1727 4253 1834 4292 non
1861 4235 2088 4294 referret

496 4345 594 4401 per
620 4331 744 4398 quid
761 4331 1012 4401 cmpisset
1029 4371 1045 4398 ,
1073 4329 1170 4387 sed
1191 4329 1310 4386 sine
1337 4343 1445 4399 quo
1462 4341 1583 4384 esse
1603 4343 1710 4383 non
1739 4335 1940 4397 posset.

565 4423 707 4480 Ave.
729 4422 844 4494 Ego
870 4421 950 4478 sic
975 4421 1090 4477 disi
1115 4429 1388 4492 peceatum
1411 4419 1527 4474 sine
1545 4417 1816 4474 voluntate
1840 4432 1958 4474 esse
1979 4432 2086 4474 non

494 4527 655 4586 posse
674 4555 688 4580 ,
719 4512 988 4585 quomodo
1013 4511 1241 4568 dicimus
1271 4525 1426 4582 poma
1445 4510 1532 4566 vel
1563 4509 1826 4564 frumenta
1853 4510 1970 4564 sine
1995 4524 2085 4564 ra-

494 4607 702 4662 dicibus
737 4621 860 4663 esse
910 4621 1019 4662 non
1058 4617 1218 4676 posse
1246 4621 1261 4660 :
1289 4603 1376 4658 ubi
1405 4603 1569 4659 etiam
1617 4601 1735 4657 sine
1789 4601 2086 4657 offensione

491 4698 959 4769 grammaticorum
987 4709 1275 4770 possumus
1301 4694 1480 4750 dicere
1497 4735 1514 4762 ,
1539 4708 1700 4772 petua
1717 4693 1799 4748 vel
1822 4693 2096 4749 frumenui‘

493 4791 595 4844 nisi
647 4805 744 4860 per
789 4789 1026 4846 radicem
1073 4803 1194 4844 esse
1247 4801 1354 4841 non
1411 4800 1588 4856 posse.
1620 4785 1754 4840 Cum
1783 4801 1911 4856 ergo
1941 4794 2087 4841 recte

498 4891 786 4952 utrumque
811 4880 1040 4946 dicatur,
1069 4879 1314 4951 quamvis
1341 4877 1472 4933 illud
1503 4893 1600 4948 per
1617 4877 1855 4944 ablativi,
1876 4875 1974 4931 hoc
1994 4892 2089 4946 per

491 4973 784 5028 accusativi
809 4987 968 5028 casus
1005 4970 1439 5042 praepositionem
1465 4967 1802 5033 enuntietur;
1835 4966 1961 5037 quid
2003 4975 2090 5021 est

493 5071 636 5142 quod
665 5071 818 5125 nobis
839 5071 1052 5126 casibus
1089 5067 1388 5132 nominum,
1411 5063 1558 5120 velut
1585 5062 1828 5118 cassibus
1865 5075 2089 5115 aranea-

493 5179 645 5228 rum,
690 5172 890 5232 quanto
940 5160 1223 5223 subtilius,
1251 5165 1398 5212 tanto
1438 5153 1699 5210 infirmius
1738 5151 1912 5207 tendis
1955 5150 2088 5204 insi-

496 5251 614 5307 dias
647 5247 894 5318 ?Qumre
936 5265 1148 5305 muscas
1196 5246 1505 5312 morituras,
1539 5257 1674 5314 quas
1701 5241 1817 5298 istis
1853 5241 2090 5296 reticulis

497 5343 697 5414 capias.
755 5341 870 5396 Non
923 5340 1024 5396 hoc
1063 5349 1215 5395 erant
1257 5338 1373 5404 illi,
1417 5349 1554 5406 quos
1611 5333 1730 5388 ideo
1779 5331 2086 5401 sequimur,

497 5445 556 5488 ut
614 5441 736 5488 tuas
783 5431 1079 5487 tendieulas
1123 5430 1462 5499 dissipemus.
1503 5424 1620 5480 Non
1662 5424 1762 5477 hoc
1803 5431 1919 5477 erat
1949 5421 2092 5490 Apo-

497 5527 698 5595 stolus,
749 5523 842 5596 qui
885 5521 1022 5577 dixit
1051 5519 1286 5586 :Corpus
1323 5517 1526 5589 quidem
1573 5525 1824 5572 mortuum
1857 5521 1930 5568 est
1974 5527 2092 5584 pro-

567 5737 582 5769 ¹
617 5735 910 5800 \‘ignlerlus,
931 5739 1156 5800 quantum
1179 5727 1324 5800 altius
1346 5725 1412 5778 ad
1435 5723 1742 5776 manendum.
1773 5721 2092 5782 Manuscripti,

509 5792 738 5861 ηιιωιιιῇιι
764 5792 1014 5847 immuta
1037 5792 1346 5861 ιιιτιῖιωιίιωζιο
1453 5860 1456 5861 ν
1597 5839 1918 5861 ΛΑΜ-,ὼε

559 5844 586 5890 ἱ
781 5844 940 5920 ista:
966 5853 1147 5920 prinde
1177 5864 1270 5920 cur
1278 5849 1393 5920 jam
1414 5844 1564 5899 multa
1587 5844 1880 5897 dissonantia
1897 5844 1948 5894 in
1967 5854 2096 5906 pra:-

513 5915 812 5980 twsfttouibus
831 5917 1002 5972 invenit
1009 5929 1066 5968 ur
1090 5913 1362 5968 diversitas.

1176 459 1424 520 OPERIS
1461 459 1874 522 IIII'ERFECTI
1909 461 2181 524 ωΝΤΒΑ
2210 461 2570 534 JULIANUM,
2611 463 2669 522 S.
2709 462 3078 524 AUGUSTINI

2207 589 2321 651 pter
2348 588 2606 651 peccatum
2627 579 2804 652 (Rom.
2837 595 2944 648 ml,
2979 579 3086 653 10).
3105 577 3221 637 Non
3253 579 3356 638 hoc
3376 589 3492 639 erat
3523 580 3783 652 Hilarius,

2199 671 2292 740 qui
2337 671 2472 726 dixit
2499 687 2514 725 :
2546 688 2567 724 ι
2593 671 2669 725 Ex
2727 681 2946 742 peccato
2990 672 3166 728 omnis
3193 685 3321 728 euro
3341 681 3460 742 est,
3491 689 3522 730 a
3565 685 3788 746 peccato

2201 760 2407 817 scilicet
2430 761 2599 816 Adam
2618 762 2854 830 parentis
2871 764 2889 796 ³
2912 761 3159 817 deducta.
3185 781 3206 815 ι
3231 762 3347 818 Νοιι
3377 763 3480 820 hoc
3507 773 3626 821 erat
3653 766 3788 820 Am-

2199 853 2434 920 brosius,
2448 854 2536 923 qui
2553 853 2712 908 dixit:
2735 872 2754 908 ι
2773 853 2972 910 Omnes
2985 855 3086 910 sub
3109 865 3328 926 peccato
3347 858 3636 926 nascimur,
3655 873 3788 930 quo-

2199 963 2317 1003 rum
2350 949 2463 1018 ipse
2490 958 2636 1005 ortus
2687 950 2739 1004 in
2770 951 2900 1006 vitio
2927 961 3036 1006 est)
3069 950 3170 1022 (De
3193 950 3497 1006 Paenitentia
3521 992 3536 1017 ,
3584 965 3703 1022 cap.
3747 951 3788 1005 2

2197 1039 2277 1094 vel
2301 1039 2378 1111 ὅ).
2417 1038 2631 1096 Utinam
2663 1049 2717 1096 tu
2761 1041 2936 1111 potius
2977 1041 3199 1098 istorum
3229 1041 3426 1097 Christi
3453 1041 3784 1112 piscatorum

2199 1130 2408 1187 retibus
2436 1132 2694 1188 tenaciter
2731 1132 3121 1204 salubriterque
3164 1133 3430 1203 capiaris:
3463 1142 3588 1188 tunc
3621 1148 3786 1190 accu-

2197 1223 2426 1279 sativum
2455 1239 2636 1280 casum
2657 1265 2674 1292 ,
2709 1241 2814 1295 quo
2843 1227 2956 1294 ipse
2983 1241 3014 1280 a
3045 1235 3096 1280 te
3141 1227 3255 1296 ipso
3278 1240 3339 1280 es
3365 1234 3644 1280 accusatus
3663 1267 3678 1292 ,
3727 1233 3784 1280 et

2197 1314 2509 1381 ablativum,
2535 1329 2642 1385 quo
2669 1315 2738 1370 de
2767 1315 3007 1370 Ecclesia
3033 1315 3296 1370 catholica
3321 1330 3381 1370 es
3401 1315 3641 1380 ablatus,
3661 1329 3782 1388 eor-

2197 1413 2378 1460 rectus
2401 1405 2594 1460 melius
2618 1405 2929 1460 declinabis.
2967 1407 3380 1475 Praepositiones
3400 1413 3579 1460 autem
3619 1405 3666 1460 si
3693 1419 3784 1461 re-

2195 1501 2282 1549 cte
2308 1503 2468 1564 atque
2493 1495 2697 1566 integre
2725 1496 2983 1566 sequeris,
3008 1511 3106 1550 cur
3130 1511 3234 1551 non
3251 1498 3383 1552 istos
3403 1495 3654 1552 doctores
3681 1495 3780 1551 Ec-

2195 1584 2375 1640 clesize
2401 1585 2518 1652 tibi,
2549 1585 2790 1655 deposita
2819 1587 3070 1650 elatione,
3105 1587 3422 1656 praeponis?

2265 1673 2495 1731 XCVIII.
2542 1675 2664 1732 Jun.
2695 1678 2932 1746 Apparet
2981 1685 3130 1732 certe
3185 1677 3382 1730 furtum
3429 1677 3778 1744 detestabile,

2193 1766 2336 1838 quod
2373 1766 2588 1838 quidem
2633 1766 2912 1823 confestim
2943 1783 3028 1832 ea,
3073 1783 3192 1838 qua:
3237 1769 3468 1837 peccatis
3511 1768 3779 1834 adiceret,

2197 1857 2398 1913 ultione
2415 1859 2655 1928 punitum
2687 1867 2792 1926 est,
2823 1859 3073 1915 videlicet
3102 1867 3160 1915 ut
3183 1869 3470 1930 antequam
3497 1860 3552 1914 in
3573 1870 3778 1930 pestem

2193 1948 2510 2019 procederet
2536 1948 2889 2015 audientium,
2952 1963 3107 2006 suum
3153 1952 3564 2008 circumveniret
3599 1961 3783 2007 aucto-

2193 2055 2329 2096 rem.
2363 2041 2500 2096 Ecce
2525 2041 2672 2097 enim
2697 2056 2803 2097 non
2829 2041 3086 2098 abnuitur
3110 2043 3340 2114 primum
3367 2043 3638 2098 hominem
3679 2044 3780 2099 ali-

2193 2133 2336 2204 quod
2377 2135 2664 2190 incurrisse
2711 2143 3022 2206 peccatum;
3067 2136 3163 2191 sed
3211 2135 3468 2206 quaeritur
3513 2137 3782 2206 quomodo

2193 2227 2296 2284 hoc
2322 2235 2597 2299 peccatum
2625 2237 2808 2299 posset
2835 2227 2886 2282 in
2931 2227 3276 2283 nascentibus
3314 2227 3562 2282 inveniri.
3614 2227 3780 2283 Deﬁni

2193 2329 2269 2386 tu,
2303 2320 2510 2392 peccati
2539 2321 2698 2391 primi
2723 2319 2934 2390 qualem
2976 2327 3130 2389 putes
3169 2319 3530 2375 conditionem
3579 2317 3779 2376 fuisse:

2192 2411 2348 2480 dicis,
2377 2431 2398 2465 ι
2431 2411 2692 2467 Voluntas
2735 2411 2835 2466 fuit
2863 2411 3060 2478 libera,
3091 2427 3198 2466 non
3241 2411 3386 2466 enim
3437 2420 3611 2480 potest
3663 2427 3784 2466 esse

2193 2502 2310 2557 sine
2337 2501 2612 2557 voluntate
2639 2511 2916 2572 peccatum
2951 2519 2965 2557 :
3003 2519 3022 2554 ι
3059 2517 3158 2557 nos
3199 2501 3303 2558 hoc
3345 2501 3652 2572 probamus.
3699 2501 3782 2558 Tu

2194 2611 2322 2652 vero
2347 2594 2551 2661 subdis,
2585 2613 2606 2646 ι
2633 2593 2738 2650 Sed
2771 2593 2874 2650 hoc
2921 2602 3198 2664 peccatum
3219 2635 3234 2660 ,
3268 2593 3411 2662 quod
3451 2593 3568 2648 sine
3591 2593 3782 2647 volun-

2193 2697 2304 2744 tate
2326 2703 2447 2745 esse
2471 2701 2578 2744 non
2607 2696 2819 2758 potest,
2851 2686 3020 2743 lueret
3044 2687 3160 2743 sine
3189 2687 3464 2742 voluntate
3511 2686 3782 2741 nascenti-

2189 2779 2312 2836 bus.
2325 2797 2346 2833 ι
3499 2773 3506 2782 ’

2263 2873 2402 2928 Auc.
2441 2871 2625 2927 IIatret
2655 2885 2749 2940 per
2774 2869 3078 2940 contagium
3100 2911 3116 2938 ,
3143 2883 3250 2923 non
3277 2883 3378 2939 per
3403 2867 3708 2923 arbitrium.

2260 2959 2451 3018 XCIX.
2478 2959 2601 3016 Jun.
2627 2959 2842 3015 Falsum
2869 2969 3094 3031 estergo
3115 2959 3256 3030 quod
3280 2973 3648 3026 concesseras,
3667 2974 3777 3015 non

2189 3065 2313 3110 esse
2339 3052 2456 3108 sine
2473 3051 2746 3106 voluntate
2776 3059 3082 3122 peccatum;
3106 3050 3154 3105 si
3188 3050 3322 3106 licet
3341 3051 3684 3106 commissum
3713 3049 3784 3104 sit

2189 3157 2288 3214 per
2307 3142 2636 3198 voluntatem
2655 3182 2671 3209 ,
2698 3129 2874 3197 tamen
2902 3141 2969 3196 ad
2990 3141 3124 3196 alios
3168 3141 3482 3211 potuitsine
3511 3141 3782 3196 voluntate

2192 3233 2440 3290 transire.

2259 3325 2398 3379 Auc.
2425 3321 2542 3378 Non
2571 3331 2654 3378 est
2682 3321 2874 3377 falsum
2903 3319 3046 3392 quod
3069 3335 3444 3377 concesseram
3467 3364 3481 3389 ,
3510 3321 3636 3392 quia
3663 3321 3780 3378 sine
3873 3329 3893 3347 ·

2188 3416 2463 3472 voluntate
2487 3415 2658 3481 illius,
2688 3429 2720 3469 a
2739 3429 2845 3486 quo
2871 3423 2954 3470 est
2969 3415 3121 3485 origo
3147 3415 3483 3470 nasccntium
3513 3454 3528 3479 ,
3563 3429 3668 3468 non
3699 3423 3782 3468 est

2188 3509 2386 3565 factum
2411 3507 2667 3578 originale
2689 3515 2964 3577 peccatum
2997 3523 3011 3560 :
3041 3507 3213 3576 potuit
3238 3515 3418 3562 autem
3439 3505 3507 3560 ad
3536 3505 3667 3560 alios
3689 3521 3784 3576 per

2189 3599 2497 3670 contagium
2518 3598 2636 3653 sine
2657 3597 2930 3652 voluntate
2953 3597 3203 3662 transire,
3231 3595 3374 3666 quod
3401 3610 3506 3650 non
3529 3595 3697 3665 potuit
3716 3595 3784 3648 ab

2191 3691 2286 3747 illo
2324 3691 2442 3746 sine
2479 3689 2754 3746 voluntate
2801 3686 3083 3743 committi.
3129 3689 3208 3742 Ac
3245 3703 3340 3757 per
3379 3687 3480 3742 hoc
3502 3727 3519 3752 ,
3549 3687 3662 3742 sine
3693 3703 3784 3741 vo-

2191 3783 2396 3839 luntate
2445 3795 2566 3838 esse
2630 3795 2738 3836 non
2781 3788 2999 3850 posset,
3054 3787 3120 3854 ut
3157 3787 3303 3834 esset
3347 3779 3489 3850 quod
3545 3779 3598 3832 in
3652 3777 3784 3832 alios

2191 3874 2310 3930 sine
2373 3873 2647 3928 voluntate
2694 3873 2715 3903 ²
2771 3870 3025 3926 transiret
3077 3857 3290 3926 {sicut
3341 3867 3604 3923 frumenta
3665 3867 3784 3922 sine

2191 3965 2460 4021 radicibus
2479 3979 2600 4020 esse
2625 3978 2732 4018 non
2754 3970 3006 4033 possent,
3029 3971 3088 4017 ut
3109 3971 3293 4018 essent
3321 3977 3442 4032 qua:
3469 3962 3522 4016 in
3541 3961 3642 4015 alia
3667 3961 3782 4016 loca

2192 4057 2424 4112 transire
2451 4057 2568 4111 sine
2597 4055 2866 4110 radicibus
2893 4061 3140 4125 possent.

2261 4147 2324 4202 C.
2355 4147 2475 4203 Jun.
2505 4146 2601 4201 Est
2629 4159 2758 4216 ergo
2780 4145 2890 4215 jatn
2912 4147 3028 4200 sine
3043 4144 3315 4199 voluntate
3335 4149 3638 4213 peccatum,
3658 4157 3778 4195 cum

2191 4240 2459 4299 invenitur
2483 4239 2534 4293 in
2563 4238 2645 4292 his
2674 4237 2866 4305 quibus
2895 4237 3090 4291 malam
3113 4236 3276 4305 eripis
3303 4235 3630 4288 voluntatem
3660 4233 3703 4285 ³.

2261 4333 2399 4388 Auc.
2432 4331 2526 4386 Est
2546 4329 2764 4384 omnino
2792 4327 2910 4383 sine
2928 4327 3199 4384 voluntate
3221 4337 3498 4399 peccatum
3519 4367 3534 4390 ,
3575 4324 3628 4379 id
3663 4333 3743 4379 est
3762 4365 3780 4388 ,

2191 4429 2392 4479 manet.
2423 4419 2538 4474 Non
2580 4421 2724 4473 enim
2771 4426 3046 4483 maneret,
3096 4417 3196 4472 nisi
3243 4425 3385 4472 esset
3419 4415 3602 4485 utique
3639 4413 3782 4483 quod

2193 4521 2436 4570 maneret
2465 4509 2598 4567 :setl
2630 4517 2852 4565 utessct
2872 4508 3015 4580 quod
3041 4518 3284 4564 maneret
3330 4508 3447 4562 sine
3486 4507 3780 4570 voluntate,

2193 4619 2300 4660 non
2347 4612 2432 4660 cst
2475 4600 2672 4657 factum
2716 4601 2820 4656 nisi
2865 4600 3137 4656 voluntate
3169 4617 3183 4653 :
3212 4599 3258 4654 si
3292 4608 3466 4653 tamen
3505 4605 3783 4667 peccatum

2195 4694 2562 4754 tantummodo
2615 4703 2891 4766 peccatum
2917 4694 3018 4760 sit,
3059 4709 3164 4748 non
3212 4693 3372 4746 etiam
3421 4705 3626 4760 paena;
3685 4687 3787 4743 hac

2193 4789 2336 4844 enim
2377 4787 2602 4858 quisque
2649 4795 2834 4856 peccat
2885 4785 3102 4839 invitus.
3144 4784 3234 4839 Sic
3259 4783 3282 4813 ⁸
3324 4797 3452 4852 ergo
3503 4791 3786 4848 utruqum

2143 4879 2156 4888 '
2193 4893 2379 4934 verum
2403 4885 2519 4942 est,
2546 4885 2602 4932 et
2627 4891 2748 4932 esse
2789 4891 2894 4931 non
2939 4891 3096 4946 posse
3121 4875 3236 4931 sine
3277 4873 3548 4928 voluntate
3581 4883 3792 4940 pecca—

2196 4977 2344 5034 tum,
2377 4975 2572 5022 etesse
2609 4981 2766 5036 posse
2797 4966 2912 5020 sine
2953 4965 3225 5018 voluntate
3267 4972 3542 5033 peccatum
3589 4976 3605 5026 ;
3662 4973 3796 5026 quo-

2195 5058 2354 5114 modo
2391 5067 2672 5127 utrumque
2717 5071 2902 5110 verum
2940 5064 3056 5121 est,
3101 5063 3310 5109 etesse
3343 5069 3450 5108 non
3489 5063 3646 5121 posse
3679 5051 3800 5106 sine

2196 5158 2475 5220 parentum
2505 5147 2720 5202 sexibus
2745 5145 2930 5210 fctum,
2962 5153 3158 5199 etesse
3182 5158 3339 5213 posse
3364 5143 3480 5196 sine
3509 5150 3796 5208 parentum

2197 5238 2419 5293 sexibus
2446 5237 2632 5290 fetum.
2683 5235 2814 5289 Illud
2844 5235 2986 5289 enim
3025 5233 3226 5288 dictum
3254 5241 3366 5297 est,
3411 5233 3533 5301 quia
3559 5231 3676 5283 sine
3715 5227 3798 5282 his

2197 5343 2306 5384 non
2328 5335 2502 5397 potest
2527 5325 2758 5380 existere
2791 5343 2805 5379 :
2834 5325 2936 5380 hoc
2966 5333 3141 5379 autem
3165 5366 3180 5389 ,
3214 5324 3336 5393 quia
3367 5323 3482 5376 sine
3505 5319 3590 5374 liis
3617 5323 3798 5390 potest

2197 5433 2438 5476 manere.
2467 5418 2610 5473 Bene
2644 5417 2858 5487 quidem
2895 5420 3008 5486 ipse
3036 5431 3142 5470 uno
3175 5417 3294 5470 loco
3317 5457 3330 5480 ,
3365 5423 3419 5469 et
3451 5413 3518 5468 de
3548 5419 3797 5482 peccatu,

2264 5537 2282 5570 ⁸
2319 5539 2386 5583 tta
2406 5531 2484 5582 hic
2504 5537 2614 5581 Mss.
2639 5536 2696 5580 At
2715 5530 2852 5590 editi,
2877 5535 3107 5593 parente;
3129 5535 3184 5578 ut
3205 5529 3256 5576 in
3277 5527 3363 5577 lib.
3391 5528 3414 5575 1
3439 5531 3607 5576 contra
3655 5521 3799 5572 Julia-

2199 5609 2332 5646 num.
2365 5609 2415 5644 ιι.
2439 5593 2489 5643 9.

2265 5633 2489 5705 ἵῖιῖἐίἷέ
2513 5653 2852 5716 manuscrlptis
2881 5651 3116 5716 addimus,
3143 5648 3554 5716 8549.”°'“"-“w'--
3646 5711 3676 5716 -

2268 5718 2290 5750 ³
2320 5717 2394 5766 sic
2437 5723 2518 5765 Ms.
2553 5721 2678 5776 Pert.
2719 5705 2776 5763 Αἱ
2809 5719 2941 5774 Man,
2965 5705 3113 5762 mala"
3137 5709 3286 5776 eripis
3329 5705 3602 5761 suauitatis.
3646 5705 3786 5772 Eiliti,

2202 5777 2358 5830 malas
2380 5776 2530 5832 eripis
2551 5774 2831 5838 voluntates.
3171 5833 3200 5838 __
3213 5774 3220 5776 “
3234 5834 3245 5838 _
3716 5837 3721 5838 ί
3775 5829 3786 5838 ,

2269 5841 2290 5871 δ
2323 5839 2629 5908 vignierius,
2665 5836 2725 5888 si.
2765 5839 3059 5900 Auctoritate
3095 5833 3274 5886 codicis
3307 5839 3552 5882 Pet-tantm
3589 5833 3790 5878 correxi

2205 5913 2332 5964 mus,
2355 5912 2445 5952 sic.
