4150 6500
317 452 457 511 ιὸθΐ

310 573 366 619 et
400 563 468 620 de
499 562 608 621 fetu
636 563 844 624 locutus
870 578 966 630 es,
1006 565 1188 624 dicens
1216 585 1229 622 :
1269 587 1287 622 ι
1317 565 1386 624 Ut
1414 582 1518 625 non
1564 580 1739 640 potest
1775 586 1895 627 esse

312 655 430 712 sine
459 655 675 713 sexibus
710 655 870 723 fetus,
899 658 970 713 ita
996 673 1098 714 nec
1120 660 1240 716 sine
1267 661 1537 718 voluntate
1558 661 1829 717 delictum.
1872 683 1890 714 ι

307 743 459 800 Sicut
476 760 604 817 ergo
620 745 960 818 intelligimus
979 747 1146 804 fetum
1166 749 1286 806 ideo
1312 750 1430 807 sine
1449 760 1731 823 parentum
1755 754 1898 808 sexi-

311 836 411 891 btts
434 851 556 893 esse
583 852 688 893 non
711 853 868 908 posse
883 880 899 905 ,
923 841 1046 913 quia
1073 841 1190 898 sine
1209 843 1292 899 his
1315 858 1419 899 non
1442 851 1616 914 potest
1639 844 1893 913 existere,

310 933 369 980 ut
396 926 500 992 sit;
554 936 610 982 et
648 926 773 985 ideo
812 931 929 987 sine
975 942 1254 1002 parentum
1301 947 1422 989 esse
1466 935 1681 990 sexibus
1706 950 1893 1006 posse,

308 1017 433 1087 quia
461 1018 578 1073 sine
606 1018 690 1074 liis
731 1030 905 1091 potest
944 1037 1194 1089 manere,
1227 1038 1349 1080 cum
1386 1024 1497 1094 jam
1522 1025 1740 1081 sit:cur
1788 1042 1894 1083 non

310 1108 377 1162 ita
406 1108 748 1180 intelligimus
774 1112 935 1166 etiam
963 1122 1239 1183 peccatum
1264 1122 1318 1170 et
1337 1114 1455 1171 sine
1473 1115 1749 1172 voluntate
1773 1131 1895 1172 esse

308 1212 416 1252 non
446 1213 605 1268 posse
630 1238 645 1263 ,
670 1201 793 1271 quia
814 1203 930 1257 sine
957 1203 1044 1259 illa
1074 1220 1179 1259 non
1206 1213 1384 1275 potest
1406 1205 1639 1263 existere
1656 1247 1673 1271 ,
1703 1216 1763 1263 ut
1786 1209 1891 1277 sit;

308 1298 366 1345 et
412 1291 529 1346 sine
557 1292 826 1350 voluntate
866 1309 988 1351 esse
1015 1311 1206 1367 posse,
1253 1298 1377 1369 quia
1426 1299 1545 1356 sine
1586 1300 1675 1356 illa
1720 1311 1896 1373 potest

308 1396 558 1449 manere,
580 1398 702 1439 cum
725 1384 838 1456 jam
858 1386 963 1442 sit?
1048 1462 1052 1466 θ

379 1472 463 1529 Cl.
493 1473 614 1529 JUL.
646 1475 776 1533 Vide
796 1493 924 1549 ergo
948 1495 1056 1551 quo
1076 1488 1165 1536 tua
1189 1483 1435 1540 acumina
1456 1484 1817 1554 pervehantur
1840 1487 1892 1542 'z

308 1565 632 1634 persuadere
654 1571 863 1625 conaris
882 1611 899 1636 ,
937 1587 1053 1628 rem
1079 1573 1311 1644 aliquam
1345 1592 1442 1647 per
1473 1577 1575 1637 hoc
1601 1594 1708 1635 non
1735 1595 1855 1637 esse
1877 1623 1893 1649 ,

306 1671 407 1725 per
425 1657 569 1727 quod
591 1667 768 1728 potest
791 1677 935 1719 esse.
1575 1675 1585 1686 '

379 1750 514 1805 Acs.
544 1749 681 1817 Quid
724 1752 866 1808 enim
920 1762 1010 1823 tu,
1058 1771 1093 1811 ο
1122 1772 1314 1829 magne
1340 1759 1467 1828 ille,
1513 1762 1676 1818 etiam
1708 1773 1895 1820 contra

305 1839 528 1909 gratiam
554 1841 680 1909 Dei,
710 1842 962 1901 defensor
994 1848 1142 1904 liberi
1170 1850 1414 1908 arbitrii?
1451 1854 1739 1923 negabisne
1764 1870 1893 1927 pec-

305 1939 483 1986 catum
503 1931 716 2002 aliquod
745 1950 839 2005 per
862 1937 1088 1994 liberum
1114 1940 1396 1997 arbitrium
1425 1958 1533 1998 non
1568 1958 1725 2013 esse,
1751 1948 1892 2017 quod

308 2034 404 2090 per
430 2020 655 2076 liberum
688 2024 967 2081 arbitrium
988 2029 1009 2060 ¹
1035 2038 1212 2099 potest
1248 2031 1408 2087 esse?
1452 2032 1538 2089 Fit
1560 2035 1702 2090 enim
1730 2044 1789 2091 ιιι
1826 2036 1898 2092 sit

306 2118 581 2178 peccatum
612 2128 708 2182 per
750 2115 979 2172 liberum
1006 2118 1289 2176 arbitrium
1308 2162 1324 2189 ,
1355 2138 1481 2178 cum
1505 2122 1668 2179 homo
1708 2135 1896 2196 peccat

305 2204 351 2257 si
380 2203 541 2270 velit;
571 2214 626 2261 et
651 2206 708 2262 fit
735 2216 792 2263 nt
820 2225 925 2264 non
961 2210 1033 2266 sit
1061 2222 1336 2282 peccatum
1366 2230 1463 2284 per
1488 2215 1717 2272 liberum
1744 2219 1892 2274 arbi-

305 2293 486 2361 trium,
510 2310 631 2351 cum
656 2298 818 2355 homo
838 2316 947 2357 non
971 2313 1154 2372 peccat
1173 2306 1218 2359 si
1247 2305 1400 2361 nolit.
1429 2306 1572 2363 Ecce
1593 2307 1897 2367 invenimus

305 2386 539 2458 aliquid,
569 2400 624 2445 et
669 2389 773 2448 hoc
796 2393 972 2464 ipsum
1015 2396 1083 2450 de
1136 2412 1244 2468 quo
1286 2398 1639 2469 disputamus,
1694 2402 1747 2457 id
1788 2412 1893 2471 est,

307 2487 582 2546 peccatum
608 2496 706 2550 per
730 2482 834 2539 hoc
862 2499 969 2540 non
994 2500 1147 2555 esse,
1168 2502 1268 2558 per
1294 2489 1437 2559 quod
1460 2500 1639 2562 potest
1664 2507 1785 2549 esse
1800 2535 1816 2561 ,
1843 2495 1896 2550 id

304 2575 421 2633 est,
453 2584 550 2639 per
579 2571 810 2630 liberum
848 2576 1150 2633 arbitrium.
1182 2578 1320 2646 Quid
1362 2592 1483 2648 est,
1520 2585 1895 2642 contentiosc?

305 2657 530 2718 liuccine
548 2665 668 2719 mea
688 2668 933 2723 acumina
956 2671 1345 2739 pervelientur?
1364 2674 1448 2729 An
1470 2675 1557 2731 hic
1579 2685 1666 2732 tua
1692 2678 1895 2735 lumina

303 2750 473 2806 aciem
525 2755 910 2823 perdiderunt?
958 2759 1080 2817 Noli
1125 2777 1249 2821 esse
1277 2780 1563 2837 prasceps:
1590 2770 1784 2826 melius
1811 2781 1897 2828 est

301 2841 580 2900 attendere
601 2846 729 2915 quid
744 2847 911 2916 dicas,
936 2865 1098 2921 quam
1116 2858 1443 2914 contendere
1460 2869 1521 2915 ιιι
1537 2862 1893 2919 contradicas.

373 2928 481 3013 Cll.
514 2931 634 2988 JuL.
661 2934 718 2989 ld
746 2944 850 3003 est,
876 2949 1148 3007 peceatum
1178 2958 1277 3013 per
1301 2944 1405 3000 hoc
1427 2962 1550 3004 esse
1567 2949 1687 3006 sine
1709 2953 1897 3008 volun-

302 3030 412 3076 tate
431 3006 453 3087 ,’
472 3038 569 3091 per
593 3026 735 3095 quod
763 3006 1074 3100 nonpotcst
1096 3006 1217 3091 esse
1246 3038 1363 3093 sine
1387 3040 1679 3099 voluntate.

374 3116 509 3171 Auc.
533 3116 651 3174 Non
688 3133 819 3175 sane
846 3134 1121 3192 peccatum
1162 3124 1257 3198 per
1285 3129 1390 3187 hoc
1425 3133 1652 3190 estsine
1699 3136 1893 3191 volun-

302 3213 448 3272 tate,
477 3222 571 3277 per
588 3211 730 3280 quod
769 3228 876 3267 non
908 3223 1083 3284 potest
1128 3232 1251 3275 esse
1288 3221 1405 3278 sine
1450 3224 1764 3282 voluntate:
1795 3228 1893 3285 sed

300 3293 529 3352 diversis
567 3299 788 3368 quidem
834 3304 1045 3373 causis;
1102 3316 1281 3365 tamen
1333 3321 1511 3381 potest
1556 3325 1888 3388 utrumque:

302 3398 425 3438 nam
445 3387 563 3443 sine
586 3389 856 3448 voluntate
866 3404 971 3449 non
990 3405 1166 3465 potest
1181 3413 1320 3468 esse,
1336 3404 1461 3474 quia
1484 3406 1602 3462 sine
1618 3387 1893 3469 voluntate

301 3489 409 3530 non
437 3484 613 3547 potest
645 3481 879 3539 existere
904 3494 964 3540 ut
989 3487 1101 3554 sit;
1131 3489 1251 3547 sine
1287 3502 1470 3551 autem
1494 3496 1768 3556 voluntate
1795 3517 1893 3574 po.

303 3574 411 3623 test
435 3584 591 3640 esse,
622 3574 746 3643 quia
795 3576 914 3634 sine
961 3580 1233 3640 voluntate
1265 3594 1444 3656 potest
1480 3603 1700 3650 manere
1747 3598 1893 3667 quod

300 3660 504 3715 existit.

370 3752 503 3809 Clll.
541 3756 663 3814 Jun.
709 3759 780 3818 Ut
831 3765 1194 3826 conditionem
1237 3786 1388 3829 suam
1437 3777 1746 3838 conditione
1790 3797 1887 3840 sua

300 3845 525 3939 perdat,
556 3860 612 3905 et
635 3852 705 3907 sit
732 3854 931 3926 absque
956 3857 1093 3927 hoc,
1128 3861 1245 3918 sine
1278 3879 1386 3935 quo
1429 3882 1536 3922 non
1572 3884 1730 3939 posse
1768 3889 1891 3931 esse

299 3935 575 3994 definitum
600 3950 699 3998 est.
723 3943 838 4000 Hoc
861 3955 946 4002 est
965 3947 1188 4007 inficiari
1205 3952 1384 4009 rebus.
1401 3955 1539 4023 Quid
1566 3935 1672 4016 tale
1688 3962 1893 4019 Anaxa-

298 4039 456 4094 goras
472 4069 488 4094 ,
516 4031 606 4100 qui
638 4033 814 4091 nivem
841 4037 1047 4109 nigram
1072 4057 1194 4099 esse
1219 4044 1429 4102 dicebat
1446 4049 1472 4103 ?
1497 4050 1889 4112 Commentaris

300 4117 381 4171 rei
407 4119 633 4191 alicujus
673 4136 916 4183 naturam
944 4130 1058 4187 suis
1102 4132 1359 4193 fructibus
1402 4142 1584 4211 negari
1615 4159 1629 4196 :
1659 4159 1890 4217 cumque

297 4210 371 4264 sit
390 4216 715 4271 contrarium
754 4222 1049 4278 necessitas
1077 4234 1131 4279 et
1159 4226 1442 4296 voluntas,
1476 4210 1547 4286 ita
1602 4242 1698 4301 ut,
1749 4210 1891 4294 sicut

298 4317 458 4371 supra
507 4309 857 4379 ostendimus,
912 4324 1095 4372 mutua
1137 4333 1199 4373 se
1251 4319 1653 4392 impugnatione
1694 4340 1889 4384 consu-

298 4388 480 4460 mant;
514 4405 569 4450 ιιι
614 4413 753 4454 novo
806 4402 1224 4477 impossibiliqne
1262 4388 1466 4467 fcedere
1495 4428 1560 4469 ac
1588 4418 1888 4474 necessitu-

297 4482 425 4538 dine
452 4496 790 4544 monstruosa
835 4493 1061 4548 alterum
1088 4497 1308 4553 alterius
1344 4501 1529 4558 subdis
1557 4504 1768 4562 effectui
1788 4549 1804 4575 ,
1835 4516 1891 4565 et

294 4572 432 4627 dicis
451 4577 821 4633 necessitatem
843 4581 909 4635 de
940 4580 1197 4640 fructibus
1221 4587 1509 4645 voluntatis
1535 4572 1799 4667 exortam,
1831 4607 1890 4653 ut

294 4664 545 4719 voluntas
571 4681 666 4722 sua
708 4684 769 4724 se
815 4672 1254 4742 multiplicatione
1282 4678 1560 4750 deleverit,
1603 4693 1657 4741 et
1685 4664 1883 4743 statum

298 4755 570 4825 proprium
623 4770 841 4827 operata
882 4765 1194 4829 mutaverit;
1226 4776 1422 4838 atque,
1475 4783 1534 4826 ut
1567 4789 1681 4829 rem
1714 4779 1885 4846 ipsam

297 4847 409 4901 suis
437 4848 709 4906 vocabulis
748 4853 1140 4923 exprimamus,
1175 4867 1455 4930 postquam
1502 4868 1668 4937 cmpit
1692 4870 1884 4924 volun-

296 4947 378 4994 tas
408 4954 529 4996 esse
556 4941 600 5009 ³,
647 4943 892 4999 voluntas
933 4961 1052 5002 esse
1097 4947 1336 5005 desierit.
1368 4952 1486 5020 Quo
1514 4956 1642 5022 quid
1688 4969 1885 5028 potest,

298 5047 404 5084 non
434 5032 557 5088 dico
598 5035 843 5091 obtusius
862 5078 877 5102 ,
906 5037 1002 5093 sed
1029 5038 1278 5096 furiosius
1303 5044 1560 5114 cogitari?
1588 5046 1721 5122 Cum
1755 5066 1883 5120 ergo

297 5122 412 5178 hinc
437 5122 542 5180 duo
568 5123 729 5180 simul
759 5141 883 5183 esse
910 5143 1015 5184 non
1050 5131 1274 5201 possint,
1308 5134 1357 5188 id
1383 5143 1488 5199 est,
1511 5139 1800 5194 necessitas
1829 5152 1886 5196 et

294 5213 560 5280 voluntas,
614 5226 778 5287 tuque
826 5222 1231 5279 confirmaveris
1269 5223 1413 5294 quod
1465 5226 1725 5294 diximus,
1775 5247 1883 5286 non

294 5317 456 5373 posse
473 5319 592 5361 esse
611 5306 729 5364 sine
760 5309 1032 5368 voluntate
1058 5312 1314 5371 delictum
1331 5356 1350 5384 ,
1393 5319 1710 5377 assentiaris
1748 5337 1881 5395 quo-

357 5547 375 5613 ξ
408 5546 569 5613 milex
590 5556 738 5609 Ροη..
760 5550 1098 5613 pertfeltwuur.

356 5609 655 5690 1.599).?"
672 5609 800 5675 πάλ
819 5611 1311 5690 ίίδενωιιανὸίιιζίιιηι.
1332 5618 1659 5672 Emendantur
1687 5621 1747 5670 ad
1784 5633 1885 5672 ma-

725 5741 921 5815 ρνοριει·
934 5735 1110 5815 mea
1131 5735 1347 5815 ροιιςπςιρτ
1376 5738 1522 5815 serit
1546 5754 1680 5815 ,εεες-
1729 5749 1835 5815 κίεις
1862 5776 1878 5814 ε

289 5796 540 5902 Ipostuma}!
578 5793 1145 5905 gelantas'cwpit'esse;
1191 5807 1241 5852 et
1274 5800 1344 5851 sic
1379 5793 1501 5852 intra
1544 5804 1594 5853 in
1634 5793 1881 5867 augustini

1654 455 1859 521 ιιΒειι
1894 454 2237 528 QUARTUS.

3448 477 3589 537 {398

2002 582 2108 638 quc
2154 582 2261 625 non
2300 582 2423 625 esse
2447 581 2502 626 In
2543 579 2775 642 parvulis
2800 579 3163 650 voluntatem;
3193 593 3441 645 contorto
3462 598 3590 661 gnt-

2005 666 2123 714 ture
2172 661 2381 731 cogeris
2417 677 2657 723 annuere
2708 669 2917 727 nullum
2957 671 3012 728 in
3039 672 3125 730 bis
3160 689 3283 733 esse
3313 693 3588 750 peccatum

2001 749 2143 818 quod
2170 751 2288 809 sine
2317 754 2590 813 voluntate
2618 773 2729 815 non
2754 775 2916 832 posse
2940 776 3063 821 esse
3092 749 3366 838 professus
3382 785 3467 828 es.

2074 840 2212 897 Auc.
2256 840 2638 902 Necessitatem
2680 857 2737 904 et
2763 850 3096 909 voluntatem
3137 856 3299 913 simul
3325 872 3451 918 esse
3481 877 3587 917 non

2005 944 2161 999 posse
2181 946 2289 987 non
2310 933 2518 990 diceres
2535 976 2551 1001 ,
2578 936 2624 991 si
2654 937 2752 994 tibi
2769 938 2987 997 daretur
3007 957 3166 1000 nosse
3189 946 3333 1018 quod
3353 947 3590 1006 diceres.

2001 1022 2137 1078 Cum
2163 1024 2305 1080 enim
2327 1025 2395 1080 sit
2419 1026 2683 1084 moriendi
2711 1032 3037 1101 necessitas,
3079 1036 3203 1105 quis
3246 1048 3408 1110 neget
3444 1045 3590 1112 quod

2003 1119 2172 1186 possit
2194 1132 2313 1174 csse
2331 1126 2386 1174 et
2410 1119 2700 1176 voluntas?
2739 1121 2895 1181 Unde
2929 1124 3004 1180 ait
3046 1128 3361 1198 Apostolus,
3384 1143 3581 1190 conen-

2005 1206 2314 1274 piscentiam
2343 1223 2404 1263 se
2449 1207 2648 1266 habere
2688 1210 2945 1281 dissolvi,
2984 1222 3040 1270 et
3066 1229 3185 1273 esse
3222 1232 3346 1274 cum
3374 1217 3589 1280 Christo

1993 1279 2259 1367 ’(ΡΙιὶιίρρ.
2289 1311 2326 1363 ι,
2356 1296 2473 1368 9-5).
2497 1297 2630 1354 Cum
2659 1315 2787 1371 ergo
2822 1279 2938 1358 vult
2964 1304 3133 1372 mori,
3174 1321 3334 1377 quem
3360 1279 3581 1368 necesse

2002 1393 2086 1438 cst
2114 1384 2272 1449 mori,
2302 1385 2460 1443 simul
2487 1396 2614 1444 sunt
2637 1390 2932 1448 necessitas
2959 1401 3014 1449 et
3042 1393 3291 1453 voluntas
3319 1415 3334 1452 :
3358 1400 3505 1471 quod
3528 1407 3587 1453 tu

2004 1472 2294 1545 fieriposse
2321 1492 2455 1532 vana
2480 1478 2756 1536 voluntate
2774 1521 2791 1548 ,
2832 1481 2978 1538 nulla
3007 1486 3330 1544 necessitate
3349 1502 3589 1563 negave-

2002 1579 2107 1619 ras.
2129 1565 2282 1634 Quod
2307 1577 2486 1624 autem
2527 1570 2619 1625 flat
2661 1571 2826 1628 etiam
2862 1587 2932 1629 ex
2978 1575 3253 1635 voluntate
3296 1580 3593 1638 necessitas

2001 1656 2310 1729 plerumque
2352 1661 2618 1716 contraria
2661 1662 2958 1734 voluntati,
3012 1682 3231 1738 prorsus
3275 1670 3593 1745 insipienter

2000 1748 2266 1805 abnuitur.
2292 1749 2392 1820 Qui
2422 1753 2564 1808 enim
2602 1769 2664 1811 se
2704 1756 2892 1814 volens
2917 1759 3056 1815 mori
3102 1759 3375 1819 lethaliter
3399 1778 3593 1837 percu-

2002 1839 2100 1906 tit,
2127 1841 2350 1897 moritur
2376 1842 2478 1898 etsi
2505 1844 2658 1900 nolit.
2701 1844 2835 1903 Item
2861 1849 2953 1920 qui
2991 1850 3180 1909 volens
3204 1852 3331 1910 fecit
3358 1854 3375 1888 ¹
3398 1868 3590 1927 pecca-

2001 1940 2136 1996 tum,
2166 1932 2354 1988 nolens
2380 1933 2542 1990 habet
2570 1945 2882 2007 peccatum;
2910 1940 3099 1999 volens
3132 1942 3453 2016 impudicus,
3485 1964 3587 2004 no-

2000 2019 2117 2075 lens
2140 2035 2266 2077 reus
2294 2041 2309 2078 :
2334 2037 2400 2078 eo
2424 2024 2624 2096 quippe
2668 2026 2885 2085 nolente
2911 2042 3188 2101 peceatum
3226 2044 3443 2106 manet,
3479 2054 3590 2110 quo
3625 2051 3647 2073 ·

2002 2109 2216 2167 nolente
2243 2127 2351 2168 non
2393 2112 2567 2170 fieret.
2598 2117 2675 2173 Ac
2710 2132 2808 2189 per
2835 2119 2974 2190 ltoc,
3018 2132 3075 2179 ct
3116 2139 3222 2180 non
3265 2135 3442 2197 potest
3466 2109 3591 2186 esse

2000 2197 2119 2255 sine
2143 2200 2413 2259 voluntate
2437 2212 2748 2275 peccatum,
2780 2209 2906 2280 quia
2935 2226 3042 2267 non
3069 2212 3128 2269 fit
3150 2214 3252 2271 nisi
3270 2216 3585 2285 voluntate;

2001 2296 2056 2345 et
2079 2299 2254 2360 potest
2271 2307 2393 2348 esse
2428 2299 2546 2351 stne
2573 2296 2845 2356 voluntate
2882 2310 3183 2372 peccatum,
3232 2306 3358 2378 quia
3401 2319 3589 2367 manet

2000 2379 2162 2434 etiam
2203 2382 2322 2438 sine
2350 2383 2644 2453 voluntate,
2671 2387 2816 2457 quod
2842 2385 3042 2447 factum
3075 2401 3160 2449 est
3191 2395 3467 2454 voluntate
3492 2415 3507 2452 :
3535 2410 3591 2454 et

1999 2477 2082 2524 est
2104 2469 2217 2539 jam
2241 2473 2534 2530 necessitas
2566 2476 2730 2532 etiam
2766 2477 2886 2534 sine
2927 2480 3217 2551 voluntate,
3265 2500 3426 2557 quam
3462 2487 3592 2545 fecit

2000 2561 2245 2619 voluntas
2271 2563 2388 2620 sine
2417 2568 2753 2626 necessitate.
2784 2568 2917 2628 Nam
2942 2581 2999 2629 et
3024 2568 3230 2648 ille'qui
3249 2576 3381 2634 dicit
3404 2619 3422 2646 ,
3463 2577 3586 2636 Non

1997 2653 2134 2725 quod
2160 2655 2293 2724 volo,
2323 2672 2442 2728 ago,
2472 2668 2620 2715 certe
2655 2660 2948 2719 secundum
2977 2677 3077 2724 vos
3113 2669 3434 2726 necessitate
3455 2684 3589 2727 con-

1999 2745 2298 2802 suetudinis
2319 2747 2342 2779 ‘
2369 2749 2629 2818 premitur
2655 2768 2673 2807 :
2700 2750 2840 2809 lianc
2882 2763 3061 2812 autem
3088 2759 3485 2830 necessitatem,
3518 2776 3589 2818 ne

1998 2832 2226 2891 liberum
2268 2837 2521 2895 auferatis
2557 2839 2863 2910 arbitrium,
2902 2858 3031 2900 eum
3057 2847 3160 2902 sibi
3192 2849 3468 2907 voluntate
3511 2852 3590 2908 fe-

1998 2926 2139 2983 cisse
2175 2927 2500 2984 contenditis
2528 2947 2544 2985 :
2569 2939 2626 2986 et
2663 2933 2770 2989 tale
2795 2932 2999 3005 aliquid
3038 2936 3093 2992 in
3132 2947 3322 2996 natura
3354 2941 3586 3000 humana

1998 3012 2198 3071 factum
2222 3030 2343 3072 esse
2357 3033 2464 3073 non
2491 3018 2732 3088 creditis,
2754 3029 2813 3093 ut
2839 3037 2906 3078 ex
2932 3023 3206 3082 voluntate
3226 3028 3383 3098 primi
3407 3027 3587 3087 homi-

1996 3104 2101 3174 nis,
2124 3106 2192 3163 de
2218 3122 2326 3178 quo
2348 3117 2432 3164 est
2454 3110 2605 3181 origo
2625 3109 2845 3168 humani
2862 3115 3096 3185 generis,
3120 3116 3272 3175 ﬂeret
3292 3120 3585 3177 necessitas

1997 3198 2200 3268 peccati
2227 3187 2503 3271 originalis
2526 3202 2579 3257 in
2608 3203 2863 3274 posteris.
2891 3205 3035 3262 Ecce
3060 3208 3151 3264 illa
3169 3224 3293 3280 qua:
3329 3210 3585 3283 impossi—

1994 3288 2120 3345 bilia
2153 3290 2517 3361 proponebas,
2545 3291 2600 3348 in
2623 3292 2676 3350 vi
2702 3296 3107 3356 consuetudinis
3134 3299 3271 3357 facta
3305 3310 3432 3359 sunt
3458 3317 3586 3374 pos-

1994 3379 2190 3447 sibilia,
2219 3395 2340 3450 quaa
2362 3396 2470 3438 non
2493 3380 2694 3440 frustra
2717 3382 2861 3442 dicta
2886 3395 2973 3444 est
2992 3401 3026 3443 a
3047 3388 3366 3461 quibusdam
3390 3406 3583 3450 secun-

1993 3469 2063 3526 da
2107 3478 2317 3527 natura.
2364 3471 2608 3542 Dixeras,
2651 3489 2752 3532 nos
2791 3474 3076 3535 absurdius
3123 3476 3323 3551 aliquid
3360 3481 3577 3550 dicere,

1982 3578 2143 3635 quam
2170 3567 2263 3638 qui
2287 3567 2462 3625 nivem
2496 3571 2705 3642 nigram
2743 3586 2864 3628 esse
2888 3571 3123 3641 dicebat,
3161 3591 3180 3626 ι
3218 3579 3571 3644 utpcccatunt

1980 3655 2346 3715 conditionem
2375 3672 2527 3717 suam
2555 3677 2653 3718 sua
2677 3662 2988 3720 conditione
3022 3664 3229 3735 perdat,
3261 3675 3315 3721 et
3343 3666 3414 3720 sit
3441 3664 3571 3721 abs-

1977 3761 2084 3817 que
2122 3748 2245 3815 hoc,
2289 3751 2408 3829 sine
2431 3767 2538 3823 quo
2575 3768 2681 3810 non
2719 3769 2878 3827 posse
2920 3771 3043 3813 esse
3077 3754 3354 3813 definitum
3394 3767 3497 3815 est.
3542 3777 3564 3813 ι

1975 3837 2166 3897 Nonne
2211 3844 2572 3903 conditionem
2614 3862 2767 3903 suam
2815 3863 2912 3905 sua
2955 3849 3260 3907 conditione
3290 3852 3482 3921 perdit,
3512 3861 3571 3906 nt

1977 3946 2074 4002 per
2120 3933 2229 3989 vim
2270 3938 2670 3994 consuetudinis
2704 3940 2794 3996 fiat
2822 3940 2941 3997 sine
2965 3942 3255 4010 voluntate,
3282 3959 3403 3999 cum
3433 3959 3570 4000 con~

1976 4022 2207 4078 snetudo
2248 4040 2352 4080 non
2397 4027 2534 4083 facta
2576 4029 2645 4083 sit
2682 4030 2787 4086 nisi
2823 4032 3128 4088 voluntate?
3152 4032 3341 4089 Nonne
3364 4032 3442 4087 rei
3468 4032 3569 4088 ltu-

1972 4110 2061 4183 jus
2103 4123 2291 4170 natura
2344 4116 2611 4175 fructibus
2658 4121 2772 4176 suis
2822 4124 3084 4192 negatur?
3134 4123 3566 4195 quandoquidem

1979 4207 2313 4262 consuetudo
2340 4207 2546 4265 fructus
2572 4218 2657 4267 est
2676 4211 2982 4279 voluntatis,
3005 4216 3259 4285 quoniam
3283 4231 3350 4272 ex
3376 4216 3567 4271 volun-

1976 4303 2087 4352 tate
2109 4298 2371 4368 gignitur;
2402 4316 2521 4368 qnte
2550 4310 2728 4359 tamen
2748 4303 2802 4358 id
2827 4304 2968 4375 quod
2989 4304 3119 4376 agit,
3144 4313 3304 4376 negat
3325 4320 3386 4361 se
3403 4319 3566 4377 agere

1972 4390 2264 4446 voluntate.
2299 4392 2459 4459 Dicis,
2485 4393 2626 4463 quod
2671 4412 2691 4447 ι
2718 4396 3046 4453 contrarium
3084 4397 3158 4454 sit
3185 4397 3479 4454 necessitas
3503 4407 3565 4455 et

1971 4482 2240 4550 voluntas,
2270 4484 2343 4540 ita
2370 4497 2426 4542 ut
2451 4501 2513 4543 se
2529 4496 2710 4544 mutua
2731 4489 3129 4562 impugnatione
3152 4499 3504 4557 consumant;
3536 4510 3558 4546 ι

1971 4572 2097 4632 inde
2137 4591 2238 4633 nos
2260 4593 2513 4649 arguens,
2552 4581 2694 4651 quod
2722 4600 2744 4635 ι
2772 4583 2999 4641 alterum
3023 4585 3243 4641 alterius
3270 4584 3562 4644 subdamus

1970 4666 2207 4733 effectui,
2238 4670 2478 4728 dicentes
2505 4675 2881 4730 necessitatem
2908 4654 2989 4731 (ιε
3016 4675 3279 4733 fructibus
3322 4676 3561 4733 volunta-

1969 4756 2040 4812 tis
2072 4767 2349 4814 exortam:
2376 4779 2397 4814 ι
2427 4766 2547 4817 eum
2578 4763 2762 4820 videas
2802 4767 3176 4823 necessitatem
3214 4767 3560 4825 consuetudi-

1969 4845 2054 4905 nis
2082 4849 2308 4904 fructum
2338 4865 2457 4905 esse
2492 4852 2981 4912 manifestissimum
3005 4857 3315 4915 voluntatis.
3343 4857 3554 4925 Nonne,

1966 4938 2110 5010 quod
2155 4940 2247 4996 tibi
2287 4940 2619 5011 impossibile
2662 4945 2834 5001 visum
2875 4956 2981 5016 est,
3016 4966 3037 5001 ι
3071 4963 3168 5005 sua
3208 4964 3269 5006 se
3307 4951 3558 5011 voluntas

1966 5031 2409 5102 multiplicatione
2453 5034 2675 5104 delevit,
2704 5045 2759 5093 et
2785 5046 2984 5094 statum
3027 5041 3298 5111 proprium
3335 5054 3555 5114 operata

1965 5124 2210 5188 mutavit,
2245 5142 2267 5177 ι
2301 5141 2421 5195 qua:
2464 5128 2811 5198 multiplicata
2853 5132 3227 5189 necessitatem
3264 5145 3556 5193 consuetu-

1964 5211 2106 5268 dinis
2142 5212 2273 5270 fecit
2304 5215 2355 5280 ²;
2405 5215 2452 5271 si
2500 5217 2826 5276 voluntatem
2859 5223 3172 5293 necessitas,
3218 5234 3271 5282 te
3309 5235 3551 5298 auctore,

1962 5306 2266 5361 consumit?
2292 5307 2348 5363 Si
2385 5316 2565 5363 autem
2601 5325 2709 5364 non
2737 5313 3022 5382 consumit,
3068 5317 3308 5386 profecto
3348 5319 3403 5375 in
3449 5317 3554 5376 bo»

1962 5400 2108 5457 mine
2131 5401 2273 5457 mole
2299 5402 2704 5460 consuetudinis
2729 5419 2917 5476 presso
2934 5407 3095 5466 simul
3118 5424 3241 5469 esse
3260 5421 3482 5483 possunt
3497 5421 3550 5470 et

1954 5488 2182 5562 justitize
2232 5493 2481 5551 voluntas
2531 5503 2588 5553 et
2641 5497 2852 5569 peccati
2907 5501 3546 5574 necessitas.‘Quoniam,

2023 5645 2766 5732 ξξίεδιεξεηιειγ.ίβιιεε[εᾷξερι,
2787 5730 2827 5732 ,,
3044 5720 3056 5732 .

2021 5709 2044 5778 .’
2078 5716 2195 5775 νοτ,
2214 5709 2589 5778 cmmele
2612 5716 2707 5769 hoc
2726 5716 2837 5772 loco
2862 5720 3140 5773 restituitur
3176 5733 3239 5772 ex
3278 5721 3543 5771 manuscri-

1956 5770 2070 5833 ptis.

2021 5833 2057 5907 ξ
2077 5832 2714 5907 ιῖίϐηιρτίιιιιηηςεεεάιαιεηι
2734 5854 2838 5895 sua‘
2853 5844 3203 5896 (ommutuit
3220 5842 3350 5907 fecit.
3369 5841 3535 5905 Abest,

1952 5902 2074 5959 sua,
2090 5905 2119 5946 a
2141 5900 2491 5979 manuscriptis.
