4124 6512
622 455 762 516 1599

629 570 770 627 Velle
795 569 995 642 adjacet
1023 567 1166 633 mihi,
1199 565 1460 638 professio
1488 573 1573 622 est
1608 565 1933 631 voluntatis;
1968 563 2196 632 Perﬁce-

615 680 674 718 η
699 672 868 716 autem
895 660 1101 725 bonum,
1130 674 1232 713 non
1264 657 1462 711 invenio
1490 656 1663 728 (Rom.
1689 671 1784 722 vn,
1809 656 1897 722 15,
1921 653 2036 723 18),
2064 667 2198 709 con-

529 805 532 808 .
620 751 786 809 fessio
814 761 898 806 est
933 747 1289 805 necessitatis.
1337 747 1416 802 Tu
1442 748 1459 779 ¹
1499 761 1628 802 vero
1657 745 1837 802 dixisti
1867 745 2194 800 voluntatem

616 849 673 899 et
698 841 1068 898 necessitatem
1095 840 1250 895 simul
1271 853 1390 894 esse
1418 853 1522 892 non
1550 853 1745 908 posse;
1773 852 1893 892 cum
1918 849 2109 892 cernas
2129 833 2203 888 si-

617 934 731 989 mul
757 947 849 989 eas
891 947 1012 987 esse
1041 946 1161 986 cum
1205 929 1550 995 cencordant,
1597 929 1755 984 simul
1794 943 1916 984 esse
1949 943 2070 983 cum
2099 941 2200 998 pu-

617 1033 803 1094 gnant.
833 1023 963 1078 lllud
1007 1038 1164 1094 porro
1190 1021 1467 1076 ridiculum
1498 1029 1602 1088 est,
1631 1021 1775 1091 quod
1815 1036 1912 1091 pro
1938 1019 2198 1090 impossi-

615 1114 711 1170 hili
748 1113 1006 1186 posuisti,
1041 1131 1060 1165 ‹
1093 1112 1239 1179 nihil,
1278 1129 1300 1164 ›
1333 1112 1540 1179 dicens,
1595 1130 1615 1165 ι
1650 1112 1893 1168 obtusius
1916 1153 1933 1180 ,
1978 1111 2088 1166 imo
2115 1109 2198 1166 fu-

614 1205 814 1262 riosius
838 1207 1077 1277 cogitari,
1114 1213 1172 1260 ut
1211 1213 1489 1276 postquam
1527 1203 1694 1276 coepit
1740 1205 1991 1260 voluntas
2033 1218 2154 1259 esse
2178 1244 2195 1271 ,

613 1297 862 1353 voluntas
907 1311 1026 1354 esse
1057 1295 1310 1352 desierit:
1344 1314 1362 1348 ι
1414 1296 1563 1366 quasi
1614 1309 1725 1350 non
1765 1294 1870 1351 hoc
1915 1295 2027 1361 fiat,
2074 1309 2196 1349 cum

614 1387 779 1444 homo
800 1388 1015 1461 quando
1041 1389 1265 1459 cmperit
1305 1388 1446 1444 male
1488 1387 1689 1458 aliquid
1713 1386 1876 1454 velle,
1922 1400 2048 1441 mox
2072 1399 2198 1442 eum

611 1479 839 1550 pmnitct
874 1488 929 1535 et
968 1479 1164 1536 desinit
1191 1479 1349 1534 velle.
1378 1478 1755 1534 Verumtamen
1797 1477 1922 1532 talia
1953 1477 2194 1548 loquens,
2244 1542 2246 1544 ν

620 1591 642 1626 ι
676 1580 942 1639 contorto,
997 1591 1018 1626 ι
1055 1582 1110 1627 ut
1153 1571 1308 1639 dicis,
1345 1579 1558 1642 gutture
1606 1585 1693 1626 me
1734 1587 1752 1622 ς
1787 1571 1934 1640 cogis
1962 1581 2197 1623 annuere

613 1665 818 1719 nullum
839 1664 889 1718 in
912 1664 1147 1734 parvulis
1167 1677 1290 1719 esse
1310 1672 1589 1734 peccatum
1621 1679 1636 1718 :
1667 1681 1686 1715 ι
1712 1677 1833 1717 cum
1859 1669 1914 1716 tu
1943 1674 2042 1715 nec
2065 1673 2196 1714 con-

611 1765 755 1810 torto
775 1763 986 1822 gutture
1013 1754 1299 1824 abrumpas
1320 1754 1588 1809 vinculum
1623 1751 1901 1807 catholica:
1927 1750 2190 1817 veritatis,

491 1853 518 1936 “
607 1863 714 1918 quo
740 1848 840 1903 nisi
861 1847 910 1902 ei
937 1847 1264 1912 consentias,
1292 1846 1595 1901 miserrimc
1617 1843 1988 1915 strangularis.

676 1937 811 1993 CIV.
837 1937 956 1993 Jun.
998 1936 1154 2005 Quod
1195 1951 1324 1992 vero
1361 1935 1635 2003 addidisti,
1666 1954 1686 1987 ι
1718 1934 1821 1989 Per
1850 1949 2004 1987 unum
2028 1931 2194 1986 homi-

603 2047 718 2084 nem
748 2038 1006 2100 peccatum
1028 2029 1236 2083 intravit
1255 2027 1309 2082 in
1332 2026 1576 2080 mundum
1598 2068 1612 2092 ,
1650 2043 1669 2077 ι
1710 2035 1766 2079 ut
1795 2024 1883 2080 hic
1914 2032 2191 2078 ostensum

604 2129 691 2174 est
713 2118 1274 2174 inconvenientissime
1317 2117 1658 2181 collocatum,
1692 2116 1762 2170 ita
1785 2116 1837 2170 in
1865 2112 2100 2170 secundo
2122 2112 2192 2167 li-

604 2211 706 2266 ltro
736 2209 1182 2281 quemadmodum
1227 2209 1553 2279 intelligatur
1596 2207 1898 2276 expositum
1936 2214 2038 2261 est.
2084 2202 2191 2260 Sed

603 2301 741 2370 jam,
782 2300 1030 2370 prmsenti
1071 2299 1429 2370 disputatione
1472 2297 1740 2369 suppleta,
1786 2296 1915 2352 libet
1944 2295 2190 2350 acutissi-

607 2407 752 2445 mam
775 2393 797 2425 ³
824 2398 1114 2446 retractare
1139 2391 1459 2446 sententiam
1485 2407 1499 2444 :
1524 2390 1603 2443 sic
1623 2391 1766 2444 enim
1794 2387 1991 2458 inquis,
2026 2404 2046 2440 ι
2084 2384 2188 2439 Per

608 2497 772 2534 unum
820 2481 1072 2539 hominem
1113 2488 1372 2550 peccatum
1417 2478 1620 2533 intravit
1659 2478 1715 2532 in
1761 2476 2003 2531 mundum
2031 2484 2077 2530 et
2107 2491 2194 2548 per

610 2581 874 2642 peccatum
898 2589 1033 2628 mors
1050 2588 1070 2638 ;
1089 2582 1134 2626 et
1162 2573 1237 2625 ita
1269 2572 1324 2625 in
1348 2587 1519 2625 omnes
1543 2569 1766 2624 homines
1796 2567 2106 2639 pertransiit,
2138 2567 2190 2621 in

610 2681 712 2734 quo
738 2680 910 2719 omnes
938 2672 1262 2735 peccaverunt
1282 2681 1302 2715 ι
1326 2661 1435 2734 (Id.
1464 2678 1516 2729 v,
1559 2661 1674 2732 l2).
1699 2677 1718 2712 ‹
1742 2661 1847 2716 Per
1868 2659 2024 2716 unius
2051 2659 2191 2715 illius

610 2755 940 2809 voluntatem
966 2755 1160 2808 malam
1179 2767 1365 2808 omnes
1395 2753 1449 2807 in
1485 2767 1549 2808 eo
1576 2760 1950 2822 peccaverunt,
1979 2750 2192 2821 quando

611 2859 802 2901 omnes
828 2845 916 2901 ille
953 2861 1088 2901 unus
1119 2847 1360 2910 fuerunt,
1413 2844 1481 2900 de
1525 2859 1631 2915 quo
1667 2853 1949 2916 propterea
1998 2843 2190 2913 singuli

609 2935 870 3006 originale
898 2943 1170 3007 peccaturo
1203 2943 1478 2990 traxerunt
1503 2953 1522 2988 ο
1553 2933 1654 3010 (De
1682 2934 1891 3005 Nuptiis
1918 2943 1966 2989 et
1991 2933 2192 2989 Concu-

609 3026 875 3095 pisrentia,
906 3027 1138 3095 lib.2,n.
1171 3029 1282 3099 l5).
1319 3045 1338 3078 ‹
1362 3027 1532 3091 Tunc,
1571 3045 1592 3080 ι
1635 3028 1832 3098 inquis,
1883 3044 1903 3078 ι
1939 3041 2193 3098 peccave-

607 3125 753 3183 runt,
783 3117 998 3187 quando
1014 3133 1202 3174 omnes
1242 3119 1330 3174 ille
1361 3134 1497 3173 unus
1525 3118 1757 3174 fuerunt.
1797 3136 1818 3171 ι
1851 3117 1966 3173 Hoc
2011 3127 2188 3174 autem

604 3207 714 3276 jam
737 3207 804 3262 ad
838 3207 1197 3265 Marcellinum
1224 3217 1278 3264 te
1297 3209 1577 3279 scripsisse
1601 3207 1704 3280 (De
1732 3207 2064 3264 Peccatorum
2086 3207 2194 3264 Me-

603 3299 735 3366 ritis,
768 3299 836 3353 tib
859 3301 910 3362 l,
940 3316 994 3354 n.
1042 3301 1131 3365 ll,
1173 3311 1220 3355 et
1251 3299 1341 3356 lib.
1384 3301 1437 3367 3,
1469 3318 1522 3355 n.
1567 3301 1657 3373 ll)
1688 3301 2022 3372 signaveram
2049 3319 2062 3356 :
2086 3316 2191 3372 quo

603 3390 913 3445 testimonio
937 3392 1295 3460 convinceris,
1322 3393 1620 3447 animarum
1651 3392 1925 3449 traducem
1976 3393 2044 3449 de
2079 3393 2190 3448 Ma-

604 3479 799 3535 nichaei
847 3481 1151 3552 specialiter
1199 3483 1493 3538 visceribus
1543 3493 1822 3554 acceptum
1847 3483 1869 3516 ³
1917 3483 2094 3554 (cujus
2136 3483 2190 3539 in

605 3572 764 3628 tertio
794 3573 931 3628 libro
972 3574 1266 3629 sententias
1294 3572 1533 3645 inserui)
1579 3573 1802 3631 credere
1847 3582 2007 3645 atque
2041 3589 2188 3630 com-

605 3663 789 3733 plecti.
817 3662 971 3732 Quod
998 3673 1146 3721 certe
1173 3672 1283 3719 tam
1312 3662 1556 3720 deforme
1591 3672 1698 3730 est,
1727 3673 1785 3720 ut
1811 3672 1868 3720 tu
1899 3665 2030 3720 illud
2066 3681 2188 3720 cum

603 3753 894 3826 significes,
934 3771 1270 3826 nequaquam
1309 3763 1486 3812 tamen
1527 3755 1728 3812 audeas
1769 3757 2030 3826 profiteri.
2085 3755 2192 3812 Sed

605 3845 712 3902 hoc
734 3861 833 3902 nos
855 3847 908 3902 in
931 3849 1180 3918 praesenti
1201 3847 1416 3902 interim
1438 3847 1768 3916 differamus,
1797 3849 1938 3919 quod
1963 3857 2018 3904 et
2046 3849 2192 3919 prio-

604 3939 686 3996 ris
707 3953 850 3995 asset
861 3940 994 3994 toris
1020 3939 1101 3994 sui
1125 3939 1475 4006 obscenitate,
1501 3947 1557 3995 et
1581 3940 1873 4009 sequentis,
1903 3939 1956 3994 id
1977 3948 2078 4006 est,
2103 3949 2194 3996 tuo

610 4028 1109 4100 pavorejugulatur.
1131 4027 1268 4084 Illud
1284 4038 1460 4084 autem
1490 4029 1543 4084 in
1568 4028 2192 4099 przesentidispieereju-

609 4129 738 4188 vat,
765 4129 961 4191 quanta
989 4119 1042 4175 in
1063 4119 1381 4190 disputando
1401 4117 1803 4190 perturbatione
1832 4119 2070 4189 jacteris.
2101 4121 2194 4175 Ais

609 4212 806 4284 quippe
829 4229 846 4265 :
873 4231 894 4265 ε
923 4212 1024 4268 Per
1039 4213 1195 4268 unius
1217 4211 1362 4266 illius
1382 4211 1701 4267 voluntatem
1722 4211 1914 4267 malam
1939 4227 2124 4267 onmes
2141 4213 2193 4267 in

609 4316 678 4357 eo
703 4310 1074 4372 peccaverunt,
1102 4300 1314 4372 quando
1343 4315 1528 4356 omnes
1556 4300 1644 4355 ille
1671 4314 1808 4356 unus
1822 4299 2052 4355 fuerunt.
2088 4319 2107 4353 ι
2137 4300 2194 4356 Si

611 4407 799 4448 omnes
817 4391 904 4448 ille
926 4408 1066 4448 unus
1077 4392 1307 4456 fuerunt,
1329 4391 1592 4462 quomodo
1609 4407 1704 4462 per
1717 4391 2038 4448 voluntatem
2056 4393 2195 4447 illius

613 4483 808 4538 malam
832 4498 1021 4539 omnes
1058 4492 1442 4554 peccaverunt;
1469 4498 1590 4539 cum
1630 4483 1719 4538 isti
1744 4499 1950 4552 omnes,
1977 4500 2112 4556 quos
2140 4486 2192 4541 in

613 4577 710 4632 illo
743 4574 907 4632 fuisse
952 4576 1106 4644 dicis,
1162 4590 1257 4631 sua
1300 4575 1570 4646 potuerint
1614 4575 1886 4632 voluntate
1933 4577 2194 4647 peccare?

611 4669 747 4736 luto,
774 4677 832 4724 ut
860 4677 1282 4738 retorqueamus,
1315 4667 1403 4722 ille
1428 4666 1693 4724 infelicior
1719 4668 1945 4735 cunctis,
1979 4668 2069 4740 qui
2099 4683 2191 4724 so-

611 4759 698 4816 lus
736 4767 912 4830 portat
952 4758 1224 4824 invidiam,
1268 4772 1388 4814 cum
1433 4772 1622 4815 omnes
1667 4756 1722 4814 in
1763 4759 1856 4814 illo
1901 4759 2192 4815 secundum

611 4865 760 4912 tuum
784 4853 976 4926 dogma
1001 4853 1344 4924 deliquerint.
1376 4851 1684 4908 Habuerunt
1708 4866 1840 4922 ergo
1864 4851 2067 4922 parvuli
2093 4867 2192 4906 vo-

613 4948 887 5012 luntatem,
936 4961 1045 5002 non
1092 4945 1268 5000 solum
1293 4952 1576 5014 antequam
1605 4951 1975 5010 nascerentur,
2007 4956 2193 4997 verum

614 5044 897 5104 antequam
926 5034 1113 5105 proavi
1153 5048 1341 5090 eorum
1376 5040 1792 5102 generarentur;
1843 5039 1899 5087 et
1944 5031 2026 5086 usi
2070 5039 2195 5086 sunt

616 5125 890 5186 electionis
929 5124 1172 5190 arbitrio,
1203 5123 1514 5193 priusquam
1557 5120 1871 5177 substantiae
1893 5134 2082 5174 eorum
2105 5133 2194 5175 se-

618 5215 760 5268 mina
786 5216 1163 5272 conderentur.
1194 5212 1304 5268 Cur
1341 5211 1519 5280 itaque
1561 5209 1756 5266 metuis
1785 5209 1996 5273 dicere,
2037 5208 2090 5262 in
2117 5209 2196 5263 eis

623 5313 860 5374 tempore
897 5309 1251 5370 conceptuum
1278 5315 1496 5356 suorum
1540 5313 1662 5356 esse
1701 5298 1924 5354 liberam
1949 5297 2196 5353 volunta-

623 5402 728 5448 tem
750 5431 768 5458 ,
817 5407 929 5465 qua
974 5402 1246 5460 peccatum
1295 5405 1402 5447 non
1452 5389 1664 5443 trahant
1719 5387 2052 5449 naturaliter.
2101 5388 2197 5443 sed

623 5489 815 5552 sponte
840 5479 1206 5546 committant;
1255 5480 1302 5536 si
1347 5477 1524 5534 credis
1565 5491 1658 5536 eos
1698 5476 1858 5534 hodie
1881 5483 2192 5549 conceptos,

683 5732 704 5797 ξ
739 5729 1030 5793 vlgnlerms,
1055 5724 1142 5797 ita.
1171 5731 1230 5797 :tt
1253 5733 1382 5786 Mss,
1407 5728 1472 5773 tu.

683 5791 707 5825 ⁸
738 5791 884 5849 Pori...
905 5791 1328 5838 accusatisst‘mam.

683 5853 703 5886 ³
733 5857 894 5916 γει-ιθ,
917 5855 1176 5914 acceptam.

1291 451 1534 508 OPERIS
1574 447 1982 508 IMPERFECTI
2017 445 2294 505 CONTRA
2329 443 2687 514 JULlANUll,
2728 447 2784 504 S.
2825 447 3193 506 AUGUSTINI

3736 457 3869 517 “00

2313 567 2437 615 ante
2463 567 2537 615 tot
2564 559 2756 616 smcula
2785 560 3034 617 habuisse
3063 576 3303 632 sensum,
3335 564 3614 639 judicium,
3641 570 3866 630 efficien-

2313 653 2438 708 tiam
2461 655 2785 710 voluntatis?
2809 654 2961 724 Quod
2987 655 3199 727 quidem
3228 656 3281 712 in
3321 659 3470 716 libris
3495 677 3629 733 quos
3653 663 3718 720 ad
3742 664 3868 723 Mar-

2309 742 2486 797 cellini
2517 758 2713 800 nomen
2738 743 2970 814 edidisti,
3013 760 3120 802 non
3164 745 3417 805 dubitasti
3466 766 3698 822 ponere;
3727 757 3872 825 plane

2307 833 2376 888 ad
2417 836 2803 892 ostendendum
2842 851 2944 909 qua
2971 839 3202 895 amentia
3229 848 3510 899 teneantur
3537 845 3736 902 inimici
3762 848 3870 905 Dei.

2306 923 2384 980 lbi
2414 925 2556 981 enim
2587 925 2660 982 ita
2683 929 2796 982 ais:
2833 946 2853 980 ι
2881 928 2981 995 Qui
3004 930 3208 1000 parvuli
3240 931 3292 986 in
3313 932 3482 988 Adam
3510 949 3868 1008 peccaverunt,

2306 1027 2366 1073 ut
2385 1017 2434 1073 ei
2458 1019 2659 1076 similes
2677 1028 2989 1078 crearentur
3016 1041 3036 1076 ι
3065 1021 3170 1095 (De
3196 1022 3522 1080 Peccatorum
3547 1027 3758 1097 Meritis,
3789 1031 3866 1086 lib.

2305 1111 2361 1180 l,
2394 1128 2448 1167 n.
2479 1113 2592 1184 ll).
2619 1113 2738 1182 Quo
2783 1113 2909 1186 quid
2959 1114 3286 1184 mendacius,
3338 1121 3630 1186 amantius;
3647 1129 3700 1176 et
3723 1137 3868 1191 spur-

2303 1202 2420 1258 cius
2461 1203 2636 1273 potuit
2683 1204 2956 1271 insonare,
2986 1220 3144 1276 quam
3201 1224 3220 1260 (
3251 1214 3376 1262 ante
3424 1220 3789 1280 peccaverunt,
3818 1222 3868 1269 ut

2302 1297 2649 1352 crearentur?
2682 1316 2702 1350 ι
2736 1296 2794 1353 ld
2817 1305 2920 1363 est,
2951 1296 3194 1353 faciendo
3217 1308 3542 1366 meruerunt,
3572 1309 3629 1355 ut
3664 1313 3868 1372 possent

2303 1402 2425 1445 esse
2446 1387 2535 1458 qui
2561 1386 2757 1458 aliquid
2786 1395 3168 1458 operarentur;
3196 1396 3250 1443 et
3281 1389 3549 1460 antiquior
3569 1405 3752 1446 eorum
3777 1391 3867 1448 fuit

2301 1477 2462 1545 actio,
2505 1491 2664 1548 quam
2707 1476 3025 1533 substantia.
3071 1477 3203 1545 Qua:
3229 1487 3552 1548 commenta,
3603 1479 3774 1551 Orgiis
3817 1492 3868 1538 et

2303 1565 2524 1638 Thyrsis
2574 1567 2777 1638 aptiora
2832 1582 2992 1639 quam
3039 1568 3228 1625 litteris
3256 1611 3272 1637 ,
3325 1569 3585 1627 indicasse
3628 1571 3865 1629 sufficiat.

2302 1655 2430 1714 lnde
2457 1672 2583 1728 ergo
2610 1658 2846 1723 manavit
2884 1657 2983 1714 ista
3020 1660 3297 1730 responsio
3320 1701 3336 1728 ,
3366 1675 3467 1730 qua
3501 1661 3658 1728 dicis,
3693 1661 3866 1719 Omnes

2299 1747 2355 1803 in
2379 1765 2437 1804 eo
2461 1759 2782 1818 peccaverunt
2805 1790 2821 1816 ,
2851 1751 3054 1820 quando
3079 1752 3167 1806 ille
3190 1768 3322 1806 unus
3345 1769 3513 1808 omnes
3540 1753 3742 1824 fuerunt
3765 1797 3781 1822 ,
3804 1757 3864 1812 de

2299 1856 2398 1910 quo
2447 1841 2636 1910 singuli
2673 1849 2933 1912 peccatum
2979 1842 3226 1912 originale
3272 1852 3548 1897 traxerunt.
3603 1845 3696 1899 llic
3729 1846 3863 1902 enim

2298 1929 2644 1986 laborandum
2688 1945 2795 1985 non
2832 1937 2954 1994 est,
2995 1939 3054 1986 ut
3106 1931 3427 1998 doceamus,
3473 1947 3591 1988 cum
3635 1934 3864 1993 voluntas

2297 2033 2432 2090 opus
2455 2035 2699 2090 persona:
2741 2021 2842 2087 sit,
2874 2020 3198 2079 voluntatem
3226 2031 3350 2080 ante
3377 2039 3653 2094 personam
3677 2069 3693 2092 ,
3721 2027 3864 2098 cujus

2297 2110 2542 2165 voluntas
2588 2119 2707 2178 est,
2770 2125 2890 2167 esse
2937 2125 3044 2167 non
3091 2127 3249 2183 posse
3300 2131 3314 2167 :
3361 2115 3453 2170 sed
3496 2115 3622 2171 illud
3659 2118 3862 2188 potissi-

2296 2213 2442 2254 mum
2472 2199 2694 2270 intelligi
2718 2201 2840 2255 volo
2866 2242 2881 2267 ,
2912 2202 3036 2272 quia
3062 2217 3160 2258 nec
3187 2203 3476 2259 secundum
3507 2204 3642 2262 hanc
3663 2208 3862 2278 Opinio-

2296 2304 2419 2346 nem
2449 2298 2532 2347 est
2576 2291 2832 2362 originale
2867 2301 3162 2362 peccatum.
3201 2294 3334 2350 Nam
3371 2295 3417 2350 si
3445 2311 3628 2353 omnes
3656 2299 3725 2354 ibi
3754 2299 3862 2356 fue-

2295 2391 2421 2440 runt
2469 2384 2560 2455 qui
2605 2394 2996 2456 peccaverunt,
3027 2385 3162 2442 nihil
3209 2395 3480 2444 traxerunt
3523 2389 3589 2444 de
3629 2391 3860 2462 originali

2294 2477 2470 2544 malo,
2497 2478 2620 2548 quia
2650 2478 2702 2533 id
2731 2479 2962 2534 universi
2989 2480 3100 2536 suis
3124 2479 3312 2535 studiis
3333 2490 3714 2551 perpetrarent.
3741 2483 3862 2538 Tra-

2294 2565 2399 2622 dux
2452 2581 2580 2638 ergo
2620 2569 2823 2638 peccati
2862 2584 2969 2624 non
3008 2568 3178 2624 solum
3225 2570 3482 2625 catholica
3525 2573 3740 2628 veritate
3770 2572 3856 2628 de-

2295 2658 2534 2724 struitur,
2551 2673 2733 2713 verum
2755 2659 2914 2714 etiam
2933 2659 3138 2730 patroni
3158 2658 3238 2714 sui
3257 2661 3577 2731 argumentis
3595 2662 3860 2719 omnibus:

2295 2748 2435 2820 quod
2475 2748 2689 2820 quidem
2738 2749 2902 2806 habet
2946 2749 3340 2806 mendaciorum
3392 2759 3608 2820 natura,
3657 2762 3716 2808 ut
3761 2767 3860 2808 non

2294 2848 2472 2898 servet
2506 2839 2787 2897 simulandi
2813 2841 3195 2897 concinentiam
3214 2881 3231 2907 ,
3272 2841 3366 2897 sed
3398 2843 3721 2898 verecundia:
3747 2859 3863 2914 pro-

2293 2928 2414 3000 diga
2432 2969 2448 2996 ,
2478 2937 2534 2985 et
2557 2928 2717 2986 alieni
2741 2937 2996 3002 appetens
3018 2969 3034 2998 ,
3064 2929 3117 2985 in
3148 2930 3406 2986 universis
3430 2947 3546 3003 qua:
3588 2948 3862 3005 usurpave-

2294 3019 2365 3074 rit
2388 3018 2687 3090 detegatur.

2365 3093 2500 3166 Ade.
2541 3109 2645 3165 Per
2661 3124 2828 3164 unum
2848 3107 3118 3166 hominem
3141 3150 3158 3176 ,
3189 3111 3242 3166 in
3273 3126 3379 3182 quo
3403 3125 3588 3170 omnes
3612 3128 3862 3184 peccave-

2293 3207 2455 3268 runt,
2487 3199 2543 3254 in
2570 3199 2827 3256 mundum
2857 3199 3086 3256 intrasse
3125 3210 3398 3272 peccatum
3423 3241 3439 3267 ,
3479 3201 3611 3258 dixit
3643 3205 3864 3274 Aposto-

2295 3293 2376 3349 lus
2399 3333 2417 3358 ,
2447 3291 2707 3348 intellexit
2735 3292 3049 3348 Ambrosius
3080 3309 3094 3346 :
3125 3292 3218 3350 sed
3247 3293 3434 3350 eadem
3461 3294 3617 3349 verba
3653 3305 3862 3366 aposto-

2295 3385 2396 3442 lica
2425 3386 2480 3447 in
2521 3400 2675 3442 suum
2719 3399 3029 3454 perversum
3064 3399 3280 3441 sensum
3319 3394 3539 3442 conatur
3572 3395 3863 3457 pervertere

2293 3474 2551 3536 Julianus.
2594 3475 2704 3532 Cur
2729 3475 2780 3531 ei
2817 3491 2924 3531 non
2964 3475 3078 3545 ipse
3111 3476 3292 3546 potius
3340 3477 3623 3546 respondet
3644 3478 3864 3534 Ambro-

2294 3565 2448 3623 sius?
2493 3565 2633 3622 Audi
2669 3579 2834 3637 ergo,
2862 3565 3071 3622 Iuliane
3097 3583 3111 3621 :
3146 3564 3361 3631 Omnes,
3392 3565 3594 3637 inquit,
3624 3567 3677 3621 in
3705 3567 3864 3621 Adam

2294 3657 2610 3722 moriuntur;
2635 3656 2753 3728 quia
2778 3673 2797 3708 ς
2817 3672 2908 3726 per
2933 3672 3091 3710 unum
3115 3656 3367 3710 hominem
3395 3663 3642 3726 peccatum
3668 3657 3866 3709 intrarit

2295 3747 2348 3802 in
2373 3745 2653 3813 mundum,
2678 3755 2726 3800 et
2749 3761 2841 3817 per
2866 3755 3126 3817 peccatum
3148 3761 3284 3800 mors
3309 3763 3331 3813 ;
3352 3754 3400 3800 et
3423 3745 3494 3800 ita
3515 3746 3567 3800 in
3593 3761 3759 3800 omnes
3783 3745 3865 3799 lio-

2294 3837 2455 3890 mines
2497 3836 2786 3906 pertransiit
2807 3875 2822 3901 ,
2845 3835 2900 3889 in
2935 3851 3034 3907 quo
3071 3852 3242 3890 omnes
3283 3847 3606 3907 peccaverunt
3630 3853 3650 3890 :
3683 3854 3703 3889 ι
3732 3836 3865 3890 illius

2296 3942 2414 3998 ergo
2447 3926 2602 3996 culpa
2636 3941 2772 3980 mors
2798 3926 3022 3979 omnium
3049 3936 3124 3982 est
3154 3925 3301 3998 (Lib.
3323 3927 3358 3982 Δ
3379 3926 3434 3985 in
3469 3925 3593 3982 Luc.
3631 3941 3704 3990 tv,
3734 3925 3861 3994 38).

2296 4015 2435 4071 Audi
2475 4014 2650 4070 adhuc
2681 4014 2825 4071 aliud
2873 4033 2887 4070 :
2928 4014 3094 4083 Fuit,
3129 4007 3332 4087 inquit,
3375 4017 3575 4083 Adam,
3615 4027 3661 4072 et
3693 4017 3747 4070 in
3776 4018 3868 4072 illo

2297 4106 2486 4178 fuimus
2509 4121 2681 4160 omnes
2706 4122 2728 4170 ;
2754 4105 2902 4176 periit
2925 4105 3088 4159 Adam
3111 4146 3128 4173 ,
3155 4116 3202 4160 et
3236 4122 3408 4161 omnes
3431 4108 3484 4161 in
3503 4107 3591 4163 illo
3614 4107 3866 4178 perierunt

2302 4193 2448 4265 (Lib.
2476 4194 2509 4246 7
2533 4194 2587 4249 in
2610 4192 2738 4248 Luc.
2767 4208 2859 4259 xv,
2886 4192 3168 4266 24).;lluic
3185 4194 3292 4262 dic,
3318 4195 3361 4250 si
3388 4195 3571 4262 audes,
3599 4194 3736 4264 quod
3763 4209 3868 4249 una

2297 4285 2475 4339 anima
2487 4284 2703 4354 propria
2717 4283 2988 4339 voluntate
3018 4293 3287 4354 peccante,
3316 4299 3422 4340 non
3440 4291 3716 4354 potuerunt
3740 4298 3860 4352 per-

2297 4372 2376 4428 ire
2413 4379 2491 4427 tot
2515 4372 2705 4426 anima:
2730 4371 2967 4434 nondum.
2992 4371 3248 4428 habentes
3286 4373 3526 4442 proprias
3551 4372 3866 4428 voluntates.

2297 4463 2475 4532 Argue
2501 4461 2518 4493 ¹
2561 4461 2629 4518 de
2673 4462 2874 4532 origine
2901 4462 3196 4518 animarum
3235 4463 3618 4519 cunctationem
3659 4477 3860 4527 meam,

2297 4553 2420 4624 quia
2456 4566 2562 4608 non
2602 4553 2770 4608 audeo
2809 4553 3002 4609 docere
3033 4554 3116 4611 vel
3163 4554 3428 4610 affirmare
3465 4554 3603 4626 quod
3642 4555 3815 4609 nescio
3846 4571 3862 4608 :

2297 4642 2477 4714 profer
2502 4651 2559 4700 tu
2583 4642 2649 4699 de
2667 4642 2827 4713 hujus
2852 4644 2930 4698 rei
2959 4653 3065 4698 tam
3091 4644 3350 4715 profunda
3375 4645 3691 4700 obscuritate
3725 4643 3864 4714 quod

2297 4735 2472 4805 placet
2501 4750 2517 4802 ;
2543 4733 2668 4789 dum
2693 4742 2872 4790 tamen
2897 4733 3000 4790 fixa
3026 4742 3080 4789 et
3105 4735 3414 4791 inconcussa
3437 4735 3505 4791 sit
3529 4734 3625 4788 ista
3652 4742 3860 4789 senten-

2299 4825 2370 4878 tia
2389 4863 2406 4891 ,
2438 4823 2562 4894 quia
2592 4822 2730 4878 illius
2759 4824 2917 4879 unius
2957 4823 3111 4894 culpa
3141 4840 3287 4880 mors
3319 4825 3556 4882 omnium
3585 4831 3698 4891 est,
3724 4834 3776 4878 et
3809 4824 3862 4879 iu

2297 4914 2392 4970 illo
2427 4929 2615 4969 onmes
2641 4913 2913 4983 perierunt
2939 4929 2954 4978 ;
2981 4913 3123 4969 unde
3154 4911 3302 4970 venit
3340 4914 3659 4969 novissimus
3699 4913 3866 4968 Adam

2297 5017 2539 5074 quaerere
2564 5011 2618 5058 et
2638 5003 2849 5057 salvere
2873 5001 3012 5072 quod
3039 5002 3268 5072 perierat
3285 5002 3436 5074 (Luc.
3466 5020 3579 5070 xix,
3603 5004 3710 5075 l0).
3738 5003 3868 5057 lluic

2298 5091 2416 5159 dic,
2453 5092 2521 5146 Et
2547 5091 2634 5146 isti
2660 5106 2787 5162 ergo
2825 5106 2921 5147 sua
2957 5093 3227 5149 voluntate
3253 5104 3788 5163 peccaverunt,un
3814 5094 3870 5147 in

2299 5182 2391 5239 illo
2413 5182 2636 5253 periisse
2654 5181 2787 5239 dicis
2807 5224 2822 5250 ,
2852 5183 2942 5254 qui
2966 5197 3060 5238 sua
3080 5185 3351 5240 voluntate
3373 5185 3624 5254 peccavit.
3655 5182 3756 5239 Sed
3778 5197 3871 5251 pos

2301 5283 2438 5330 terat
2464 5273 2775 5328 Ambrosius
2803 5273 2906 5328 hoc
2932 5273 3232 5344 intelligere
3255 5314 3271 5340 ,
3295 5274 3436 5345 quod
3477 5283 3532 5328 tu
3557 5289 3658 5328 non
3686 5283 3835 5342 potes
3853 5311 3870 5333 ,

2303 5381 2408 5422 non
2463 5365 2567 5421 hoc
2601 5364 2709 5420 dici
2753 5375 2972 5437 propter
2993 5368 3014 5398 ⁸
3043 5365 3320 5421 arbitrium
3359 5365 3677 5435 singulorum
3713 5403 3731 5430 ,
3776 5361 3873 5416 scd

2301 5464 2521 5528 propter
2545 5455 2803 5527 originem
2831 5457 3051 5513 seminis
3070 5497 3086 5523 ,
3119 5457 3258 5512 unde
3280 5471 3468 5513 omnes
3493 5454 3651 5510 futuri
3677 5462 3829 5508 erant
3857 5469 3873 5505 :

2303 5543 2592 5601 secundum
2632 5560 2789 5615 quam
2830 5545 3090 5617 originem
3115 5560 3303 5601 omnes
3331 5545 3385 5600 in
3419 5545 3510 5600 illo
3547 5559 3652 5599 uno
3687 5550 3873 5606 erant,

2304 5644 2360 5693 et
2383 5636 2439 5692 hi
2464 5649 2650 5692 omnes
2669 5649 2805 5692 unus
2823 5635 2915 5693 ille
2931 5645 3104 5704 erant,
3125 5637 3216 5708 qui
3240 5636 3294 5692 in
3319 5650 3378 5692 se
3397 5635 3523 5707 ipsis
3549 5633 3675 5690 nulli
3703 5633 3877 5689 adhuc

2369 5809 2392 5901 ζ
2422 5813 2578 5919 ’διῊᾶ
2597 5811 3248 5935 ἕῗὲξῖηὲδῗίῦττᾜῡυξὲωηέ
3267 5865 3357 5920 sed
3379 5865 3517 5920 abest
3537 5876 3566 5917 ι
3587 5870 3694 5916 llas.
