  <div class='ocr_page' id='page_1' title='image "/cluster/home/n/w/nwhite01/storage/ocr_20150623/44-45/uc1.31175026792435/710.png"; bbox 0 0 4124 6518; ppageno 0'>
   <div class='ocr_carea' id='block_1_1' title="bbox 376 535 1960 615">
    <p class='ocr_par' dir='ltr' id='par_1_1' title="bbox 376 535 1960 615">
     <span class='ocr_line' id='line_1_1' title="bbox 376 535 1960 615; baseline -0.016 0"><span class='ocrx_word' id='word_1_1' title='bbox 376 561 551 615; x_wconf 63' lang='lat' dir='ltr'><strong>sunt.</strong></span> <span class='ocrx_word' id='word_1_2' title='bbox 585 547 892 609; x_wconf 81' lang='lat' dir='ltr'><strong>Secundum</strong></span> <span class='ocrx_word' id='word_1_3' title='bbox 933 544 1069 600; x_wconf 88' lang='lat' dir='ltr'><strong>banc</strong></span> <span class='ocrx_word' id='word_1_4' title='bbox 1103 539 1365 613; x_wconf 75' lang='lat' dir='ltr'><strong>originem</strong></span> <span class='ocrx_word' id='word_1_5' title='bbox 1407 535 1754 601; x_wconf 67' lang='lat' dir='ltr'><strong>somniantem,</strong></span> <span class='ocrx_word' id='word_1_6' title='bbox 1799 536 1960 592; x_wconf 88' lang='lat' dir='ltr'><strong>etiam</strong></span> 
     </span>
    </p>
   </div>
   <div class='ocr_carea' id='block_1_2' title="bbox 379 625 1962 708">
    <p class='ocr_par' dir='ltr' id='par_1_2' title="bbox 379 625 1962 708">
     <span class='ocr_line' id='line_1_2' title="bbox 379 625 1962 708; baseline -0.013 -8"><span class='ocrx_word' id='word_1_7' title='bbox 379 643 510 706; x_wconf 79' lang='lat' dir='ltr'><strong>Levi</strong></span> <span class='ocrx_word' id='word_1_8' title='bbox 551 643 606 699; x_wconf 91' lang='lat' dir='ltr'><strong>in</strong></span> <span class='ocrx_word' id='word_1_9' title='bbox 653 639 846 697; x_wconf 89' lang='lat' dir='ltr'><strong>lumbis</strong></span> <span class='ocrx_word' id='word_1_10' title='bbox 884 636 1048 708; x_wconf 89' lang='lat' dir='ltr'><strong>patris</strong></span> <span class='ocrx_word' id='word_1_11' title='bbox 1094 632 1177 688; x_wconf 88' lang='lat' dir='ltr'><strong>sui</strong></span> <span class='ocrx_word' id='word_1_12' title='bbox 1223 629 1491 687; x_wconf 73' lang='lat' dir='ltr'><strong>Abraham</strong></span> <span class='ocrx_word' id='word_1_13' title='bbox 1524 627 1687 682; x_wconf 88' lang='lat' dir='ltr'><strong>fuisse</strong></span> <span class='ocrx_word' id='word_1_14' title='bbox 1733 625 1962 690; x_wconf 88' lang='lat' dir='ltr'><strong>dicitur,</strong></span> 
     </span>
    </p>
   </div>
   <div class='ocr_carea' id='block_1_3' title="bbox 379 713 1968 810">
    <p class='ocr_par' dir='ltr' id='par_1_3' title="bbox 379 713 1968 810">
     <span class='ocr_line' id='line_1_3' title="bbox 379 713 1968 810; baseline -0.015 -16"><span class='ocrx_word' id='word_1_15' title='bbox 379 735 593 810; x_wconf 82' lang='lat' dir='ltr'><strong>quando</strong></span> <span class='ocrx_word' id='word_1_16' title='bbox 616 749 645 788; x_wconf 91' lang='lat' dir='ltr'><strong>a</strong></span> <span class='ocrx_word' id='word_1_17' title='bbox 666 723 1058 788; x_wconf 77' lang='lat' dir='ltr'><strong>Melchisedech</strong></span> <span class='ocrx_word' id='word_1_18' title='bbox 1077 721 1370 779; x_wconf 79' lang='lat' dir='ltr'><strong>decimatas</strong></span> <span class='ocrx_word' id='word_1_19' title='bbox 1389 728 1470 776; x_wconf 84' lang='lat' dir='ltr'><strong>est</strong></span> <span class='ocrx_word' id='word_1_20' title='bbox 1483 718 1763 810; x_wconf 79' lang='lat' dir='ltr'><strong>Abraham</strong></span> <span class='ocrx_word' id='word_1_21' title='bbox 1787 713 1968 810; x_wconf 52' lang='lat' dir='ltr'><strong>itinde</strong></span> 
     </span>
    </p>
   </div>
   <div class='ocr_carea' id='block_1_4' title="bbox 383 807 1966 899">
    <p class='ocr_par' dir='ltr' id='par_1_4' title="bbox 383 807 1966 899">
     <span class='ocr_line' id='line_1_4' title="bbox 383 807 1966 899; baseline -0.017 -13"><span class='ocrx_word' id='word_1_22' title='bbox 383 807 437 886; x_wconf 80' lang='lat' dir='ltr'><strong>et</strong></span> <span class='ocrx_word' id='word_1_23' title='bbox 478 829 593 899; x_wconf 88' lang='lat' dir='ltr'><strong>ipse</strong></span> <span class='ocrx_word' id='word_1_24' title='bbox 633 822 762 880; x_wconf 88' lang='lat' dir='ltr'><strong>Levi</strong></span> <span class='ocrx_word' id='word_1_25' title='bbox 806 828 932 876; x_wconf 90' lang='lat' dir='ltr'><strong>tunc</strong></span> <span class='ocrx_word' id='word_1_26' title='bbox 973 817 1268 873; x_wconf 79' lang='lat' dir='ltr'><strong>decimatus</strong></span> <span class='ocrx_word' id='word_1_27' title='bbox 1308 809 1640 874; x_wconf 87' lang='lat' dir='ltr'><strong>ostenditur,</strong></span> <span class='ocrx_word' id='word_1_28' title='bbox 1675 822 1781 899; x_wconf 82' lang='lat' dir='ltr'><strong>non</strong></span> <span class='ocrx_word' id='word_1_29' title='bbox 1812 807 1864 860; x_wconf 92' lang='lat' dir='ltr'><strong>in</strong></span> <span class='ocrx_word' id='word_1_30' title='bbox 1905 819 1966 860; x_wconf 89' lang='lat' dir='ltr'><strong>se</strong></span> 
     </span>
    </p>
   </div>
   <div class='ocr_carea' id='block_1_5' title="bbox 381 896 1966 989">
    <p class='ocr_par' dir='ltr' id='par_1_5' title="bbox 381 896 1966 989">
     <span class='ocr_line' id='line_1_5' title="bbox 381 896 1966 989; baseline -0.016 -15"><span class='ocrx_word' id='word_1_31' title='bbox 381 896 532 989; x_wconf 50' lang='lat' dir='ltr'><strong>ipso,</strong></span> <span class='ocrx_word' id='word_1_32' title='bbox 559 915 654 970; x_wconf 88' lang='lat' dir='ltr'><strong>sed</strong></span> <span class='ocrx_word' id='word_1_33' title='bbox 684 915 740 969; x_wconf 92' lang='lat' dir='ltr'><strong>in</strong></span> <span class='ocrx_word' id='word_1_34' title='bbox 762 911 854 967; x_wconf 92' lang='lat' dir='ltr'><strong>illo</strong></span> <span class='ocrx_word' id='word_1_35' title='bbox 879 911 932 964; x_wconf 92' lang='lat' dir='ltr'><strong>iu</strong></span> <span class='ocrx_word' id='word_1_36' title='bbox 958 907 1108 977; x_wconf 82' lang='lat' dir='ltr'><strong>cujus</strong></span> <span class='ocrx_word' id='word_1_37' title='bbox 1134 904 1235 960; x_wconf 91' lang='lat' dir='ltr'><strong>fuit</strong></span> <span class='ocrx_word' id='word_1_38' title='bbox 1255 901 1450 958; x_wconf 87' lang='lat' dir='ltr'><strong>lumbis</strong></span> <span class='ocrx_word' id='word_1_39' title='bbox 1475 917 1487 953; x_wconf 93' lang='lat'><strong>:</strong></span> <span class='ocrx_word' id='word_1_40' title='bbox 1519 913 1618 954; x_wconf 82' lang='lat' dir='ltr'><strong>nec</strong></span> <span class='ocrx_word' id='word_1_41' title='bbox 1641 896 1830 962; x_wconf 86' lang='lat' dir='ltr'><strong>voluit,</strong></span> <span class='ocrx_word' id='word_1_42' title='bbox 1865 908 1966 950; x_wconf 87' lang='lat' dir='ltr'><strong>nec</strong></span> 
     </span>
    </p>
   </div>
   <div class='ocr_carea' id='block_1_6' title="bbox 383 989 1962 1071">
    <p class='ocr_par' dir='ltr' id='par_1_6' title="bbox 383 989 1962 1071">
     <span class='ocr_line' id='line_1_6' title="bbox 383 989 1962 1071; baseline -0.016 -6"><span class='ocrx_word' id='word_1_43' title='bbox 383 1007 553 1068; x_wconf 89' lang='lat' dir='ltr'><strong>noluit</strong></span> <span class='ocrx_word' id='word_1_44' title='bbox 579 1001 836 1062; x_wconf 83' lang='lat' dir='ltr'><strong>decimari</strong></span> <span class='ocrx_word' id='word_1_45' title='bbox 869 1019 885 1068; x_wconf 92' lang='lat'><strong>;</strong></span> <span class='ocrx_word' id='word_1_46' title='bbox 915 998 1169 1071; x_wconf 89' lang='lat' dir='ltr'><strong>quoniam</strong></span> <span class='ocrx_word' id='word_1_47' title='bbox 1198 994 1342 1052; x_wconf 83' lang='lat' dir='ltr'><strong>nulla</strong></span> <span class='ocrx_word' id='word_1_48' title='bbox 1377 992 1496 1063; x_wconf 81' lang='lat' dir='ltr'><strong>ejus</strong></span> <span class='ocrx_word' id='word_1_49' title='bbox 1537 989 1782 1045; x_wconf 88' lang='lat' dir='ltr'><strong>voluntas</strong></span> <span class='ocrx_word' id='word_1_50' title='bbox 1811 993 1962 1052; x_wconf 86' lang='lat' dir='ltr'><strong>erat,</strong></span> 
     </span>
    </p>
   </div>
   <div class='ocr_carea' id='block_1_7' title="bbox 382 1076 1968 1171">
    <p class='ocr_par' dir='ltr' id='par_1_7' title="bbox 382 1076 1968 1171">
     <span class='ocr_line' id='line_1_7' title="bbox 382 1076 1968 1171; baseline -0.017 -14"><span class='ocrx_word' id='word_1_51' title='bbox 382 1096 596 1171; x_wconf 82' lang='lat' dir='ltr'><strong>quando</strong></span> <span class='ocrx_word' id='word_1_52' title='bbox 621 1092 912 1154; x_wconf 87' lang='lat' dir='ltr'><strong>secundum</strong></span> <span class='ocrx_word' id='word_1_53' title='bbox 939 1088 1287 1147; x_wconf 75' lang='lat' dir='ltr'><strong>substantiam</strong></span> <span class='ocrx_word' id='word_1_54' title='bbox 1315 1094 1334 1126; x_wconf 76' lang='grc' dir='ltr'>ι</span> <span class='ocrx_word' id='word_1_55' title='bbox 1363 1098 1512 1141; x_wconf 88' lang='lat' dir='ltr'><strong>suam</strong></span> <span class='ocrx_word' id='word_1_56' title='bbox 1540 1095 1638 1136; x_wconf 83' lang='lat' dir='ltr'><strong>nec</strong></span> <span class='ocrx_word' id='word_1_57' title='bbox 1660 1080 1772 1150; x_wconf 88' lang='lat' dir='ltr'><strong>ipse</strong></span> <span class='ocrx_word' id='word_1_58' title='bbox 1792 1076 1968 1137; x_wconf 75' lang='lat' dir='ltr'><strong>adhuc</strong></span> 
     </span>
    </p>
   </div>
   <div class='ocr_carea' id='block_1_8' title="bbox 383 1172 1968 1256">
    <p class='ocr_par' dir='ltr' id='par_1_8' title="bbox 383 1172 1968 1256">
     <span class='ocr_line' id='line_1_8' title="bbox 383 1172 1968 1256; baseline -0.016 -5"><span class='ocrx_word' id='word_1_59' title='bbox 383 1199 547 1256; x_wconf 81' lang='lat' dir='ltr'><strong>erat;</strong></span> <span class='ocrx_word' id='word_1_60' title='bbox 584 1197 642 1246; x_wconf 89' lang='lat' dir='ltr'><strong>et</strong></span> <span class='ocrx_word' id='word_1_61' title='bbox 683 1197 858 1244; x_wconf 90' lang='lat' dir='ltr'><strong>tamen</strong></span> <span class='ocrx_word' id='word_1_62' title='bbox 906 1182 1198 1242; x_wconf 87' lang='lat' dir='ltr'><strong>secundum</strong></span> <span class='ocrx_word' id='word_1_63' title='bbox 1243 1178 1507 1235; x_wconf 86' lang='lat' dir='ltr'><strong>rationem</strong></span> <span class='ocrx_word' id='word_1_64' title='bbox 1548 1172 1768 1231; x_wconf 82' lang='lat' dir='ltr'><strong>seminis</strong></span> <span class='ocrx_word' id='word_1_65' title='bbox 1795 1213 1812 1238; x_wconf 92' lang='lat'><strong>,</strong></span> <span class='ocrx_word' id='word_1_66' title='bbox 1859 1184 1968 1226; x_wconf 90' lang='lat' dir='ltr'><strong>non</strong></span> 
     </span>
    </p>
   </div>
   <div class='ocr_carea' id='block_1_9' title="bbox 384 1264 1968 1346">
    <p class='ocr_par' dir='ltr' id='par_1_9' title="bbox 384 1264 1968 1346">
     <span class='ocr_line' id='line_1_9' title="bbox 384 1264 1968 1346; baseline -0.015 -5"><span class='ocrx_word' id='word_1_67' title='bbox 384 1279 714 1341; x_wconf 71' lang='lat' dir='ltr'><strong>mendaciter</strong></span> <span class='ocrx_word' id='word_1_68' title='bbox 734 1318 752 1346; x_wconf 95' lang='lat'><strong>,</strong></span> <span class='ocrx_word' id='word_1_69' title='bbox 796 1291 894 1332; x_wconf 89' lang='lat' dir='ltr'><strong>nec</strong></span> <span class='ocrx_word' id='word_1_70' title='bbox 923 1274 1150 1332; x_wconf 84' lang='lat' dir='ltr'><strong>inaniter</strong></span> <span class='ocrx_word' id='word_1_71' title='bbox 1174 1272 1375 1328; x_wconf 81' lang='lat' dir='ltr'><strong>dictum</strong></span> <span class='ocrx_word' id='word_1_72' title='bbox 1405 1280 1520 1334; x_wconf 88' lang='lat' dir='ltr'><strong>est,</strong></span> <span class='ocrx_word' id='word_1_73' title='bbox 1561 1264 1703 1336; x_wconf 86' lang='lat' dir='ltr'><strong>quod</strong></span> <span class='ocrx_word' id='word_1_74' title='bbox 1737 1264 1805 1320; x_wconf 85' lang='lat' dir='ltr'><strong>ibi</strong></span> <span class='ocrx_word' id='word_1_75' title='bbox 1829 1264 1930 1319; x_wconf 78' lang='lat' dir='ltr'><strong>fuit</strong></span> <span class='ocrx_word' id='word_1_76' title='bbox 1949 1300 1968 1330; x_wconf 92' lang='lat'><strong>,</strong></span> 
     </span>
    </p>
   </div>
   <div class='ocr_carea' id='block_1_10' title="bbox 385 1357 1969 1436">
    <p class='ocr_par' dir='ltr' id='par_1_10' title="bbox 385 1357 1969 1436">
     <span class='ocr_line' id='line_1_10' title="bbox 385 1357 1969 1436; baseline -0.015 -2"><span class='ocrx_word' id='word_1_77' title='bbox 385 1385 442 1436; x_wconf 83' lang='lat' dir='ltr'><strong>et</strong></span> <span class='ocrx_word' id='word_1_78' title='bbox 464 1374 760 1432; x_wconf 89' lang='lat' dir='ltr'><strong>declmatus</strong></span> <span class='ocrx_word' id='word_1_79' title='bbox 795 1379 898 1426; x_wconf 87' lang='lat' dir='ltr'><strong>est.</strong></span> <span class='ocrx_word' id='word_1_80' title='bbox 929 1368 1082 1428; x_wconf 88' lang='lat' dir='ltr'><strong>Unde</strong></span> <span class='ocrx_word' id='word_1_81' title='bbox 1114 1366 1182 1422; x_wconf 91' lang='lat' dir='ltr'><strong>ab</strong></span> <span class='ocrx_word' id='word_1_82' title='bbox 1219 1365 1322 1420; x_wconf 85' lang='lat' dir='ltr'><strong>bac</strong></span> <span class='ocrx_word' id='word_1_83' title='bbox 1349 1361 1702 1419; x_wconf 84' lang='lat' dir='ltr'><strong>decimatione</strong></span> <span class='ocrx_word' id='word_1_84' title='bbox 1741 1357 1969 1411; x_wconf 87' lang='lat' dir='ltr'><strong>liliorum</strong></span> 
     </span>
    </p>
   </div>
   <div class='ocr_carea' id='block_1_11' title="bbox 384 1447 1974 1534">
    <p class='ocr_par' dir='ltr' id='par_1_11' title="bbox 384 1447 1974 1534">
     <span class='ocr_line' id='line_1_11' title="bbox 384 1447 1974 1534; baseline -0.015 -8"><span class='ocrx_word' id='word_1_85' title='bbox 384 1463 647 1530; x_wconf 65' lang='lat' dir='ltr'><strong>Abraba,</strong></span> <span class='ocrx_word' id='word_1_86' title='bbox 678 1461 771 1534; x_wconf 88' lang='lat' dir='ltr'><strong>qui</strong></span> <span class='ocrx_word' id='word_1_87' title='bbox 795 1467 950 1516; x_wconf 87' lang='lat' dir='ltr'><strong>erant</strong></span> <span class='ocrx_word' id='word_1_88' title='bbox 973 1459 1026 1517; x_wconf 85' lang='lat' dir='ltr'><strong>in</strong></span> <span class='ocrx_word' id='word_1_89' title='bbox 1060 1456 1254 1513; x_wconf 89' lang='lat' dir='ltr'><strong>lumbis</strong></span> <span class='ocrx_word' id='word_1_90' title='bbox 1286 1454 1431 1525; x_wconf 82' lang='lat' dir='ltr'><strong>ejus,</strong></span> <span class='ocrx_word' id='word_1_91' title='bbox 1462 1451 1672 1522; x_wconf 82' lang='lat' dir='ltr'><strong>quando</strong></span> <span class='ocrx_word' id='word_1_92' title='bbox 1697 1447 1974 1504; x_wconf 79' lang='lat' dir='ltr'><strong>Melchise-</strong></span> 
     </span>
    </p>
   </div>
   <div class='ocr_carea' id='block_1_12' title="bbox 383 1542 1974 1618">
    <p class='ocr_par' dir='ltr' id='par_1_12' title="bbox 383 1542 1974 1618">
     <span class='ocr_line' id='line_1_12' title="bbox 383 1542 1974 1618; baseline -0.014 1"><span class='ocrx_word' id='word_1_93' title='bbox 383 1557 526 1618; x_wconf 74' lang='lat' dir='ltr'><strong>dodl</strong></span> <span class='ocrx_word' id='word_1_94' title='bbox 549 1555 814 1616; x_wconf 84' lang='lat' dir='ltr'><strong>sacerdoti</strong></span> <span class='ocrx_word' id='word_1_95' title='bbox 842 1553 1074 1610; x_wconf 86' lang='lat' dir='ltr'><strong>decimas</strong></span> <span class='ocrx_word' id='word_1_96' title='bbox 1096 1549 1283 1616; x_wconf 88' lang='lat' dir='ltr'><strong>dedit,</strong></span> <span class='ocrx_word' id='word_1_97' title='bbox 1314 1549 1406 1606; x_wconf 90' lang='lat' dir='ltr'><strong>ille</strong></span> <span class='ocrx_word' id='word_1_98' title='bbox 1429 1546 1577 1602; x_wconf 91' lang='lat' dir='ltr'><strong>solus</strong></span> <span class='ocrx_word' id='word_1_99' title='bbox 1604 1542 1854 1599; x_wconf 82' lang='lat' dir='ltr'><strong>sacerdos</strong></span> <span class='ocrx_word' id='word_1_100' title='bbox 1879 1555 1974 1596; x_wconf 89' lang='lat' dir='ltr'><strong>ex-</strong></span> 
     </span>
    </p>
   </div>
   <div class='ocr_carea' id='block_1_13' title="bbox 382 1639 1974 1722">
    <p class='ocr_par' dir='ltr' id='par_1_13' title="bbox 382 1639 1974 1722">
     <span class='ocr_line' id='line_1_13' title="bbox 382 1639 1974 1722; baseline -0.016 -8"><span class='ocrx_word' id='word_1_101' title='bbox 382 1659 577 1722; x_wconf 69' lang='lat' dir='ltr'><strong>captus</strong></span> <span class='ocrx_word' id='word_1_102' title='bbox 601 1659 705 1715; x_wconf 89' lang='lat' dir='ltr'><strong>est,</strong></span> <span class='ocrx_word' id='word_1_103' title='bbox 731 1647 814 1704; x_wconf 91' lang='lat' dir='ltr'><strong>cui</strong></span> <span class='ocrx_word' id='word_1_104' title='bbox 837 1647 1036 1702; x_wconf 89' lang='lat' dir='ltr'><strong>dictum</strong></span> <span class='ocrx_word' id='word_1_105' title='bbox 1056 1653 1139 1701; x_wconf 89' lang='lat' dir='ltr'><strong>est</strong></span> <span class='ocrx_word' id='word_1_106' title='bbox 1167 1663 1181 1699; x_wconf 92' lang='lat'><strong>:</strong></span> <span class='ocrx_word' id='word_1_107' title='bbox 1207 1642 1284 1698; x_wconf 88' lang='lat' dir='ltr'><strong>Tu</strong></span> <span class='ocrx_word' id='word_1_108' title='bbox 1311 1658 1363 1698; x_wconf 83' lang='lat' dir='ltr'><strong>es</strong></span> <span class='ocrx_word' id='word_1_109' title='bbox 1396 1639 1631 1695; x_wconf 73' lang='lat' dir='ltr'><strong>sacerdos</strong></span> <span class='ocrx_word' id='word_1_110' title='bbox 1652 1639 1705 1692; x_wconf 88' lang='lat' dir='ltr'><strong>in</strong></span> <span class='ocrx_word' id='word_1_111' title='bbox 1732 1645 1974 1692; x_wconf 70' lang='lat' dir='ltr'><strong>retentum</strong></span> 
     </span>
    </p>
   </div>
   <div class='ocr_carea' id='block_1_14' title="bbox 386 1728 1977 1805">
    <p class='ocr_par' dir='ltr' id='par_1_14' title="bbox 386 1728 1977 1805">
     <span class='ocr_line' id='line_1_14' title="bbox 386 1728 1977 1805; baseline -0.011 -6"><span class='ocrx_word' id='word_1_112' title='bbox 386 1741 660 1804; x_wconf 58' lang='lat' dir='ltr'><strong>semidam</strong></span> <span class='ocrx_word' id='word_1_113' title='bbox 674 1739 902 1798; x_wconf 76' lang='lat' dir='ltr'><strong>ordinem</strong></span> <span class='ocrx_word' id='word_1_114' title='bbox 925 1735 1291 1796; x_wconf 65' lang='lat' dir='ltr'><strong>Melchisedech</strong></span> <span class='ocrx_word' id='word_1_115' title='bbox 1318 1731 1487 1805; x_wconf 88' lang='lat' dir='ltr'><strong>(Psal.</strong></span> <span class='ocrx_word' id='word_1_116' title='bbox 1510 1747 1619 1794; x_wconf 74' lang='lat' dir='ltr'><strong>cux,</strong></span> <span class='ocrx_word' id='word_1_117' title='bbox 1637 1730 1717 1801; x_wconf 72' lang='lat'><strong>4).</strong></span> <span class='ocrx_word' id='word_1_118' title='bbox 1735 1729 1834 1795; x_wconf 84' lang='lat' dir='ltr'><strong>Qui</strong></span> <span class='ocrx_word' id='word_1_119' title='bbox 1852 1728 1977 1783; x_wconf 85' lang='lat' dir='ltr'><strong>licet</strong></span> 
     </span>
    </p>
   </div>
   <div class='ocr_carea' id='block_1_15' title="bbox 385 1820 1975 1901">
    <p class='ocr_par' dir='ltr' id='par_1_15' title="bbox 385 1820 1975 1901">
     <span class='ocr_line' id='line_1_15' title="bbox 385 1820 1975 1901; baseline -0.008 -13"><span class='ocrx_word' id='word_1_120' title='bbox 385 1834 458 1899; x_wconf 73' lang='lat' dir='ltr'><strong>sit</strong></span> <span class='ocrx_word' id='word_1_121' title='bbox 479 1833 638 1896; x_wconf 83' lang='lat' dir='ltr'><strong>etiam</strong></span> <span class='ocrx_word' id='word_1_122' title='bbox 669 1831 784 1901; x_wconf 87' lang='lat' dir='ltr'><strong>ipse</strong></span> <span class='ocrx_word' id='word_1_123' title='bbox 819 1827 1112 1886; x_wconf 88' lang='lat' dir='ltr'><strong>secundum</strong></span> <span class='ocrx_word' id='word_1_124' title='bbox 1152 1840 1369 1884; x_wconf 85' lang='lat' dir='ltr'><strong>carnem</strong></span> <span class='ocrx_word' id='word_1_125' title='bbox 1405 1839 1589 1880; x_wconf 88' lang='lat' dir='ltr'><strong>semen</strong></span> <span class='ocrx_word' id='word_1_126' title='bbox 1617 1820 1882 1886; x_wconf 65' lang='lat' dir='ltr'><strong>Abmbw,</strong></span> <span class='ocrx_word' id='word_1_127' title='bbox 1909 1834 1975 1875; x_wconf 92' lang='lat' dir='ltr'><strong>eo</strong></span> 
     </span>
    </p>
   </div>
   <div class='ocr_carea' id='block_1_16' title="bbox 385 1913 1974 1994">
    <p class='ocr_par' dir='ltr' id='par_1_16' title="bbox 385 1913 1974 1994">
     <span class='ocr_line' id='line_1_16' title="bbox 385 1913 1974 1994; baseline -0.008 -18"><span class='ocrx_word' id='word_1_128' title='bbox 385 1921 530 1994; x_wconf 78' lang='lat' dir='ltr'><strong>quod</strong></span> <span class='ocrx_word' id='word_1_129' title='bbox 557 1922 706 1992; x_wconf 70' lang='lat' dir='ltr'><strong>virgo</strong></span> <span class='ocrx_word' id='word_1_130' title='bbox 732 1920 924 1986; x_wconf 76' lang='lat' dir='ltr'><strong>Maria,</strong></span> <span class='ocrx_word' id='word_1_131' title='bbox 970 1917 1038 1974; x_wconf 89' lang='lat' dir='ltr'><strong>de</strong></span> <span class='ocrx_word' id='word_1_132' title='bbox 1078 1932 1181 1988; x_wconf 81' lang='lat' dir='ltr'><strong>qua</strong></span> <span class='ocrx_word' id='word_1_133' title='bbox 1209 1929 1424 1975; x_wconf 86' lang='lat' dir='ltr'><strong>carnem</strong></span> <span class='ocrx_word' id='word_1_134' title='bbox 1455 1913 1716 1984; x_wconf 82' lang='lat' dir='ltr'><strong>sumpsit,</strong></span> <span class='ocrx_word' id='word_1_135' title='bbox 1748 1927 1813 1967; x_wconf 89' lang='lat' dir='ltr'><strong>ex</strong></span> <span class='ocrx_word' id='word_1_136' title='bbox 1858 1913 1974 1980; x_wconf 88' lang='lat' dir='ltr'><strong>ipso</strong></span> 
     </span>
    </p>
   </div>
   <div class='ocr_carea' id='block_1_17' title="bbox 383 2000 1978 2082">
    <p class='ocr_par' dir='ltr' id='par_1_17' title="bbox 383 2000 1978 2082">
     <span class='ocr_line' id='line_1_17' title="bbox 383 2000 1978 2082; baseline -0.008 -15"><span class='ocrx_word' id='word_1_137' title='bbox 383 2015 624 2079; x_wconf 68' lang='lat' dir='ltr'><strong>milia,</strong></span> <span class='ocrx_word' id='word_1_138' title='bbox 668 2019 954 2082; x_wconf 76' lang='lat' dir='ltr'><strong>propagata</strong></span> <span class='ocrx_word' id='word_1_139' title='bbox 975 2016 1058 2064; x_wconf 87' lang='lat' dir='ltr'><strong>est</strong></span> <span class='ocrx_word' id='word_1_140' title='bbox 1090 2027 1103 2062; x_wconf 90' lang='lat'><strong>:</strong></span> <span class='ocrx_word' id='word_1_141' title='bbox 1141 2022 1248 2062; x_wconf 91' lang='lat' dir='ltr'><strong>non</strong></span> <span class='ocrx_word' id='word_1_142' title='bbox 1290 2014 1468 2066; x_wconf 78' lang='lat' dir='ltr'><strong>tamen</strong></span> <span class='ocrx_word' id='word_1_143' title='bbox 1507 2012 1592 2061; x_wconf 86' lang='lat' dir='ltr'><strong>est</strong></span> <span class='ocrx_word' id='word_1_144' title='bbox 1613 2002 1874 2059; x_wconf 88' lang='lat' dir='ltr'><strong>obnoxius</strong></span> <span class='ocrx_word' id='word_1_145' title='bbox 1899 2000 1978 2056; x_wconf 89' lang='lat' dir='ltr'><strong>ei-</strong></span> 
     </span>
    </p>
   </div>
   <div class='ocr_carea' id='block_1_18' title="bbox 390 2091 1975 2171">
    <p class='ocr_par' dir='ltr' id='par_1_18' title="bbox 390 2091 1975 2171">
     <span class='ocr_line' id='line_1_18' title="bbox 390 2091 1975 2171; baseline -0.008 -12"><span class='ocrx_word' id='word_1_146' title='bbox 390 2103 520 2171; x_wconf 78' lang='lat' dir='ltr'><strong>dem</strong></span> <span class='ocrx_word' id='word_1_147' title='bbox 548 2101 741 2161; x_wconf 85' lang='lat' dir='ltr'><strong>semini</strong></span> <span class='ocrx_word' id='word_1_148' title='bbox 763 2143 778 2167; x_wconf 89' lang='lat'><strong>,</strong></span> <span class='ocrx_word' id='word_1_149' title='bbox 804 2101 896 2171; x_wconf 90' lang='lat' dir='ltr'><strong>qui</strong></span> <span class='ocrx_word' id='word_1_150' title='bbox 922 2099 1059 2156; x_wconf 85' lang='lat' dir='ltr'><strong>virili</strong></span> <span class='ocrx_word' id='word_1_151' title='bbox 1083 2114 1187 2154; x_wconf 84' lang='lat' dir='ltr'><strong>non</strong></span> <span class='ocrx_word' id='word_1_152' title='bbox 1214 2105 1298 2154; x_wconf 88' lang='lat' dir='ltr'><strong>est</strong></span> <span class='ocrx_word' id='word_1_153' title='bbox 1330 2103 1618 2166; x_wconf 86' lang='lat' dir='ltr'><strong>conceptus</strong></span> <span class='ocrx_word' id='word_1_154' title='bbox 1639 2109 1704 2152; x_wconf 86' lang='lat' dir='ltr'><strong>ex</strong></span> <span class='ocrx_word' id='word_1_155' title='bbox 1733 2091 1939 2152; x_wconf 83' lang='lat' dir='ltr'><strong>semine</strong></span> <span class='ocrx_word' id='word_1_156' title='bbox 1957 2130 1975 2156; x_wconf 91' lang='lat'><strong>,</strong></span> 
     </span>
    </p>
   </div>
   <div class='ocr_carea' id='block_1_19' title="bbox 390 2180 1974 2258">
    <p class='ocr_par' dir='ltr' id='par_1_19' title="bbox 390 2180 1974 2258">
     <span class='ocr_line' id='line_1_19' title="bbox 390 2180 1974 2258; baseline -0.01 -8"><span class='ocrx_word' id='word_1_157' title='bbox 390 2194 525 2253; x_wconf 75' lang='lat' dir='ltr'><strong>liber</strong></span> <span class='ocrx_word' id='word_1_158' title='bbox 565 2208 596 2248; x_wconf 87' lang='lat' dir='ltr'><strong>a</strong></span> <span class='ocrx_word' id='word_1_159' title='bbox 638 2207 779 2246; x_wconf 86' lang='lat' dir='ltr'><strong>nexu</strong></span> <span class='ocrx_word' id='word_1_160' title='bbox 823 2189 1180 2246; x_wconf 87' lang='lat' dir='ltr'><strong>seminatriois</strong></span> <span class='ocrx_word' id='word_1_161' title='bbox 1216 2185 1683 2258; x_wconf 75' lang='lat' dir='ltr'><strong>concupiscentizn.</strong></span> <span class='ocrx_word' id='word_1_162' title='bbox 1711 2182 1829 2240; x_wconf 80' lang='lat' dir='ltr'><strong>Non</strong></span> <span class='ocrx_word' id='word_1_163' title='bbox 1862 2180 1974 2251; x_wconf 86' lang='lat' dir='ltr'><strong>jam</strong></span> 
     </span>
    </p>
   </div>
   <div class='ocr_carea' id='block_1_20' title="bbox 391 2272 1975 2354">
    <p class='ocr_par' dir='ltr' id='par_1_20' title="bbox 391 2272 1975 2354">
     <span class='ocr_line' id='line_1_20' title="bbox 391 2272 1975 2354; baseline -0.007 -16"><span class='ocrx_word' id='word_1_164' title='bbox 391 2297 519 2354; x_wconf 76' lang='lat' dir='ltr'><strong>ergo</strong></span> <span class='ocrx_word' id='word_1_165' title='bbox 543 2281 829 2338; x_wconf 80' lang='lat' dir='ltr'><strong>Ambrosio</strong></span> <span class='ocrx_word' id='word_1_166' title='bbox 855 2321 870 2346; x_wconf 93' lang='lat'><strong>,</strong></span> <span class='ocrx_word' id='word_1_167' title='bbox 904 2281 1042 2335; x_wconf 92' lang='lat' dir='ltr'><strong>sicut</strong></span> <span class='ocrx_word' id='word_1_168' title='bbox 1069 2279 1313 2334; x_wconf 82' lang='lat' dir='ltr'><strong>dicebam</strong></span> <span class='ocrx_word' id='word_1_169' title='bbox 1331 2319 1345 2343; x_wconf 93' lang='lat'><strong>,</strong></span> <span class='ocrx_word' id='word_1_170' title='bbox 1373 2277 1466 2332; x_wconf 90' lang='lat' dir='ltr'><strong>sed</strong></span> <span class='ocrx_word' id='word_1_171' title='bbox 1495 2277 1571 2332; x_wconf 91' lang='lat' dir='ltr'><strong>illi</strong></span> <span class='ocrx_word' id='word_1_172' title='bbox 1599 2275 1687 2330; x_wconf 91' lang='lat' dir='ltr'><strong>dic</strong></span> <span class='ocrx_word' id='word_1_173' title='bbox 1711 2273 1802 2345; x_wconf 88' lang='lat' dir='ltr'><strong>qui</strong></span> <span class='ocrx_word' id='word_1_174' title='bbox 1839 2272 1975 2328; x_wconf 83' lang='lat' dir='ltr'><strong>scri-</strong></span> 
     </span>
    </p>
   </div>
   <div class='ocr_carea' id='block_1_21' title="bbox 392 2364 2003 2444">
    <p class='ocr_par' dir='ltr' id='par_1_21' title="bbox 392 2364 2003 2444">
     <span class='ocr_line' id='line_1_21' title="bbox 392 2364 2003 2444; baseline -0.011 -11"><span class='ocrx_word' id='word_1_175' title='bbox 392 2374 497 2444; x_wconf 69' lang='lat' dir='ltr'><strong>psit</strong></span> <span class='ocrx_word' id='word_1_176' title='bbox 528 2373 596 2432; x_wconf 83' lang='lat' dir='ltr'><strong>ad</strong></span> <span class='ocrx_word' id='word_1_177' title='bbox 625 2372 876 2430; x_wconf 70' lang='lat' dir='ltr'><strong>liebruios</strong></span> <span class='ocrx_word' id='word_1_178' title='bbox 894 2412 909 2438; x_wconf 91' lang='lat'><strong>,</strong></span> <span class='ocrx_word' id='word_1_179' title='bbox 937 2378 1096 2441; x_wconf 89' lang='lat' dir='ltr'><strong>atque</strong></span> <span class='ocrx_word' id='word_1_180' title='bbox 1123 2369 1198 2425; x_wconf 89' lang='lat' dir='ltr'><strong>ait</strong></span> <span class='ocrx_word' id='word_1_181' title='bbox 1229 2387 1243 2425; x_wconf 90' lang='lat'><strong>:</strong></span> <span class='ocrx_word' id='word_1_182' title='bbox 1276 2368 1373 2435; x_wconf 84' lang='lat' dir='ltr'><strong>Et,</strong></span> <span class='ocrx_word' id='word_1_183' title='bbox 1401 2368 1532 2424; x_wconf 89' lang='lat' dir='ltr'><strong>sicut</strong></span> <span class='ocrx_word' id='word_1_184' title='bbox 1560 2375 1756 2437; x_wconf 87' lang='lat' dir='ltr'><strong>oportet</strong></span> <span class='ocrx_word' id='word_1_185' title='bbox 1780 2364 1974 2428; x_wconf 77' lang='lat' dir='ltr'><strong>dicere,</strong></span> <span class='ocrx_word' id='word_1_186' title='bbox 1999 2433 2003 2440; x_wconf 29' lang='lat'><strong><em>.</em></strong></span> 
     </span>
    </p>
   </div>
   <div class='ocr_carea' id='block_1_22' title="bbox 393 2455 1978 2538">
    <p class='ocr_par' dir='ltr' id='par_1_22' title="bbox 393 2455 1978 2538">
     <span class='ocr_line' id='line_1_22' title="bbox 393 2455 1978 2538; baseline -0.008 -17"><span class='ocrx_word' id='word_1_187' title='bbox 393 2475 601 2538; x_wconf 72' lang='lat' dir='ltr'><strong>proth</strong></span> <span class='ocrx_word' id='word_1_188' title='bbox 628 2465 889 2520; x_wconf 79' lang='lat' dir='ltr'><strong>Abraham</strong></span> <span class='ocrx_word' id='word_1_189' title='bbox 914 2471 961 2518; x_wconf 86' lang='lat' dir='ltr'><strong>et</strong></span> <span class='ocrx_word' id='word_1_190' title='bbox 991 2460 1112 2516; x_wconf 80' lang='lat' dir='ltr'><strong>Levi</strong></span> <span class='ocrx_word' id='word_1_191' title='bbox 1137 2459 1391 2531; x_wconf 80' lang='lat' dir='ltr'><strong>accipiens</strong></span> <span class='ocrx_word' id='word_1_192' title='bbox 1418 2458 1666 2513; x_wconf 85' lang='lat' dir='ltr'><strong>decimam</strong></span> <span class='ocrx_word' id='word_1_193' title='bbox 1697 2455 1978 2511; x_wconf 77' lang='lat' dir='ltr'><strong>decimatas</strong></span> 
     </span>
    </p>
   </div>
   <div class='ocr_carea' id='block_1_23' title="bbox 392 2544 1982 2624">
    <p class='ocr_par' dir='ltr' id='par_1_23' title="bbox 392 2544 1982 2624">
     <span class='ocr_line' id='line_1_23' title="bbox 392 2544 1982 2624; baseline -0.009 -12"><span class='ocrx_word' id='word_1_194' title='bbox 392 2568 466 2624; x_wconf 62' lang='lat' dir='ltr'><strong>est</strong></span> <span class='ocrx_word' id='word_1_195' title='bbox 505 2572 524 2620; x_wconf 83' lang='lat'><strong>,&#39;</strong></span> <span class='ocrx_word' id='word_1_196' title='bbox 550 2556 717 2618; x_wconf 80' lang='lat' dir='ltr'><strong>adhuc</strong></span> <span class='ocrx_word' id='word_1_197' title='bbox 744 2554 878 2610; x_wconf 81' lang='lat' dir='ltr'><strong>enim</strong></span> <span class='ocrx_word' id='word_1_198' title='bbox 913 2553 966 2610; x_wconf 82' lang='lat' dir='ltr'><strong>in</strong></span> <span class='ocrx_word' id='word_1_199' title='bbox 992 2549 1173 2612; x_wconf 78' lang='lat' dir='ltr'><strong>lumbis</strong></span> <span class='ocrx_word' id='word_1_200' title='bbox 1207 2549 1366 2620; x_wconf 84' lang='lat' dir='ltr'><strong>patris</strong></span> <span class='ocrx_word' id='word_1_201' title='bbox 1389 2551 1469 2603; x_wconf 87' lang='lat' dir='ltr'><strong>sui</strong></span> <span class='ocrx_word' id='word_1_202' title='bbox 1505 2547 1603 2620; x_wconf 78' lang='lat' dir='ltr'><strong>fuit</strong></span> <span class='ocrx_word' id='word_1_203' title='bbox 1625 2588 1642 2614; x_wconf 91' lang='lat'><strong>,</strong></span> <span class='ocrx_word' id='word_1_204' title='bbox 1671 2562 1787 2602; x_wconf 86' lang='lat' dir='ltr'><strong>cum</strong></span> <span class='ocrx_word' id='word_1_205' title='bbox 1819 2544 1866 2602; x_wconf 75' lang='lat' dir='ltr'><strong>ei</strong></span> <span class='ocrx_word' id='word_1_206' title='bbox 1896 2559 1982 2598; x_wconf 79' lang='lat' dir='ltr'><strong>oc-</strong></span> 
     </span>
    </p>
   </div>
   <div class='ocr_carea' id='block_1_24' title="bbox 388 2636 1980 2716">
    <p class='ocr_par' dir='ltr' id='par_1_24' title="bbox 388 2636 1980 2716">
     <span class='ocr_line' id='line_1_24' title="bbox 388 2636 1980 2716; baseline -0.008 -13"><span class='ocrx_word' id='word_1_207' title='bbox 388 2650 547 2714; x_wconf 80' lang='lat' dir='ltr'><strong>currit</strong></span> <span class='ocrx_word' id='word_1_208' title='bbox 586 2646 955 2710; x_wconf 67' lang='lat' dir='ltr'><strong>Hrlchisedeclt</strong></span> <span class='ocrx_word' id='word_1_209' title='bbox 995 2642 1200 2716; x_wconf 79' lang='lat' dir='ltr'><strong>(Hebr.</strong></span> <span class='ocrx_word' id='word_1_210' title='bbox 1227 2641 1302 2702; x_wconf 62' lang='lat' dir='ltr'><strong>vi</strong></span> <span class='ocrx_word' id='word_1_211' title='bbox 1325 2682 1342 2707; x_wconf 85' lang='lat'><strong>,</strong></span> <span class='ocrx_word' id='word_1_212' title='bbox 1389 2640 1423 2700; x_wconf 82' lang='lat'><strong>9</strong></span> <span class='ocrx_word' id='word_1_213' title='bbox 1446 2682 1462 2707; x_wconf 87' lang='lat'><strong><em>.</em></strong></span> <span class='ocrx_word' id='word_1_214' title='bbox 1503 2637 1632 2710; x_wconf 78' lang='grc'><strong>10).</strong></span> <span class='ocrx_word' id='word_1_215' title='bbox 1677 2636 1812 2695; x_wconf 84' lang='lat' dir='ltr'><strong>Huic</strong></span> <span class='ocrx_word' id='word_1_216' title='bbox 1835 2637 1856 2668; x_wconf 87' lang='grc'>¹</span> <span class='ocrx_word' id='word_1_217' title='bbox 1886 2649 1980 2692; x_wconf 90' lang='lat' dir='ltr'><strong>ca-</strong></span> 
     </span>
    </p>
   </div>
   <div class='ocr_carea' id='block_1_25' title="bbox 390 2729 1978 2806">
    <p class='ocr_par' dir='ltr' id='par_1_25' title="bbox 390 2729 1978 2806">
     <span class='ocr_line' id='line_1_25' title="bbox 390 2729 1978 2806; baseline -0.008 -10"><span class='ocrx_word' id='word_1_218' title='bbox 390 2739 652 2800; x_wconf 77' lang='lat' dir='ltr'><strong>lumnisre</strong></span> <span class='ocrx_word' id='word_1_219' title='bbox 675 2753 815 2794; x_wconf 66' lang='lat' dir='ltr'><strong>creua</strong></span> <span class='ocrx_word' id='word_1_220' title='bbox 839 2736 1195 2806; x_wconf 85' lang='lat' dir='ltr'><strong>loquacitate,</strong></span> <span class='ocrx_word' id='word_1_221' title='bbox 1221 2742 1278 2791; x_wconf 87' lang='lat' dir='ltr'><strong>et</strong></span> <span class='ocrx_word' id='word_1_222' title='bbox 1301 2734 1388 2790; x_wconf 91' lang='lat' dir='ltr'><strong>dic</strong></span> <span class='ocrx_word' id='word_1_223' title='bbox 1413 2733 1459 2787; x_wconf 90' lang='lat' dir='ltr'><strong>si</strong></span> <span class='ocrx_word' id='word_1_224' title='bbox 1483 2730 1650 2792; x_wconf 82' lang='lat' dir='ltr'><strong>audes</strong></span> <span class='ocrx_word' id='word_1_225' title='bbox 1677 2747 1690 2788; x_wconf 89' lang='lat'><strong>:</strong></span> <span class='ocrx_word' id='word_1_226' title='bbox 1722 2729 1854 2786; x_wconf 86' lang='lat' dir='ltr'><strong>Cum</strong></span> <span class='ocrx_word' id='word_1_227' title='bbox 1882 2743 1978 2798; x_wconf 78' lang='lat' dir='ltr'><strong>pa-</strong></span> 
     </span>
    </p>
   </div>
   <div class='ocr_carea' id='block_1_26' title="bbox 393 2819 1982 2897">
    <p class='ocr_par' dir='ltr' id='par_1_26' title="bbox 393 2819 1982 2897">
     <span class='ocr_line' id='line_1_26' title="bbox 393 2819 1982 2897; baseline -0.012 -10"><span class='ocrx_word' id='word_1_228' title='bbox 393 2840 476 2897; x_wconf 70' lang='lat' dir='ltr'><strong>te:</strong></span> <span class='ocrx_word' id='word_1_229' title='bbox 505 2829 779 2886; x_wconf 76' lang='lat' dir='ltr'><strong>Abraham</strong></span> <span class='ocrx_word' id='word_1_230' title='bbox 829 2827 1102 2886; x_wconf 84' lang='lat' dir='ltr'><strong>voluntate</strong></span> <span class='ocrx_word' id='word_1_231' title='bbox 1139 2839 1236 2880; x_wconf 85' lang='lat' dir='ltr'><strong>sua</strong></span> <span class='ocrx_word' id='word_1_232' title='bbox 1275 2822 1435 2886; x_wconf 79' lang='lat' dir='ltr'><strong>fuerit</strong></span> <span class='ocrx_word' id='word_1_233' title='bbox 1473 2819 1800 2884; x_wconf 85' lang='lat' dir='ltr'><strong>decimatus,</strong></span> <span class='ocrx_word' id='word_1_234' title='bbox 1843 2831 1982 2888; x_wconf 86' lang='lat' dir='ltr'><strong>quo-</strong></span> 
     </span>
    </p>
   </div>
   <div class='ocr_carea' id='block_1_27' title="bbox 267 2907 1985 2992">
    <p class='ocr_par' dir='ltr' id='par_1_27' title="bbox 267 2907 1985 2992">
     <span class='ocr_line' id='line_1_27' title="bbox 267 2907 1985 2992; baseline -0.01 -15"><span class='ocrx_word' id='word_1_235' title='bbox 267 2983 275 2992; x_wconf 88' lang='lat'>_</span> <span class='ocrx_word' id='word_1_236' title='bbox 391 2920 553 2977; x_wconf 87' lang='lat' dir='ltr'><strong>modo</strong></span> <span class='ocrx_word' id='word_1_237' title='bbox 580 2917 751 2989; x_wconf 83' lang='lat' dir='ltr'><strong>patuit</strong></span> <span class='ocrx_word' id='word_1_238' title='bbox 773 2931 869 2986; x_wconf 89' lang='lat' dir='ltr'><strong>per</strong></span> <span class='ocrx_word' id='word_1_239' title='bbox 903 2915 1044 2968; x_wconf 87' lang='lat' dir='ltr'><strong>illius</strong></span> <span class='ocrx_word' id='word_1_240' title='bbox 1071 2913 1399 2967; x_wconf 86' lang='lat' dir='ltr'><strong>voluntatem</strong></span> <span class='ocrx_word' id='word_1_241' title='bbox 1433 2908 1718 2972; x_wconf 89' lang='lat' dir='ltr'><strong>decimari,</strong></span> <span class='ocrx_word' id='word_1_242' title='bbox 1759 2907 1860 2964; x_wconf 88' lang='lat' dir='ltr'><strong>hoc</strong></span> <span class='ocrx_word' id='word_1_243' title='bbox 1899 2912 1985 2964; x_wconf 83' lang='lat' dir='ltr'><strong>est</strong></span> 
     </span>
    </p>
   </div>
   <div class='ocr_carea' id='block_1_28' title="bbox 391 2994 1982 3072">
    <p class='ocr_par' dir='ltr' id='par_1_28' title="bbox 391 2994 1982 3072">
     <span class='ocr_line' id='line_1_28' title="bbox 391 2994 1982 3072; baseline -0.012 -6"><span class='ocrx_word' id='word_1_244' title='bbox 391 3008 632 3066; x_wconf 84' lang='lat' dir='ltr'><strong>decimas</strong></span> <span class='ocrx_word' id='word_1_245' title='bbox 650 3006 782 3062; x_wconf 92' lang='lat' dir='ltr'><strong>dare</strong></span> <span class='ocrx_word' id='word_1_246' title='bbox 806 3005 828 3038; x_wconf 84' lang='grc'>⁸</span> <span class='ocrx_word' id='word_1_247' title='bbox 855 3003 1006 3070; x_wconf 88' lang='lat' dir='ltr'><strong>Levi,</strong></span> <span class='ocrx_word' id='word_1_248' title='bbox 1032 3001 1186 3072; x_wconf 89' lang='lat' dir='ltr'><strong>cujus</strong></span> <span class='ocrx_word' id='word_1_249' title='bbox 1220 3001 1468 3057; x_wconf 80' lang='lat' dir='ltr'><strong>voluntas</strong></span> <span class='ocrx_word' id='word_1_250' title='bbox 1493 2999 1638 3054; x_wconf 91' lang='lat' dir='ltr'><strong>nulla</strong></span> <span class='ocrx_word' id='word_1_251' title='bbox 1667 3007 1780 3054; x_wconf 86' lang='lat' dir='ltr'><strong>erat</strong></span> <span class='ocrx_word' id='word_1_252' title='bbox 1798 3035 1815 3064; x_wconf 93' lang='lat'><strong>,</strong></span> <span class='ocrx_word' id='word_1_253' title='bbox 1861 2994 1982 3066; x_wconf 86' lang='lat' dir='ltr'><strong>quia</strong></span> 
     </span>
    </p>
   </div>
   <div class='ocr_carea' id='block_1_29' title="bbox 391 3084 1984 3168">
    <p class='ocr_par' dir='ltr' id='par_1_29' title="bbox 391 3084 1984 3168">
     <span class='ocr_line' id='line_1_29' title="bbox 391 3084 1984 3168; baseline -0.01 -12"><span class='ocrx_word' id='word_1_254' title='bbox 391 3099 612 3159; x_wconf 90' lang='lat' dir='ltr'><strong>omnino</strong></span> <span class='ocrx_word' id='word_1_255' title='bbox 659 3097 774 3168; x_wconf 90' lang='lat' dir='ltr'><strong>ipse</strong></span> <span class='ocrx_word' id='word_1_256' title='bbox 818 3093 1054 3152; x_wconf 88' lang='lat' dir='ltr'><strong>nondum</strong></span> <span class='ocrx_word' id='word_1_257' title='bbox 1094 3101 1208 3148; x_wconf 84' lang='lat' dir='ltr'><strong>erat</strong></span> <span class='ocrx_word' id='word_1_258' title='bbox 1235 3091 1258 3146; x_wconf 86' lang='lat'><strong>?</strong></span> <span class='ocrx_word' id='word_1_259' title='bbox 1284 3090 1362 3148; x_wconf 85' lang='lat' dir='ltr'><strong>Ea</strong></span> <span class='ocrx_word' id='word_1_260' title='bbox 1401 3089 1610 3146; x_wconf 82' lang='lat' dir='ltr'><strong>ratione</strong></span> <span class='ocrx_word' id='word_1_261' title='bbox 1637 3087 1868 3159; x_wconf 85' lang='lat' dir='ltr'><strong>quippe,</strong></span> <span class='ocrx_word' id='word_1_262' title='bbox 1898 3084 1984 3141; x_wconf 85' lang='lat' dir='ltr'><strong>vel</strong></span> 
     </span>
    </p>
   </div>
   <div class='ocr_carea' id='block_1_30' title="bbox 336 3178 1983 3263">
    <p class='ocr_par' dir='ltr' id='par_1_30' title="bbox 336 3178 1983 3263">
     <span class='ocr_line' id='line_1_30' title="bbox 336 3178 1983 3263; baseline -0.008 -16"><span class='ocrx_word' id='word_1_263' title='bbox 336 3206 348 3224; x_wconf 67' lang='grc' dir='ltr'><em>ί</em></span> <span class='ocrx_word' id='word_1_264' title='bbox 393 3192 570 3263; x_wconf 84' lang='lat' dir='ltr'><strong>potius</strong></span> <span class='ocrx_word' id='word_1_265' title='bbox 609 3191 712 3252; x_wconf 81' lang='lat' dir='ltr'><strong>bac</strong></span> <span class='ocrx_word' id='word_1_266' title='bbox 747 3203 929 3245; x_wconf 90' lang='lat' dir='ltr'><strong>errore</strong></span> <span class='ocrx_word' id='word_1_267' title='bbox 955 3187 1088 3244; x_wconf 90' lang='lat' dir='ltr'><strong>dicis</strong></span> <span class='ocrx_word' id='word_1_268' title='bbox 1109 3194 1164 3246; x_wconf 86' lang='lat' dir='ltr'><strong>et</strong></span> <span class='ocrx_word' id='word_1_269' title='bbox 1193 3184 1351 3244; x_wconf 87' lang='lat' dir='ltr'><strong>nobis</strong></span> <span class='ocrx_word' id='word_1_270' title='bbox 1377 3202 1390 3239; x_wconf 91' lang='lat'><strong>:</strong></span> <span class='ocrx_word' id='word_1_271' title='bbox 1418 3181 1550 3244; x_wconf 84' lang='lat' dir='ltr'><strong>Cum</strong></span> <span class='ocrx_word' id='word_1_272' title='bbox 1582 3181 1785 3252; x_wconf 88' lang='lat' dir='ltr'><strong>primus</strong></span> <span class='ocrx_word' id='word_1_273' title='bbox 1819 3178 1983 3234; x_wconf 81' lang='lat' dir='ltr'><strong>homo</strong></span> 
     </span>
    </p>
   </div>
   <div class='ocr_carea' id='block_1_31' title="bbox 390 3269 1983 3351">
    <p class='ocr_par' dir='ltr' id='par_1_31' title="bbox 390 3269 1983 3351">
     <span class='ocr_line' id='line_1_31' title="bbox 390 3269 1983 3351; baseline -0.009 -13"><span class='ocrx_word' id='word_1_274' title='bbox 390 3282 666 3338; x_wconf 82' lang='lat' dir='ltr'><strong>voluntate</strong></span> <span class='ocrx_word' id='word_1_275' title='bbox 707 3279 1046 3351; x_wconf 87' lang='lat' dir='ltr'><strong>peccaverit.</strong></span> <span class='ocrx_word' id='word_1_276' title='bbox 1087 3275 1354 3348; x_wconf 90' lang='lat' dir='ltr'><strong>quomodo</strong></span> <span class='ocrx_word' id='word_1_277' title='bbox 1389 3280 1677 3346; x_wconf 87' lang='lat' dir='ltr'><strong>potuerunt</strong></span> <span class='ocrx_word' id='word_1_278' title='bbox 1727 3286 1822 3342; x_wconf 89' lang='lat' dir='ltr'><strong>per</strong></span> <span class='ocrx_word' id='word_1_279' title='bbox 1866 3269 1983 3338; x_wconf 78' lang='lat' dir='ltr'><strong>ejus</strong></span> 
     </span>
    </p>
   </div>
   <div class='ocr_carea' id='block_1_32' title="bbox 394 3359 1985 3438">
    <p class='ocr_par' dir='ltr' id='par_1_32' title="bbox 394 3359 1985 3438">
     <span class='ocr_line' id='line_1_32' title="bbox 394 3359 1985 3438; baseline -0.005 -12"><span class='ocrx_word' id='word_1_280' title='bbox 394 3373 724 3428; x_wconf 85' lang='lat' dir='ltr'><strong>voluntatem</strong></span> <span class='ocrx_word' id='word_1_281' title='bbox 752 3369 912 3428; x_wconf 89' lang='lat' dir='ltr'><strong>simul</strong></span> <span class='ocrx_word' id='word_1_282' title='bbox 941 3369 994 3424; x_wconf 92' lang='lat' dir='ltr'><strong>in</strong></span> <span class='ocrx_word' id='word_1_283' title='bbox 1021 3367 1116 3424; x_wconf 94' lang='lat' dir='ltr'><strong>illo</strong></span> <span class='ocrx_word' id='word_1_284' title='bbox 1152 3381 1403 3438; x_wconf 87' lang='lat' dir='ltr'><strong>peccare,</strong></span> <span class='ocrx_word' id='word_1_285' title='bbox 1434 3363 1524 3436; x_wconf 91' lang='lat' dir='ltr'><strong>qui</strong></span> <span class='ocrx_word' id='word_1_286' title='bbox 1556 3378 1707 3420; x_wconf 89' lang='lat' dir='ltr'><strong>suam</strong></span> <span class='ocrx_word' id='word_1_287' title='bbox 1749 3359 1985 3422; x_wconf 87' lang='lat' dir='ltr'><strong>nondum</strong></span> 
     </span>
    </p>
   </div>
   <div class='ocr_carea' id='block_1_33' title="bbox 394 3452 1987 3535">
    <p class='ocr_par' dir='ltr' id='par_1_33' title="bbox 394 3452 1987 3535">
     <span class='ocr_line' id='line_1_33' title="bbox 394 3452 1987 3535; baseline -0.006 -13"><span class='ocrx_word' id='word_1_288' title='bbox 394 3466 705 3531; x_wconf 88' lang='lat' dir='ltr'><strong>habebant,</strong></span> <span class='ocrx_word' id='word_1_289' title='bbox 753 3464 876 3535; x_wconf 88' lang='lat' dir='ltr'><strong>quia</strong></span> <span class='ocrx_word' id='word_1_290' title='bbox 913 3478 1009 3532; x_wconf 91' lang='lat' dir='ltr'><strong>per</strong></span> <span class='ocrx_word' id='word_1_291' title='bbox 1044 3459 1393 3521; x_wconf 83' lang='lat' dir='ltr'><strong>substantiam</strong></span> <span class='ocrx_word' id='word_1_292' title='bbox 1440 3471 1590 3516; x_wconf 86' lang='lat' dir='ltr'><strong>suam</strong></span> <span class='ocrx_word' id='word_1_293' title='bbox 1634 3455 1764 3514; x_wconf 90' lang='lat' dir='ltr'><strong>nulli</strong></span> <span class='ocrx_word' id='word_1_294' title='bbox 1810 3452 1987 3514; x_wconf 86' lang='lat' dir='ltr'><strong>adhuc</strong></span> 
     </span>
    </p>
   </div>
   <div class='ocr_carea' id='block_1_34' title="bbox 394 3545 1985 3623">
    <p class='ocr_par' dir='ltr' id='par_1_34' title="bbox 394 3545 1985 3623">
     <span class='ocr_line' id='line_1_34' title="bbox 394 3545 1985 3623; baseline -0.009 -8"><span class='ocrx_word' id='word_1_295' title='bbox 394 3556 588 3616; x_wconf 79' lang='lat' dir='ltr'><strong>erant?</strong></span> <span class='ocrx_word' id='word_1_296' title='bbox 611 3555 720 3614; x_wconf 90' lang='lat' dir='ltr'><strong>Imo</strong></span> <span class='ocrx_word' id='word_1_297' title='bbox 743 3554 927 3612; x_wconf 89' lang='lat' dir='ltr'><strong>desine</strong></span> <span class='ocrx_word' id='word_1_298' title='bbox 954 3568 1090 3608; x_wconf 88' lang='lat' dir='ltr'><strong>vana</strong></span> <span class='ocrx_word' id='word_1_299' title='bbox 1106 3552 1331 3623; x_wconf 76' lang='lat' dir='ltr'><strong>garrire,</strong></span> <span class='ocrx_word' id='word_1_300' title='bbox 1352 3558 1407 3606; x_wconf 90' lang='lat' dir='ltr'><strong>et</strong></span> <span class='ocrx_word' id='word_1_301' title='bbox 1421 3563 1612 3606; x_wconf 88' lang='lat' dir='ltr'><strong>omnes</strong></span> <span class='ocrx_word' id='word_1_302' title='bbox 1631 3547 1722 3620; x_wconf 92' lang='lat' dir='ltr'><strong>qui</strong></span> <span class='ocrx_word' id='word_1_303' title='bbox 1748 3545 1985 3602; x_wconf 88' lang='lat' dir='ltr'><strong>nondum</strong></span> 
     </span>
    </p>
   </div>
   <div class='ocr_carea' id='block_1_35' title="bbox 395 3634 1985 3718">
    <p class='ocr_par' dir='ltr' id='par_1_35' title="bbox 395 3634 1985 3718">
     <span class='ocr_line' id='line_1_35' title="bbox 395 3634 1985 3718; baseline -0.008 -16"><span class='ocrx_word' id='word_1_304' title='bbox 395 3649 504 3712; x_wconf 85' lang='lat' dir='ltr'><strong>nati</strong></span> <span class='ocrx_word' id='word_1_305' title='bbox 533 3647 666 3704; x_wconf 87' lang='lat' dir='ltr'><strong>nihil</strong></span> <span class='ocrx_word' id='word_1_306' title='bbox 696 3661 790 3718; x_wconf 90' lang='lat' dir='ltr'><strong>per</strong></span> <span class='ocrx_word' id='word_1_307' title='bbox 813 3644 1059 3716; x_wconf 84' lang='lat' dir='ltr'><strong>proprias</strong></span> <span class='ocrx_word' id='word_1_308' title='bbox 1084 3642 1384 3700; x_wconf 87' lang='lat' dir='ltr'><strong>voluntates</strong></span> <span class='ocrx_word' id='word_1_309' title='bbox 1408 3655 1568 3712; x_wconf 78' lang='lat' dir='ltr'><strong>agere</strong></span> <span class='ocrx_word' id='word_1_310' title='bbox 1593 3647 1838 3710; x_wconf 87' lang='lat' dir='ltr'><strong>poterant</strong></span> <span class='ocrx_word' id='word_1_311' title='bbox 1860 3634 1985 3692; x_wconf 88' lang='lat' dir='ltr'><strong>boni</strong></span> 
     </span>
    </p>
   </div>
   <div class='ocr_carea' id='block_1_36' title="bbox 395 3726 1985 3804">
    <p class='ocr_par' dir='ltr' id='par_1_36' title="bbox 395 3726 1985 3804">
     <span class='ocr_line' id='line_1_36' title="bbox 395 3726 1985 3804; baseline -0.011 -6"><span class='ocrx_word' id='word_1_312' title='bbox 395 3741 484 3798; x_wconf 85' lang='lat' dir='ltr'><strong>vel</strong></span> <span class='ocrx_word' id='word_1_313' title='bbox 513 3740 640 3796; x_wconf 89' lang='lat' dir='ltr'><strong>mali</strong></span> <span class='ocrx_word' id='word_1_314' title='bbox 661 3781 678 3802; x_wconf 91' lang='lat'><strong>,</strong></span> <span class='ocrx_word' id='word_1_315' title='bbox 708 3738 761 3793; x_wconf 92' lang='lat' dir='ltr'><strong>in</strong></span> <span class='ocrx_word' id='word_1_316' title='bbox 789 3751 896 3792; x_wconf 91' lang='lat' dir='ltr'><strong>uno</strong></span> <span class='ocrx_word' id='word_1_317' title='bbox 935 3734 1170 3804; x_wconf 86' lang='lat' dir='ltr'><strong>potuisse</strong></span> <span class='ocrx_word' id='word_1_318' title='bbox 1197 3747 1448 3804; x_wconf 80' lang='lat' dir='ltr'><strong>peccare,</strong></span> <span class='ocrx_word' id='word_1_319' title='bbox 1480 3730 1534 3786; x_wconf 93' lang='lat' dir='ltr'><strong>in</strong></span> <span class='ocrx_word' id='word_1_320' title='bbox 1562 3744 1669 3800; x_wconf 92' lang='lat' dir='ltr'><strong>quo</strong></span> <span class='ocrx_word' id='word_1_321' title='bbox 1699 3744 1793 3798; x_wconf 87' lang='lat' dir='ltr'><strong>per</strong></span> <span class='ocrx_word' id='word_1_322' title='bbox 1818 3726 1985 3783; x_wconf 89' lang='lat' dir='ltr'><strong>ratio-</strong></span> 
     </span>
    </p>
   </div>
   <div class='ocr_carea' id='block_1_37' title="bbox 395 3819 1988 3898">
    <p class='ocr_par' dir='ltr' id='par_1_37' title="bbox 395 3819 1988 3898">
     <span class='ocr_line' id='line_1_37' title="bbox 395 3819 1988 3898; baseline -0.008 -12"><span class='ocrx_word' id='word_1_323' title='bbox 395 3847 521 3898; x_wconf 81' lang='lat' dir='ltr'><strong>nem</strong></span> <span class='ocrx_word' id='word_1_324' title='bbox 561 3829 785 3892; x_wconf 85' lang='lat' dir='ltr'><strong>seminis</strong></span> <span class='ocrx_word' id='word_1_325' title='bbox 828 3835 1016 3893; x_wconf 89' lang='lat' dir='ltr'><strong>erant,</strong></span> <span class='ocrx_word' id='word_1_326' title='bbox 1063 3823 1277 3896; x_wconf 84' lang='lat' dir='ltr'><strong>quando</strong></span> <span class='ocrx_word' id='word_1_327' title='bbox 1316 3824 1407 3882; x_wconf 85' lang='lat' dir='ltr'><strong>ille</strong></span> <span class='ocrx_word' id='word_1_328' title='bbox 1454 3821 1668 3894; x_wconf 82' lang='lat' dir='ltr'><strong>Propria</strong></span> <span class='ocrx_word' id='word_1_329' title='bbox 1715 3819 1988 3876; x_wconf 80' lang='lat' dir='ltr'><strong>voluntate</strong></span> 
     </span>
    </p>
   </div>
   <div class='ocr_carea' id='block_1_38' title="bbox 396 3910 1988 3995">
    <p class='ocr_par' dir='ltr' id='par_1_38' title="bbox 396 3910 1988 3995">
     <span class='ocr_line' id='line_1_38' title="bbox 396 3910 1988 3995; baseline -0.009 -17"><span class='ocrx_word' id='word_1_330' title='bbox 396 3933 676 3995; x_wconf 81' lang='lat' dir='ltr'><strong>peccatum</strong></span> <span class='ocrx_word' id='word_1_331' title='bbox 714 3918 842 3975; x_wconf 88' lang='lat' dir='ltr'><strong>illud</strong></span> <span class='ocrx_word' id='word_1_332' title='bbox 882 3916 1085 3988; x_wconf 75' lang='lat' dir='ltr'><strong>grande</strong></span> <span class='ocrx_word' id='word_1_333' title='bbox 1125 3915 1404 3986; x_wconf 85' lang='lat' dir='ltr'><strong>peccavit,</strong></span> <span class='ocrx_word' id='word_1_334' title='bbox 1439 3922 1790 3982; x_wconf 86' lang='lat' dir='ltr'><strong>naturamque</strong></span> <span class='ocrx_word' id='word_1_335' title='bbox 1827 3910 1880 3964; x_wconf 91' lang='lat' dir='ltr'><strong>in</strong></span> <span class='ocrx_word' id='word_1_336' title='bbox 1927 3923 1988 3964; x_wconf 88' lang='lat' dir='ltr'><strong>se</strong></span> 
     </span>
    </p>
   </div>
   <div class='ocr_carea' id='block_1_39' title="bbox 396 4005 1987 4080">
    <p class='ocr_par' dir='ltr' id='par_1_39' title="bbox 396 4005 1987 4080">
     <span class='ocr_line' id='line_1_39' title="bbox 396 4005 1987 4080; baseline -0.008 -11"><span class='ocrx_word' id='word_1_337' title='bbox 396 4013 635 4080; x_wconf 79' lang='lat' dir='ltr'><strong>vitiavit,</strong></span> <span class='ocrx_word' id='word_1_338' title='bbox 689 4010 944 4076; x_wconf 80' lang='lat' dir='ltr'><strong>mutavit,</strong></span> <span class='ocrx_word' id='word_1_339' title='bbox 1001 4006 1307 4063; x_wconf 87' lang='lat' dir='ltr'><strong>obnoxiavit</strong></span> <span class='ocrx_word' id='word_1_340' title='bbox 1368 4005 1708 4067; x_wconf 87' lang='lat' dir='ltr'><strong>humanam;</strong></span> <span class='ocrx_word' id='word_1_341' title='bbox 1761 4009 1987 4070; x_wconf 80' lang='lat' dir='ltr'><strong>excepto</strong></span> 
     </span>
    </p>
   </div>
   <div class='ocr_carea' id='block_1_40' title="bbox 401 4095 1986 4171">
    <p class='ocr_par' dir='ltr' id='par_1_40' title="bbox 401 4095 1986 4171">
     <span class='ocr_line' id='line_1_40' title="bbox 401 4095 1986 4171; baseline -0.006 -11"><span class='ocrx_word' id='word_1_342' title='bbox 401 4119 507 4168; x_wconf 87' lang='lat' dir='ltr'><strong>uno</strong></span> <span class='ocrx_word' id='word_1_343' title='bbox 534 4103 751 4168; x_wconf 81' lang='lat' dir='ltr'><strong>homine</strong></span> <span class='ocrx_word' id='word_1_344' title='bbox 779 4141 794 4168; x_wconf 82' lang='lat'><em>.</em></span> <span class='ocrx_word' id='word_1_345' title='bbox 825 4099 915 4171; x_wconf 88' lang='lat' dir='ltr'><strong>qui</strong></span> <span class='ocrx_word' id='word_1_346' title='bbox 941 4115 1006 4161; x_wconf 80' lang='lat' dir='ltr'><strong>ex</strong></span> <span class='ocrx_word' id='word_1_347' title='bbox 1035 4098 1151 4168; x_wconf 88' lang='lat' dir='ltr'><strong>ipso</strong></span> <span class='ocrx_word' id='word_1_348' title='bbox 1177 4096 1390 4166; x_wconf 86' lang='lat' dir='ltr'><strong>quidem</strong></span> <span class='ocrx_word' id='word_1_349' title='bbox 1421 4095 1644 4158; x_wconf 84' lang='lat' dir='ltr'><strong>semine,</strong></span> <span class='ocrx_word' id='word_1_350' title='bbox 1676 4109 1781 4148; x_wconf 92' lang='lat' dir='ltr'><strong>non</strong></span> <span class='ocrx_word' id='word_1_351' title='bbox 1811 4100 1986 4150; x_wconf 77' lang='lat' dir='ltr'><strong>tamen</strong></span> 
     </span>
    </p>
   </div>
   <div class='ocr_carea' id='block_1_41' title="bbox 397 4185 1985 4264">
    <p class='ocr_par' dir='ltr' id='par_1_41' title="bbox 397 4185 1985 4264">
     <span class='ocr_line' id='line_1_41' title="bbox 397 4185 1985 4264; baseline -0.009 -8"><span class='ocrx_word' id='word_1_352' title='bbox 397 4196 642 4258; x_wconf 61' lang='lat' dir='ltr'><strong>senium</strong></span> <span class='ocrx_word' id='word_1_353' title='bbox 668 4195 876 4255; x_wconf 78' lang='lat' dir='ltr'><strong>ratione</strong></span> <span class='ocrx_word' id='word_1_354' title='bbox 900 4197 1212 4264; x_wconf 82' lang='lat' dir='ltr'><strong>procreatus</strong></span> <span class='ocrx_word' id='word_1_355' title='bbox 1249 4197 1368 4256; x_wconf 89' lang='lat' dir='ltr'><strong>est,</strong></span> <span class='ocrx_word' id='word_1_356' title='bbox 1414 4188 1458 4243; x_wconf 88' lang='lat' dir='ltr'><strong>si</strong></span> <span class='ocrx_word' id='word_1_357' title='bbox 1485 4197 1638 4259; x_wconf 90' lang='lat' dir='ltr'><strong>potes</strong></span> <span class='ocrx_word' id='word_1_358' title='bbox 1660 4225 1677 4254; x_wconf 89' lang='lat'><strong>,</strong></span> <span class='ocrx_word' id='word_1_359' title='bbox 1706 4185 1985 4255; x_wconf 74' lang='lat' dir='ltr'><strong>intelligo;</strong></span> 
     </span>
    </p>
   </div>
   <div class='ocr_carea' id='block_1_42' title="bbox 399 4281 1000 4356">
    <p class='ocr_par' dir='ltr' id='par_1_42' title="bbox 399 4281 1000 4356">
     <span class='ocr_line' id='line_1_42' title="bbox 399 4281 1000 4356; baseline -0.017 -10"><span class='ocrx_word' id='word_1_360' title='bbox 399 4287 572 4346; x_wconf 76' lang='lat' dir='ltr'><strong>sinon</strong></span> <span class='ocrx_word' id='word_1_361' title='bbox 602 4293 754 4356; x_wconf 79' lang='lat' dir='ltr'><strong>potes</strong></span> <span class='ocrx_word' id='word_1_362' title='bbox 771 4325 788 4350; x_wconf 89' lang='lat'><strong>,</strong></span> <span class='ocrx_word' id='word_1_363' title='bbox 815 4281 1000 4340; x_wconf 86' lang='lat' dir='ltr'><strong>crede.</strong></span> 
     </span>
    </p>
   </div>
   <div class='ocr_carea' id='block_1_43' title="bbox 469 4363 1986 4440">
    <p class='ocr_par' dir='ltr' id='par_1_43' title="bbox 469 4363 1986 4440">
     <span class='ocr_line' id='line_1_43' title="bbox 469 4363 1986 4440; baseline -0.009 -4"><span class='ocrx_word' id='word_1_364' title='bbox 469 4377 579 4436; x_wconf 80' lang='lat' dir='ltr'><strong>CV.</strong></span> <span class='ocrx_word' id='word_1_365' title='bbox 620 4375 740 4432; x_wconf 71' lang='lat' dir='ltr'><strong>Jun.</strong></span> <span class='ocrx_word' id='word_1_366' title='bbox 773 4375 902 4432; x_wconf 81' lang='lat' dir='ltr'><strong>Post</strong></span> <span class='ocrx_word' id='word_1_367' title='bbox 929 4373 1067 4430; x_wconf 87' lang='lat' dir='ltr'><strong>bane</strong></span> <span class='ocrx_word' id='word_1_368' title='bbox 1085 4386 1212 4428; x_wconf 86' lang='lat' dir='ltr'><strong>vero</strong></span> <span class='ocrx_word' id='word_1_369' title='bbox 1238 4369 1645 4440; x_wconf 82' lang='lat' dir='ltr'><strong>responsionem</strong></span> <span class='ocrx_word' id='word_1_370' title='bbox 1670 4363 1812 4426; x_wconf 90' lang='lat' dir='ltr'><strong>aliud</strong></span> <span class='ocrx_word' id='word_1_371' title='bbox 1839 4365 1926 4422; x_wconf 86' lang='lat' dir='ltr'><strong>ubi</strong></span> <span class='ocrx_word' id='word_1_372' title='bbox 1957 4380 1986 4423; x_wconf 87' lang='lat' dir='ltr'><strong>a</strong></span> 
     </span>
    </p>
   </div>
   <div class='ocr_carea' id='block_1_44' title="bbox 399 4460 1986 4540">
    <p class='ocr_par' dir='ltr' id='par_1_44' title="bbox 399 4460 1986 4540">
     <span class='ocr_line' id='line_1_44' title="bbox 399 4460 1986 4540; baseline -0.009 -12"><span class='ocrx_word' id='word_1_373' title='bbox 399 4485 486 4528; x_wconf 83' lang='lat' dir='ltr'><strong>me</strong></span> <span class='ocrx_word' id='word_1_374' title='bbox 507 4469 747 4540; x_wconf 80' lang='lat' dir='ltr'><strong>ptdsatus</strong></span> <span class='ocrx_word' id='word_1_375' title='bbox 766 4465 960 4530; x_wconf 83' lang='lat' dir='ltr'><strong>fuerat,</strong></span> <span class='ocrx_word' id='word_1_376' title='bbox 983 4463 1200 4520; x_wconf 83' lang='lat' dir='ltr'><strong>deluere</strong></span> <span class='ocrx_word' id='word_1_377' title='bbox 1219 4471 1461 4522; x_wconf 84' lang='lat' dir='ltr'><strong>conatur.</strong></span> <span class='ocrx_word' id='word_1_378' title='bbox 1488 4461 1602 4532; x_wconf 76' lang='lat' dir='ltr'><strong>Ego</strong></span> <span class='ocrx_word' id='word_1_379' title='bbox 1621 4460 1817 4531; x_wconf 87' lang='lat' dir='ltr'><strong>quippe</strong></span> <span class='ocrx_word' id='word_1_380' title='bbox 1839 4468 1986 4530; x_wconf 83' lang='lat' dir='ltr'><strong>post-</strong></span> 
     </span>
    </p>
   </div>
   <div class='ocr_carea' id='block_1_45' title="bbox 396 4553 1986 4634">
    <p class='ocr_par' dir='ltr' id='par_1_45' title="bbox 396 4553 1986 4634">
     <span class='ocr_line' id='line_1_45' title="bbox 396 4553 1986 4634; baseline -0.007 -15"><span class='ocrx_word' id='word_1_381' title='bbox 396 4578 559 4634; x_wconf 80' lang='lat' dir='ltr'><strong>quam</strong></span> <span class='ocrx_word' id='word_1_382' title='bbox 597 4560 666 4616; x_wconf 90' lang='lat' dir='ltr'><strong>de</strong></span> <span class='ocrx_word' id='word_1_383' title='bbox 695 4557 1040 4630; x_wconf 89' lang='lat' dir='ltr'><strong>parvulorum</strong></span> <span class='ocrx_word' id='word_1_384' title='bbox 1068 4557 1338 4611; x_wconf 83' lang='lat' dir='ltr'><strong>voluntate</strong></span> <span class='ocrx_word' id='word_1_385' title='bbox 1376 4553 1755 4623; x_wconf 75' lang='lat' dir='ltr'><strong>rcquisiveram</strong></span> <span class='ocrx_word' id='word_1_386' title='bbox 1776 4593 1794 4617; x_wconf 90' lang='lat'><strong>,</strong></span> <span class='ocrx_word' id='word_1_387' title='bbox 1837 4565 1986 4610; x_wconf 85' lang='lat' dir='ltr'><strong>secu-</strong></span> 
     </span>
    </p>
   </div>
   <div class='ocr_carea' id='block_1_46' title="bbox 399 4641 1992 4718">
    <p class='ocr_par' dir='ltr' id='par_1_46' title="bbox 399 4641 1992 4718">
     <span class='ocr_line' id='line_1_46' title="bbox 399 4641 1992 4718; baseline -0.009 -8"><span class='ocrx_word' id='word_1_388' title='bbox 399 4663 486 4710; x_wconf 82' lang='lat' dir='ltr'><strong>tus</strong></span> <span class='ocrx_word' id='word_1_389' title='bbox 513 4667 631 4710; x_wconf 84' lang='lat' dir='ltr'><strong>sum</strong></span> <span class='ocrx_word' id='word_1_390' title='bbox 662 4668 677 4707; x_wconf 89' lang='lat'><strong>:</strong></span> <span class='ocrx_word' id='word_1_391' title='bbox 711 4649 816 4706; x_wconf 91' lang='lat' dir='ltr'><strong>Sed</strong></span> <span class='ocrx_word' id='word_1_392' title='bbox 841 4664 994 4718; x_wconf 81' lang='lat' dir='ltr'><strong>negas</strong></span> <span class='ocrx_word' id='word_1_393' title='bbox 1021 4647 1115 4704; x_wconf 74' lang='lat' dir='ltr'><strong>hoc</strong></span> <span class='ocrx_word' id='word_1_394' title='bbox 1138 4687 1155 4713; x_wconf 93' lang='lat'><strong>,</strong></span> <span class='ocrx_word' id='word_1_395' title='bbox 1193 4645 1248 4700; x_wconf 87' lang='lat' dir='ltr'><strong>id</strong></span> <span class='ocrx_word' id='word_1_396' title='bbox 1275 4653 1345 4700; x_wconf 87' lang='lat' dir='ltr'><strong>est</strong></span> <span class='ocrx_word' id='word_1_397' title='bbox 1367 4683 1384 4710; x_wconf 88' lang='lat'><strong>,</strong></span> <span class='ocrx_word' id='word_1_398' title='bbox 1414 4643 1721 4704; x_wconf 81' lang='lat' dir='ltr'><strong>voluntatem</strong></span> <span class='ocrx_word' id='word_1_399' title='bbox 1749 4641 1992 4711; x_wconf 62' lang='lat' dir='ltr'><strong>peccatri-</strong></span> 
     </span>
    </p>
   </div>
   <div class='ocr_carea' id='block_1_47' title="bbox 269 4731 1991 4808">
    <p class='ocr_par' dir='ltr' id='par_1_47' title="bbox 269 4731 1991 4808">
     <span class='ocr_line' id='line_1_47' title="bbox 269 4731 1991 4808; baseline -0.009 -8"><span class='ocrx_word' id='word_1_400' title='bbox 269 4789 284 4800; x_wconf 79' lang='lat'><strong>.</strong></span> <span class='ocrx_word' id='word_1_401' title='bbox 398 4761 506 4800; x_wconf 82' lang='lat' dir='ltr'><strong>cem</strong></span> <span class='ocrx_word' id='word_1_402' title='bbox 532 4745 693 4799; x_wconf 80' lang='lat' dir='ltr'><strong>inesse</strong></span> <span class='ocrx_word' id='word_1_403' title='bbox 717 4738 1036 4796; x_wconf 77' lang='lat' dir='ltr'><strong>nascentibus</strong></span> <span class='ocrx_word' id='word_1_404' title='bbox 1059 4779 1075 4803; x_wconf 92' lang='lat'><strong>,</strong></span> <span class='ocrx_word' id='word_1_405' title='bbox 1105 4745 1151 4792; x_wconf 84' lang='lat' dir='ltr'><strong>et</strong></span> <span class='ocrx_word' id='word_1_406' title='bbox 1178 4736 1309 4808; x_wconf 77' lang='lat' dir='ltr'><strong>dicis</strong></span> <span class='ocrx_word' id='word_1_407' title='bbox 1337 4744 1502 4790; x_wconf 81' lang='lat' dir='ltr'><strong>tamen</strong></span> <span class='ocrx_word' id='word_1_408' title='bbox 1541 4749 1647 4790; x_wconf 82' lang='lat' dir='ltr'><strong>esse</strong></span> <span class='ocrx_word' id='word_1_409' title='bbox 1674 4732 1765 4786; x_wconf 87' lang='lat' dir='ltr'><strong>sub</strong></span> <span class='ocrx_word' id='word_1_410' title='bbox 1787 4731 1991 4787; x_wconf 81' lang='lat' dir='ltr'><strong>diabolo</strong></span> 
     </span>
    </p>
   </div>
   <div class='ocr_carea' id='block_1_48' title="bbox 401 4821 1992 4908">
    <p class='ocr_par' dir='ltr' id='par_1_48' title="bbox 401 4821 1992 4908">
     <span class='ocr_line' id='line_1_48' title="bbox 401 4821 1992 4908; baseline -0.013 -13"><span class='ocrx_word' id='word_1_411' title='bbox 401 4835 638 4908; x_wconf 56' lang='lat' dir='ltr'><strong>paruulos</strong></span> <span class='ocrx_word' id='word_1_412' title='bbox 661 4875 680 4900; x_wconf 91' lang='lat'><strong>,</strong></span> <span class='ocrx_word' id='word_1_413' title='bbox 711 4849 800 4888; x_wconf 84' lang='lat' dir='ltr'><strong>nec</strong></span> <span class='ocrx_word' id='word_1_414' title='bbox 833 4827 1124 4886; x_wconf 79' lang='lat' dir='ltr'><strong>dissimulas</strong></span> <span class='ocrx_word' id='word_1_415' title='bbox 1152 4843 1243 4898; x_wconf 89' lang='lat' dir='ltr'><strong>per</strong></span> <span class='ocrx_word' id='word_1_416' title='bbox 1269 4825 1392 4897; x_wconf 88' lang='lat' dir='ltr'><strong>quid</strong></span> <span class='ocrx_word' id='word_1_417' title='bbox 1437 4841 1520 4878; x_wconf 88' lang='lat' dir='ltr'><strong>eos</strong></span> <span class='ocrx_word' id='word_1_418' title='bbox 1559 4824 1738 4894; x_wconf 77' lang='lat' dir='ltr'><strong>degere</strong></span> <span class='ocrx_word' id='word_1_419' title='bbox 1779 4821 1870 4877; x_wconf 88' lang='lat' dir='ltr'><strong>sub</strong></span> <span class='ocrx_word' id='word_1_420' title='bbox 1899 4837 1992 4892; x_wconf 53' lang='lat' dir='ltr'><strong>pop</strong></span> 
     </span>
    </p>
   </div>
   <div class='ocr_carea' id='block_1_49' title="bbox 401 4911 1992 4987">
    <p class='ocr_par' dir='ltr' id='par_1_49' title="bbox 401 4911 1992 4987">
     <span class='ocr_line' id='line_1_49' title="bbox 401 4911 1992 4987; baseline -0.01 -5"><span class='ocrx_word' id='word_1_421' title='bbox 401 4935 577 4982; x_wconf 69' lang='lat' dir='ltr'><strong>testim</strong></span> <span class='ocrx_word' id='word_1_422' title='bbox 625 4923 764 4978; x_wconf 88' lang='lat' dir='ltr'><strong>illius</strong></span> <span class='ocrx_word' id='word_1_423' title='bbox 813 4918 1070 4975; x_wconf 86' lang='lat' dir='ltr'><strong>arbitreris</strong></span> <span class='ocrx_word' id='word_1_424' title='bbox 1099 4932 1118 4971; x_wconf 88' lang='lat'><strong><em>:</em></strong></span> <span class='ocrx_word' id='word_1_425' title='bbox 1161 4917 1238 4970; x_wconf 86' lang='lat' dir='ltr'><strong>ais</strong></span> <span class='ocrx_word' id='word_1_426' title='bbox 1279 4916 1500 4987; x_wconf 85' lang='lat' dir='ltr'><strong>quippe,</strong></span> <span class='ocrx_word' id='word_1_427' title='bbox 1550 4913 1680 4979; x_wconf 83' lang='lat' dir='ltr'><strong>Quia</strong></span> <span class='ocrx_word' id='word_1_428' title='bbox 1730 4911 1792 4965; x_wconf 88' lang='lat' dir='ltr'><strong>de</strong></span> <span class='ocrx_word' id='word_1_429' title='bbox 1841 4927 1992 4966; x_wconf 73' lang='lat' dir='ltr'><strong>sexus</strong></span> 
     </span>
    </p>
   </div>
   <div class='ocr_carea' id='block_1_50' title="bbox 401 5001 1992 5086">
    <p class='ocr_par' dir='ltr' id='par_1_50' title="bbox 401 5001 1992 5086">
     <span class='ocr_line' id='line_1_50' title="bbox 401 5001 1992 5086; baseline -0.013 -13"><span class='ocrx_word' id='word_1_430' title='bbox 401 5017 658 5086; x_wconf 78' lang='lat' dir='ltr'><strong>utriusque</strong></span> <span class='ocrx_word' id='word_1_431' title='bbox 693 5009 1043 5070; x_wconf 62' lang='lat' dir='ltr'><strong>(animistioue</strong></span> <span class='ocrx_word' id='word_1_432' title='bbox 1077 5015 1387 5079; x_wconf 72' lang='lat' dir='ltr'><strong>nascuntur,</strong></span> <span class='ocrx_word' id='word_1_433' title='bbox 1432 5003 1520 5058; x_wconf 82' lang='lat' dir='ltr'><strong>sub</strong></span> <span class='ocrx_word' id='word_1_434' title='bbox 1548 5001 1838 5056; x_wconf 77' lang='lat' dir='ltr'><strong>adversaria</strong></span> <span class='ocrx_word' id='word_1_435' title='bbox 1873 5010 1992 5055; x_wconf 80' lang='lat' dir='ltr'><strong>sunt</strong></span> 
     </span>
    </p>
   </div>
   <div class='ocr_carea' id='block_1_51' title="bbox 404 5093 1993 5179">
    <p class='ocr_par' dir='ltr' id='par_1_51' title="bbox 404 5093 1993 5179">
     <span class='ocr_line' id='line_1_51' title="bbox 404 5093 1993 5179; baseline -0.009 -15"><span class='ocrx_word' id='word_1_436' title='bbox 404 5117 667 5179; x_wconf 76' lang='lat' dir='ltr'><strong>potestate.</strong></span> <span class='ocrx_word' id='word_1_437' title='bbox 703 5106 975 5162; x_wconf 84' lang='lat' dir='ltr'><strong>Dictorum</strong></span> <span class='ocrx_word' id='word_1_438' title='bbox 1001 5101 1118 5172; x_wconf 88' lang='lat' dir='ltr'><strong>ejus</strong></span> <span class='ocrx_word' id='word_1_439' title='bbox 1147 5101 1326 5171; x_wconf 86' lang='lat' dir='ltr'><strong>itaque</strong></span> <span class='ocrx_word' id='word_1_440' title='bbox 1357 5096 1660 5153; x_wconf 89' lang='lat' dir='ltr'><strong>testimonio</strong></span> <span class='ocrx_word' id='word_1_441' title='bbox 1687 5093 1890 5166; x_wconf 92' lang='lat' dir='ltr'><strong>patuit,</strong></span> <span class='ocrx_word' id='word_1_442' title='bbox 1922 5093 1993 5150; x_wconf 89' lang='lat' dir='ltr'><strong>ob</strong></span> 
     </span>
    </p>
   </div>
   <div class='ocr_carea' id='block_1_52' title="bbox 405 5185 1992 5270">
    <p class='ocr_par' dir='ltr' id='par_1_52' title="bbox 405 5185 1992 5270">
     <span class='ocr_line' id='line_1_52' title="bbox 405 5185 1992 5270; baseline -0.009 -11"><span class='ocrx_word' id='word_1_443' title='bbox 405 5201 511 5259; x_wconf 86' lang='lat' dir='ltr'><strong>hoc</strong></span> <span class='ocrx_word' id='word_1_444' title='bbox 537 5201 686 5257; x_wconf 90' lang='lat' dir='ltr'><strong>illum</strong></span> <span class='ocrx_word' id='word_1_445' title='bbox 717 5198 968 5270; x_wconf 88' lang='lat' dir='ltr'><strong>parvulos</strong></span> <span class='ocrx_word' id='word_1_446' title='bbox 992 5193 1224 5250; x_wconf 68' lang='grc' dir='ltr'><strong>ἀπωθηί</strong></span> <span class='ocrx_word' id='word_1_447' title='bbox 1250 5190 1522 5252; x_wconf 83' lang='lat' dir='ltr'><strong>vindicare</strong></span> <span class='ocrx_word' id='word_1_448' title='bbox 1543 5231 1558 5253; x_wconf 87' lang='lat'><strong>,</strong></span> <span class='ocrx_word' id='word_1_449' title='bbox 1585 5187 1710 5259; x_wconf 87' lang='lat' dir='ltr'><strong>quia</strong></span> <span class='ocrx_word' id='word_1_450' title='bbox 1737 5185 1805 5242; x_wconf 91' lang='lat' dir='ltr'><strong>de</strong></span> <span class='ocrx_word' id='word_1_451' title='bbox 1832 5200 1992 5244; x_wconf 85' lang='lat' dir='ltr'><strong>sexus</strong></span> 
     </span>
    </p>
   </div>
   <div class='ocr_carea' id='block_1_53' title="bbox 403 5275 1992 5362">
    <p class='ocr_par' dir='ltr' id='par_1_53' title="bbox 403 5275 1992 5362">
     <span class='ocr_line' id='line_1_53' title="bbox 403 5275 1992 5362; baseline -0.011 -14"><span class='ocrx_word' id='word_1_452' title='bbox 403 5293 682 5362; x_wconf 89' lang='lat' dir='ltr'><strong>utriusque</strong></span> <span class='ocrx_word' id='word_1_453' title='bbox 723 5290 936 5345; x_wconf 87' lang='lat' dir='ltr'><strong>fuerant</strong></span> <span class='ocrx_word' id='word_1_454' title='bbox 973 5284 1354 5348; x_wconf 85' lang='lat' dir='ltr'><strong>commixtione</strong></span> <span class='ocrx_word' id='word_1_455' title='bbox 1390 5279 1675 5352; x_wconf 76' lang='lat' dir='ltr'><strong>prognati;</strong></span> <span class='ocrx_word' id='word_1_456' title='bbox 1721 5292 1816 5348; x_wconf 89' lang='lat' dir='ltr'><strong>per</strong></span> <span class='ocrx_word' id='word_1_457' title='bbox 1851 5275 1992 5348; x_wconf 88' lang='lat' dir='ltr'><strong>quod</strong></span> 
     </span>
    </p>
   </div>
   <div class='ocr_carea' id='block_1_54' title="bbox 403 5372 1992 5450">
    <p class='ocr_par' dir='ltr' id='par_1_54' title="bbox 403 5372 1992 5450">
     <span class='ocr_line' id='line_1_54' title="bbox 403 5372 1992 5450; baseline -0.011 -11"><span class='ocrx_word' id='word_1_458' title='bbox 403 5382 596 5450; x_wconf 91' lang='lat' dir='ltr'><strong>docui,</strong></span> <span class='ocrx_word' id='word_1_459' title='bbox 623 5381 770 5437; x_wconf 92' lang='lat' dir='ltr'><strong>illum</strong></span> <span class='ocrx_word' id='word_1_460' title='bbox 799 5377 1015 5449; x_wconf 84' lang='lat' dir='ltr'><strong>nuptias</strong></span> <span class='ocrx_word' id='word_1_461' title='bbox 1035 5391 1154 5448; x_wconf 79' lang='lat' dir='ltr'><strong>qua:</strong></span> <span class='ocrx_word' id='word_1_462' title='bbox 1183 5390 1214 5430; x_wconf 92' lang='lat' dir='ltr'><strong>a</strong></span> <span class='ocrx_word' id='word_1_463' title='bbox 1259 5374 1366 5430; x_wconf 89' lang='lat' dir='ltr'><strong>Deo</strong></span> <span class='ocrx_word' id='word_1_464' title='bbox 1391 5372 1645 5427; x_wconf 80' lang='lat' dir='ltr'><strong>instituta:</strong></span> <span class='ocrx_word' id='word_1_465' title='bbox 1686 5375 1845 5432; x_wconf 85' lang='lat' dir='ltr'><strong>sunt,</strong></span> <span class='ocrx_word' id='word_1_466' title='bbox 1873 5382 1992 5437; x_wconf 73' lang='lat' dir='ltr'><strong>qum</strong></span> 
     </span>
    </p>
   </div>
   <div class='ocr_carea' id='block_1_55' title="bbox 407 5460 1992 5536">
    <p class='ocr_par' dir='ltr' id='par_1_55' title="bbox 407 5460 1992 5536">
     <span class='ocr_line' id='line_1_55' title="bbox 407 5460 1992 5536; baseline -0.011 -6"><span class='ocrx_word' id='word_1_467' title='bbox 407 5476 525 5536; x_wconf 78' lang='lat' dir='ltr'><strong>sine</strong></span> <span class='ocrx_word' id='word_1_468' title='bbox 557 5472 941 5531; x_wconf 78' lang='lat' dir='ltr'><strong>commixtione</strong></span> <span class='ocrx_word' id='word_1_469' title='bbox 972 5484 1093 5526; x_wconf 88' lang='lat' dir='ltr'><strong>esse</strong></span> <span class='ocrx_word' id='word_1_470' title='bbox 1121 5481 1228 5525; x_wconf 85' lang='lat' dir='ltr'><strong>non</strong></span> <span class='ocrx_word' id='word_1_471' title='bbox 1261 5471 1517 5536; x_wconf 88' lang='lat' dir='ltr'><strong>possunt,</strong></span> <span class='ocrx_word' id='word_1_472' title='bbox 1548 5461 1761 5519; x_wconf 84' lang='lat' dir='ltr'><strong>diabolo</strong></span> <span class='ocrx_word' id='word_1_473' title='bbox 1787 5460 1992 5515; x_wconf 87' lang='lat' dir='ltr'><strong>manci-</strong></span> 
     </span>
    </p>
   </div>
   <div class='ocr_carea' id='block_1_56' title="bbox 393 5580 584 5657">
    <p class='ocr_par' dir='ltr' id='par_1_56' title="bbox 393 5580 584 5657">
     <span class='ocr_line' id='line_1_56' title="bbox 393 5580 584 5657; baseline -0.026 -32"><span class='ocrx_word' id='word_1_474' title='bbox 393 5580 584 5657; x_wconf 72' lang='lat' dir='ltr'><strong>posse.</strong></span> 
     </span>
    </p>
   </div>
   <div class='ocr_carea' id='block_1_57' title="bbox 472 5725 1994 5800">
    <p class='ocr_par' dir='ltr' id='par_1_57' title="bbox 472 5725 1994 5800">
     <span class='ocr_line' id='line_1_57' title="bbox 472 5725 1994 5800; baseline -0.01 -9"><span class='ocrx_word' id='word_1_475' title='bbox 472 5742 492 5776; x_wconf 75' lang='grc'><strong><em>⁸</em></strong></span> <span class='ocrx_word' id='word_1_476' title='bbox 529 5748 610 5790; x_wconf 78' lang='lat' dir='ltr'><strong>Ms.</strong></span> <span class='ocrx_word' id='word_1_477' title='bbox 654 5745 768 5789; x_wconf 69' lang='lat' dir='ltr'><strong>star.</strong></span> <span class='ocrx_word' id='word_1_478' title='bbox 807 5737 1058 5800; x_wconf 65' lang='lat' dir='ltr'><strong>praeterit,</strong></span> <span class='ocrx_word' id='word_1_479' title='bbox 1103 5729 1416 5786; x_wconf 77' lang='lat' dir='ltr'><strong>substantiam</strong></span> <span class='ocrx_word' id='word_1_480' title='bbox 1447 5742 1466 5781; x_wconf 91' lang='lat'><strong><em>:</em></strong></span> <span class='ocrx_word' id='word_1_481' title='bbox 1511 5729 1637 5781; x_wconf 88' lang='lat' dir='ltr'><strong>forte</strong></span> <span class='ocrx_word' id='word_1_482' title='bbox 1681 5733 1736 5778; x_wconf 92' lang='lat' dir='ltr'><strong>ut</strong></span> <span class='ocrx_word' id='word_1_483' title='bbox 1786 5739 1847 5778; x_wconf 87' lang='lat' dir='ltr'><strong>eo</strong></span> <span class='ocrx_word' id='word_1_484' title='bbox 1888 5725 1994 5778; x_wconf 83' lang='lat' dir='ltr'><strong>loco</strong></span> 
     </span>
    </p>
   </div>
   <div class='ocr_carea' id='block_1_58' title="bbox 408 5796 1227 5865">
    <p class='ocr_par' dir='ltr' id='par_1_58' title="bbox 408 5796 1227 5865">
     <span class='ocr_line' id='line_1_58' title="bbox 408 5796 1227 5865; baseline -0.013 -10"><span class='ocrx_word' id='word_1_485' title='bbox 408 5801 768 5865; x_wconf 79' lang='lat' dir='ltr'><strong>subaudiamus,</strong></span> <span class='ocrx_word' id='word_1_486' title='bbox 799 5796 1102 5865; x_wconf 55' lang='lat' dir='ltr'><strong>hilaritatem.</strong></span> <span class='ocrx_word' id='word_1_487' title='bbox 1150 5853 1163 5865; x_wconf 46' lang='lat'><strong><em>.</em></strong></span> <span class='ocrx_word' id='word_1_488' title='bbox 1216 5855 1227 5865; x_wconf 43' lang='lat'>.</span> 
     </span>
    </p>
   </div>
   <div class='ocr_carea' id='block_1_59' title="bbox 478 5853 1272 5934">
    <p class='ocr_par' dir='ltr' id='par_1_59' title="bbox 478 5853 1272 5934">
     <span class='ocr_line' id='line_1_59' title="bbox 478 5853 1272 5934; baseline 0 0"><span class='ocrx_word' id='word_1_489' title='bbox 478 5863 500 5934; x_wconf 68' lang='grc' dir='ltr'><strong>ξ</strong></span> <span class='ocrx_word' id='word_1_490' title='bbox 527 5853 817 5934; x_wconf 50' lang='lat' dir='ltr'><strong>manus</strong></span> <span class='ocrx_word' id='word_1_491' title='bbox 840 5858 967 5934; x_wconf 59' lang='lat' dir='ltr'><strong>hinc:</strong></span> <span class='ocrx_word' id='word_1_492' title='bbox 992 5853 1272 5934; x_wconf 50' lang='lat' dir='ltr'><strong>“canitie:</strong></span> 
     </span>
    </p>
   </div>
   <div class='ocr_carea' id='block_1_60' title="bbox 473 5916 1930 5983">
    <p class='ocr_par' dir='ltr' id='par_1_60' title="bbox 473 5916 1930 5983">
     <span class='ocr_line' id='line_1_60' title="bbox 473 5916 1930 5983; baseline -0.014 -5"><span class='ocrx_word' id='word_1_493' title='bbox 473 5927 494 5961; x_wconf 81' lang='grc'>⁸</span> <span class='ocrx_word' id='word_1_494' title='bbox 527 5916 664 5983; x_wconf 76' lang='lat' dir='ltr'><strong>edin.</strong></span> <span class='ocrx_word' id='word_1_495' title='bbox 688 5916 903 5975; x_wconf 79' lang='lat' dir='ltr'><strong>decimus</strong></span> <span class='ocrx_word' id='word_1_496' title='bbox 925 5918 1052 5972; x_wconf 88' lang='lat' dir='ltr'><strong>dari.</strong></span> <span class='ocrx_word' id='word_1_497' title='bbox 1084 5916 1402 5969; x_wconf 76' lang='lat' dir='ltr'><strong>Emendantur</strong></span> <span class='ocrx_word' id='word_1_498' title='bbox 1443 5927 1506 5966; x_wconf 88' lang='lat' dir='ltr'><strong>cx</strong></span> <span class='ocrx_word' id='word_1_499' title='bbox 1543 5918 1621 5963; x_wconf 71' lang='lat' dir='ltr'><strong>Ms.</strong></span> <span class='ocrx_word' id='word_1_500' title='bbox 1671 5917 1930 5964; x_wconf 66' lang='lat' dir='ltr'><strong>Posterum.</strong></span> 
     </span>
    </p>
   </div>
   <div class='ocr_carea' id='block_1_61' title="bbox 1749 416 2332 490">
    <p class='ocr_par' dir='ltr' id='par_1_61' title="bbox 1749 416 2332 490">
     <span class='ocr_line' id='line_1_61' title="bbox 1749 416 2332 490; baseline -0.007 -10"><span class='ocrx_word' id='word_1_501' title='bbox 1749 421 1950 480; x_wconf 77' lang='lat' dir='ltr'><strong>LIBER</strong></span> <span class='ocrx_word' id='word_1_502' title='bbox 1985 416 2332 490; x_wconf 75' lang='lat' dir='ltr'><strong>QUARTUS.</strong></span> 
     </span>
    </p>
   </div>
   <div class='ocr_carea' id='block_1_62' title="bbox 3518 422 3660 479">
    <p class='ocr_par' dir='ltr' id='par_1_62' title="bbox 3518 422 3660 479">
     <span class='ocr_line' id='line_1_62' title="bbox 3518 422 3660 479; baseline -0.007 0"><span class='ocrx_word' id='word_1_503' title='bbox 3518 423 3543 479; x_wconf 81' lang='grc' dir='ltr'><strong>Ι</strong></span> <span class='ocrx_word' id='word_1_504' title='bbox 3554 422 3660 479; x_wconf 61' lang='grc'><strong>402</strong></span> 
     </span>
    </p>
   </div>
   <div class='ocr_carea' id='block_1_63' title="bbox 2141 531 3662 607">
    <p class='ocr_par' dir='ltr' id='par_1_63' title="bbox 2141 531 3662 607">
     <span class='ocr_line' id='line_1_63' title="bbox 2141 531 3662 607; baseline 0.003 -19"><span class='ocrx_word' id='word_1_505' title='bbox 2141 534 2281 588; x_wconf 81' lang='lat' dir='ltr'><strong>Aac.</strong></span> <span class='ocrx_word' id='word_1_506' title='bbox 2309 532 2423 588; x_wconf 83' lang='lat' dir='ltr'><strong>tloc</strong></span> <span class='ocrx_word' id='word_1_507' title='bbox 2464 532 2608 588; x_wconf 84' lang='lat' dir='ltr'><strong>nulla</strong></span> <span class='ocrx_word' id='word_1_508' title='bbox 2643 531 2850 588; x_wconf 87' lang='lat' dir='ltr'><strong>ratione</strong></span> <span class='ocrx_word' id='word_1_509' title='bbox 2891 532 3087 590; x_wconf 89' lang='lat' dir='ltr'><strong>docere</strong></span> <span class='ocrx_word' id='word_1_510' title='bbox 3125 535 3378 603; x_wconf 88' lang='lat' dir='ltr'><strong>potuisti,</strong></span> <span class='ocrx_word' id='word_1_511' title='bbox 3419 539 3662 607; x_wconf 86' lang='lat' dir='ltr'><strong>quamvis</strong></span> 
     </span>
    </p>
   </div>
   <div class='ocr_carea' id='block_1_64' title="bbox 2075 623 3664 697">
    <p class='ocr_par' dir='ltr' id='par_1_64' title="bbox 2075 623 3664 697">
     <span class='ocr_line' id='line_1_64' title="bbox 2075 623 3664 697; baseline 0.004 -20"><span class='ocrx_word' id='word_1_512' title='bbox 2075 623 2239 678; x_wconf 79' lang='lat' dir='ltr'><strong>fueris</strong></span> <span class='ocrx_word' id='word_1_513' title='bbox 2275 623 2438 680; x_wconf 91' lang='lat' dir='ltr'><strong>multa</strong></span> <span class='ocrx_word' id='word_1_514' title='bbox 2473 624 2818 678; x_wconf 84' lang='lat' dir='ltr'><strong>contentione</strong></span> <span class='ocrx_word' id='word_1_515' title='bbox 2855 632 3114 690; x_wconf 87' lang='lat' dir='ltr'><strong>conatus;</strong></span> <span class='ocrx_word' id='word_1_516' title='bbox 3147 625 3290 696; x_wconf 90' lang='lat' dir='ltr'><strong>quod</strong></span> <span class='ocrx_word' id='word_1_517' title='bbox 3336 637 3556 697; x_wconf 89' lang='lat' dir='ltr'><strong>possunt</strong></span> <span class='ocrx_word' id='word_1_518' title='bbox 3585 629 3664 684; x_wconf 85' lang='lat' dir='ltr'><strong>vi-</strong></span> 
     </span>
    </p>
   </div>
   <div class='ocr_carea' id='block_1_65' title="bbox 2075 715 3662 788">
    <p class='ocr_par' dir='ltr' id='par_1_65' title="bbox 2075 715 3662 788">
     <span class='ocr_line' id='line_1_65' title="bbox 2075 715 3662 788; baseline 0.006 -18"><span class='ocrx_word' id='word_1_519' title='bbox 2075 715 2204 770; x_wconf 87' lang='lat' dir='ltr'><strong>dere</strong></span> <span class='ocrx_word' id='word_1_520' title='bbox 2227 757 2243 782; x_wconf 93' lang='lat'><strong>,</strong></span> <span class='ocrx_word' id='word_1_521' title='bbox 2294 715 2384 786; x_wconf 84' lang='lat' dir='ltr'><strong>qui</strong></span> <span class='ocrx_word' id='word_1_522' title='bbox 2421 716 2603 788; x_wconf 74' lang='lat' dir='ltr'><strong>legunt</strong></span> <span class='ocrx_word' id='word_1_523' title='bbox 2641 725 2694 772; x_wconf 91' lang='lat' dir='ltr'><strong>et</strong></span> <span class='ocrx_word' id='word_1_524' title='bbox 2724 723 2843 771; x_wconf 92' lang='lat' dir='ltr'><strong>tuas</strong></span> <span class='ocrx_word' id='word_1_525' title='bbox 2879 717 3203 785; x_wconf 81' lang='lat' dir='ltr'><strong>calumnias,</strong></span> <span class='ocrx_word' id='word_1_526' title='bbox 3230 729 3284 773; x_wconf 92' lang='lat' dir='ltr'><strong>et</strong></span> <span class='ocrx_word' id='word_1_527' title='bbox 3313 720 3662 779; x_wconf 77' lang='lat' dir='ltr'><strong>relutationcs</strong></span> 
     </span>
    </p>
   </div>
   <div class='ocr_carea' id='block_1_66' title="bbox 2078 819 2246 859">
    <p class='ocr_par' dir='ltr' id='par_1_66' title="bbox 2078 819 2246 859">
     <span class='ocr_line' id='line_1_66' title="bbox 2078 819 2246 859; baseline -0.006 0"><span class='ocrx_word' id='word_1_528' title='bbox 2078 819 2246 859; x_wconf 84' lang='lat' dir='ltr'><strong>nicas.</strong></span> 
     </span>
    </p>
   </div>
   <div class='ocr_carea' id='block_1_67' title="bbox 2141 893 3664 972">
    <p class='ocr_par' dir='ltr' id='par_1_67' title="bbox 2141 893 3664 972">
     <span class='ocr_line' id='line_1_67' title="bbox 2141 893 3664 972; baseline 0.006 -22"><span class='ocrx_word' id='word_1_529' title='bbox 2141 893 2278 950; x_wconf 78' lang='lat' dir='ltr'><strong>CVI.</strong></span> <span class='ocrx_word' id='word_1_530' title='bbox 2318 895 2438 952; x_wconf 70' lang='lat' dir='ltr'><strong>Jun.</strong></span> <span class='ocrx_word' id='word_1_531' title='bbox 2480 896 2591 952; x_wconf 88' lang='lat' dir='ltr'><strong>lloc</strong></span> <span class='ocrx_word' id='word_1_532' title='bbox 2618 911 2746 968; x_wconf 82' lang='lat' dir='ltr'><strong>ergo</strong></span> <span class='ocrx_word' id='word_1_533' title='bbox 2775 912 2917 953; x_wconf 88' lang='lat' dir='ltr'><strong>nunc</strong></span> <span class='ocrx_word' id='word_1_534' title='bbox 2951 897 3053 953; x_wconf 90' lang='lat' dir='ltr'><strong>sibi</strong></span> <span class='ocrx_word' id='word_1_535' title='bbox 3083 901 3355 970; x_wconf 90' lang='lat' dir='ltr'><strong>proposuit</strong></span> <span class='ocrx_word' id='word_1_536' title='bbox 3381 942 3397 968; x_wconf 92' lang='lat'><strong>,</strong></span> <span class='ocrx_word' id='word_1_537' title='bbox 3440 911 3492 957; x_wconf 91' lang='lat' dir='ltr'><strong>et</strong></span> <span class='ocrx_word' id='word_1_538' title='bbox 3524 918 3664 972; x_wconf 81' lang='lat' dir='ltr'><strong>pra:-</strong></span> 
     </span>
    </p>
   </div>
   <div class='ocr_carea' id='block_1_68' title="bbox 2077 988 3668 1063">
    <p class='ocr_par' dir='ltr' id='par_1_68' title="bbox 2077 988 3668 1063">
     <span class='ocr_line' id='line_1_68' title="bbox 2077 988 3668 1063; baseline 0.004 -20"><span class='ocrx_word' id='word_1_539' title='bbox 2077 988 2238 1043; x_wconf 85' lang='lat' dir='ltr'><strong>mittit</strong></span> <span class='ocrx_word' id='word_1_540' title='bbox 2261 988 2728 1060; x_wconf 80' lang='lat' dir='ltr'><strong>interrogationem</strong></span> <span class='ocrx_word' id='word_1_541' title='bbox 2755 1005 2950 1044; x_wconf 87' lang='lat' dir='ltr'><strong>meam.</strong></span> <span class='ocrx_word' id='word_1_542' title='bbox 2972 989 3114 1045; x_wconf 87' lang='lat' dir='ltr'><strong>Dicis</strong></span> <span class='ocrx_word' id='word_1_543' title='bbox 3141 1007 3284 1062; x_wconf 85' lang='lat' dir='ltr'><strong>ergo,</strong></span> <span class='ocrx_word' id='word_1_544' title='bbox 3320 993 3489 1063; x_wconf 89' lang='lat' dir='ltr'><strong>inquit</strong></span> <span class='ocrx_word' id='word_1_545' title='bbox 3511 1035 3526 1060; x_wconf 91' lang='lat'><strong>,</strong></span> <span class='ocrx_word' id='word_1_546' title='bbox 3554 995 3668 1050; x_wconf 72' lang='lat' dir='ltr'><strong>ideo</strong></span> 
     </span>
    </p>
   </div>
   <div class='ocr_carea' id='block_1_69' title="bbox 2077 1080 3666 1156">
    <p class='ocr_par' dir='ltr' id='par_1_69' title="bbox 2077 1080 3666 1156">
     <span class='ocr_line' id='line_1_69' title="bbox 2077 1080 3666 1156; baseline 0.004 -22"><span class='ocrx_word' id='word_1_547' title='bbox 2077 1080 2194 1135; x_wconf 86' lang='lat' dir='ltr'><strong>illos</strong></span> <span class='ocrx_word' id='word_1_548' title='bbox 2214 1097 2320 1136; x_wconf 83' lang='lat' dir='ltr'><strong>esse</strong></span> <span class='ocrx_word' id='word_1_549' title='bbox 2344 1082 2437 1136; x_wconf 89' lang='lat' dir='ltr'><strong>sub</strong></span> <span class='ocrx_word' id='word_1_550' title='bbox 2466 1081 2696 1146; x_wconf 86' lang='lat' dir='ltr'><strong>diabolo,</strong></span> <span class='ocrx_word' id='word_1_551' title='bbox 2725 1083 2844 1153; x_wconf 71' lang='lat' dir='ltr'><strong>mnia</strong></span> <span class='ocrx_word' id='word_1_552' title='bbox 2868 1081 2932 1137; x_wconf 80' lang='lat' dir='ltr'><strong>de</strong></span> <span class='ocrx_word' id='word_1_553' title='bbox 2953 1099 3103 1138; x_wconf 77' lang='lat' dir='ltr'><strong>serus</strong></span> <span class='ocrx_word' id='word_1_554' title='bbox 3132 1085 3392 1156; x_wconf 78' lang='lat' dir='ltr'><strong>utriusque</strong></span> <span class='ocrx_word' id='word_1_555' title='bbox 3415 1089 3666 1141; x_wconf 77' lang='lat' dir='ltr'><strong>commix-</strong></span> 
     </span>
    </p>
   </div>
   <div class='ocr_carea' id='block_1_70' title="bbox 2079 1172 3668 1244">
    <p class='ocr_par' dir='ltr' id='par_1_70' title="bbox 2079 1172 3668 1244">
     <span class='ocr_line' id='line_1_70' title="bbox 2079 1172 3668 1244; baseline 0.004 -19"><span class='ocrx_word' id='word_1_556' title='bbox 2079 1173 2216 1226; x_wconf 83' lang='lat' dir='ltr'><strong>tione</strong></span> <span class='ocrx_word' id='word_1_557' title='bbox 2259 1181 2530 1227; x_wconf 84' lang='lat' dir='ltr'><strong>nascuntur</strong></span> <span class='ocrx_word' id='word_1_558' title='bbox 2553 1173 2580 1226; x_wconf 71' lang='lat'><strong>.9</strong></span> <span class='ocrx_word' id='word_1_559' title='bbox 2608 1172 2689 1227; x_wconf 89' lang='lat' dir='ltr'><strong>Ad</strong></span> <span class='ocrx_word' id='word_1_560' title='bbox 2722 1172 2864 1244; x_wconf 87' lang='lat' dir='ltr'><strong>quod</strong></span> <span class='ocrx_word' id='word_1_561' title='bbox 2889 1174 3102 1243; x_wconf 88' lang='lat' dir='ltr'><strong>qualem</strong></span> <span class='ocrx_word' id='word_1_562' title='bbox 3132 1175 3546 1231; x_wconf 79' lang='lat' dir='ltr'><strong>satisfactionem</strong></span> <span class='ocrx_word' id='word_1_563' title='bbox 3581 1192 3668 1232; x_wconf 83' lang='lat' dir='ltr'><strong>re-</strong></span> 
     </span>
    </p>
   </div>
   <div class='ocr_carea' id='block_1_71' title="bbox 2079 1260 3667 1339">
    <p class='ocr_par' dir='ltr' id='par_1_71' title="bbox 2079 1260 3667 1339">
     <span class='ocr_line' id='line_1_71' title="bbox 2079 1260 3667 1339; baseline 0.003 -21"><span class='ocrx_word' id='word_1_564' title='bbox 2079 1260 2256 1330; x_wconf 82' lang='lat' dir='ltr'><strong>ferat,</strong></span> <span class='ocrx_word' id='word_1_565' title='bbox 2305 1262 2605 1318; x_wconf 86' lang='lat' dir='ltr'><strong>audiamus.</strong></span> <span class='ocrx_word' id='word_1_566' title='bbox 2654 1263 2819 1331; x_wconf 84' lang='lat' dir='ltr'><strong>Dico,</strong></span> <span class='ocrx_word' id='word_1_567' title='bbox 2865 1264 3068 1335; x_wconf 90' lang='lat' dir='ltr'><strong>inquit,</strong></span> <span class='ocrx_word' id='word_1_568' title='bbox 3113 1267 3264 1336; x_wconf 83' lang='lat' dir='ltr'><strong>plane</strong></span> <span class='ocrx_word' id='word_1_569' title='bbox 3290 1278 3497 1339; x_wconf 73' lang='lat' dir='ltr'><strong>propter</strong></span> <span class='ocrx_word' id='word_1_570' title='bbox 3535 1269 3667 1323; x_wconf 82' lang='lat' dir='ltr'><strong>deli-</strong></span> 
     </span>
    </p>
   </div>
   <div class='ocr_carea' id='block_1_72' title="bbox 2078 1353 3670 1430">
    <p class='ocr_par' dir='ltr' id='par_1_72' title="bbox 2078 1353 3670 1430">
     <span class='ocr_line' id='line_1_72' title="bbox 2078 1353 3670 1430; baseline 0.005 -22"><span class='ocrx_word' id='word_1_571' title='bbox 2078 1362 2215 1408; x_wconf 83' lang='lat' dir='ltr'><strong>ctum</strong></span> <span class='ocrx_word' id='word_1_572' title='bbox 2252 1353 2370 1409; x_wconf 85' lang='lat' dir='ltr'><strong>illos</strong></span> <span class='ocrx_word' id='word_1_573' title='bbox 2406 1370 2513 1410; x_wconf 88' lang='lat' dir='ltr'><strong>esse</strong></span> <span class='ocrx_word' id='word_1_574' title='bbox 2539 1355 2632 1410; x_wconf 85' lang='lat' dir='ltr'><strong>sub</strong></span> <span class='ocrx_word' id='word_1_575' title='bbox 2669 1356 2871 1410; x_wconf 83' lang='lat' dir='ltr'><strong>diabolo</strong></span> <span class='ocrx_word' id='word_1_576' title='bbox 2901 1373 2920 1411; x_wconf 87' lang='lat'><strong><em>:</em></strong></span> <span class='ocrx_word' id='word_1_577' title='bbox 2947 1358 3060 1411; x_wconf 84' lang='lat' dir='ltr'><strong>ideo</strong></span> <span class='ocrx_word' id='word_1_578' title='bbox 3087 1368 3256 1412; x_wconf 86' lang='lat' dir='ltr'><strong>autem</strong></span> <span class='ocrx_word' id='word_1_579' title='bbox 3295 1372 3523 1430; x_wconf 74' lang='lat' dir='ltr'><strong>expertes</strong></span> <span class='ocrx_word' id='word_1_580' title='bbox 3569 1379 3670 1416; x_wconf 82' lang='lat' dir='ltr'><strong>non</strong></span> 
     </span>
    </p>
   </div>
   <div class='ocr_carea' id='block_1_73' title="bbox 2079 1445 3674 1524">
    <p class='ocr_par' dir='ltr' id='par_1_73' title="bbox 2079 1445 3674 1524">
     <span class='ocr_line' id='line_1_73' title="bbox 2079 1445 3674 1524; baseline 0.004 -23"><span class='ocrx_word' id='word_1_581' title='bbox 2079 1461 2186 1501; x_wconf 81' lang='lat' dir='ltr'><strong>esse</strong></span> <span class='ocrx_word' id='word_1_582' title='bbox 2213 1445 2416 1514; x_wconf 80' lang='lat' dir='ltr'><strong>delicti,</strong></span> <span class='ocrx_word' id='word_1_583' title='bbox 2459 1448 2578 1518; x_wconf 79' lang='lat' dir='ltr'><strong>quia</strong></span> <span class='ocrx_word' id='word_1_584' title='bbox 2619 1447 2683 1502; x_wconf 87' lang='lat' dir='ltr'><strong>de</strong></span> <span class='ocrx_word' id='word_1_585' title='bbox 2706 1448 2798 1502; x_wconf 86' lang='lat' dir='ltr'><strong>illa</strong></span> <span class='ocrx_word' id='word_1_586' title='bbox 2838 1450 3194 1504; x_wconf 64' lang='lat' dir='ltr'><strong>commixtione</strong></span> <span class='ocrx_word' id='word_1_587' title='bbox 3223 1461 3340 1505; x_wconf 82' lang='lat' dir='ltr'><strong>sunt</strong></span> <span class='ocrx_word' id='word_1_588' title='bbox 3379 1453 3484 1506; x_wconf 82' lang='lat' dir='ltr'><strong>nati</strong></span> <span class='ocrx_word' id='word_1_589' title='bbox 3507 1493 3524 1518; x_wconf 92' lang='lat'><strong>,</strong></span> <span class='ocrx_word' id='word_1_590' title='bbox 3559 1469 3674 1524; x_wconf 66' lang='lat' dir='ltr'><strong>qua</strong></span> 
     </span>
    </p>
   </div>
   <div class='ocr_carea' id='block_1_74' title="bbox 2080 1539 3673 1614">
    <p class='ocr_par' dir='ltr' id='par_1_74' title="bbox 2080 1539 3673 1614">
     <span class='ocr_line' id='line_1_74' title="bbox 2080 1539 3673 1614; baseline 0.004 -21"><span class='ocrx_word' id='word_1_591' title='bbox 2080 1539 2190 1595; x_wconf 82' lang='lat' dir='ltr'><strong>siue</strong></span> <span class='ocrx_word' id='word_1_592' title='bbox 2229 1539 2467 1609; x_wconf 77' lang='lat' dir='ltr'><strong>pudenda</strong></span> <span class='ocrx_word' id='word_1_593' title='bbox 2491 1541 2700 1596; x_wconf 86' lang='lat' dir='ltr'><strong>libidine</strong></span> <span class='ocrx_word' id='word_1_594' title='bbox 2723 1559 2825 1596; x_wconf 75' lang='lat' dir='ltr'><strong>non</strong></span> <span class='ocrx_word' id='word_1_595' title='bbox 2853 1551 3017 1614; x_wconf 80' lang='lat' dir='ltr'><strong>potest</strong></span> <span class='ocrx_word' id='word_1_596' title='bbox 3047 1543 3195 1596; x_wconf 85' lang='lat' dir='ltr'><strong>etiam</strong></span> <span class='ocrx_word' id='word_1_597' title='bbox 3238 1545 3375 1614; x_wconf 86' lang='lat' dir='ltr'><strong>quod</strong></span> <span class='ocrx_word' id='word_1_598' title='bbox 3409 1546 3673 1600; x_wconf 83' lang='lat' dir='ltr'><strong>honestum</strong></span> 
     </span>
    </p>
   </div>
   <div class='ocr_carea' id='block_1_75' title="bbox 2080 1629 3671 1700">
    <p class='ocr_par' dir='ltr' id='par_1_75' title="bbox 2080 1629 3671 1700">
     <span class='ocr_line' id='line_1_75' title="bbox 2080 1629 3671 1700; baseline 0.003 -14"><span class='ocrx_word' id='word_1_599' title='bbox 2080 1640 2153 1686; x_wconf 71' lang='lat' dir='ltr'><strong>est</strong></span> <span class='ocrx_word' id='word_1_600' title='bbox 2179 1631 2400 1700; x_wconf 83' lang='lat' dir='ltr'><strong>operari.</strong></span> <span class='ocrx_word' id='word_1_601' title='bbox 2441 1629 2584 1686; x_wconf 73' lang='lat' dir='ltr'><strong>Dixit</strong></span> <span class='ocrx_word' id='word_1_602' title='bbox 2623 1633 2717 1686; x_wconf 83' lang='lat' dir='ltr'><strong>hoc</strong></span> <span class='ocrx_word' id='word_1_603' title='bbox 2744 1633 2894 1686; x_wconf 83' lang='lat' dir='ltr'><strong>etiam</strong></span> <span class='ocrx_word' id='word_1_604' title='bbox 2927 1632 3228 1687; x_wconf 72' lang='lat' dir='ltr'><strong>beatissima:</strong></span> <span class='ocrx_word' id='word_1_605' title='bbox 3261 1636 3514 1689; x_wconf 64' lang='lat' dir='ltr'><strong>memorie</strong></span> <span class='ocrx_word' id='word_1_606' title='bbox 3543 1636 3671 1689; x_wconf 77' lang='lat' dir='ltr'><strong>Am-</strong></span> 
     </span>
    </p>
   </div>
   <div class='ocr_carea' id='block_1_76' title="bbox 2080 1727 3670 1800">
    <p class='ocr_par' dir='ltr' id='par_1_76' title="bbox 2080 1727 3670 1800">
     <span class='ocr_line' id='line_1_76' title="bbox 2080 1727 3670 1800; baseline 0 -18"><span class='ocrx_word' id='word_1_607' title='bbox 2080 1727 2276 1783; x_wconf 81' lang='lat' dir='ltr'><strong>brosius</strong></span> <span class='ocrx_word' id='word_1_608' title='bbox 2305 1727 2513 1800; x_wconf 89' lang='lat' dir='ltr'><strong>(Supra</strong></span> <span class='ocrx_word' id='word_1_609' title='bbox 2535 1770 2552 1798; x_wconf 91' lang='lat'><strong>,</strong></span> <span class='ocrx_word' id='word_1_610' title='bbox 2581 1729 2644 1784; x_wconf 87' lang='lat' dir='ltr'><strong>de</strong></span> <span class='ocrx_word' id='word_1_611' title='bbox 2672 1729 2882 1800; x_wconf 84' lang='lat' dir='ltr'><strong>Nuptiis</strong></span> <span class='ocrx_word' id='word_1_612' title='bbox 2904 1740 2950 1784; x_wconf 90' lang='lat' dir='ltr'><strong>et</strong></span> <span class='ocrx_word' id='word_1_613' title='bbox 2992 1729 3410 1800; x_wconf 85' lang='lat' dir='ltr'><strong>Coucupisceutia</strong></span> <span class='ocrx_word' id='word_1_614' title='bbox 3431 1770 3445 1794; x_wconf 95' lang='lat'><strong>,</strong></span> <span class='ocrx_word' id='word_1_615' title='bbox 3481 1729 3567 1783; x_wconf 84' lang='lat' dir='ltr'><strong>lib.</strong></span> <span class='ocrx_word' id='word_1_616' title='bbox 3593 1728 3632 1782; x_wconf 74' lang='grc'><strong>2</strong></span> <span class='ocrx_word' id='word_1_617' title='bbox 3653 1769 3670 1796; x_wconf 83' lang='grc'><em>,</em></span> 
     </span>
    </p>
   </div>
   <div class='ocr_carea' id='block_1_77' title="bbox 2084 1819 3674 1891">
    <p class='ocr_par' dir='ltr' id='par_1_77' title="bbox 2084 1819 3674 1891">
     <span class='ocr_line' id='line_1_77' title="bbox 2084 1819 3674 1891; baseline 0.001 -17"><span class='ocrx_word' id='word_1_618' title='bbox 2084 1836 2139 1874; x_wconf 81' lang='lat' dir='ltr'><strong>u.</strong></span> <span class='ocrx_word' id='word_1_619' title='bbox 2170 1820 2238 1875; x_wconf 80' lang='lat' dir='ltr'><strong>l5</strong></span> <span class='ocrx_word' id='word_1_620' title='bbox 2261 1821 2301 1891; x_wconf 92' lang='lat'><strong>).</strong></span> <span class='ocrx_word' id='word_1_621' title='bbox 2333 1819 2378 1876; x_wconf 92' lang='grc' dir='ltr'>Ο</span> <span class='ocrx_word' id='word_1_622' title='bbox 2402 1821 2768 1876; x_wconf 87' lang='lat' dir='ltr'><strong>calamitosam</strong></span> <span class='ocrx_word' id='word_1_623' title='bbox 2796 1822 3027 1877; x_wconf 85' lang='lat' dir='ltr'><strong>hominis</strong></span> <span class='ocrx_word' id='word_1_624' title='bbox 3056 1823 3367 1890; x_wconf 85' lang='lat' dir='ltr'><strong>pravitatem</strong></span> <span class='ocrx_word' id='word_1_625' title='bbox 3393 1821 3406 1875; x_wconf 75' lang='grc' dir='ltr'>ε</span> <span class='ocrx_word' id='word_1_626' title='bbox 3436 1835 3471 1874; x_wconf 95' lang='lat' dir='ltr'><strong>o</strong></span> <span class='ocrx_word' id='word_1_627' title='bbox 3501 1819 3674 1875; x_wconf 85' lang='lat' dir='ltr'><strong>inten-</strong></span> 
     </span>
    </p>
   </div>
   <div class='ocr_carea' id='block_1_78' title="bbox 2086 1909 3506 1968">
    <p class='ocr_par' dir='ltr' id='par_1_78' title="bbox 2086 1909 3506 1968">
     <span class='ocr_line' id='line_1_78' title="bbox 2086 1909 3506 1968; baseline -0.001 -2"><span class='ocrx_word' id='word_1_628' title='bbox 2086 1910 2284 1966; x_wconf 88' lang='lat' dir='ltr'><strong>tionem</strong></span> <span class='ocrx_word' id='word_1_629' title='bbox 2312 1909 2595 1968; x_wconf 89' lang='lat' dir='ltr'><strong>nefandam</strong></span> <span class='ocrx_word' id='word_1_630' title='bbox 2630 1913 2643 1966; x_wconf 84' lang='lat' dir='ltr'><strong>l</strong></span> <span class='ocrx_word' id='word_1_631' title='bbox 2673 1927 2706 1966; x_wconf 94' lang='grc' dir='ltr'>ο</span> <span class='ocrx_word' id='word_1_632' title='bbox 2735 1911 3017 1967; x_wconf 79' lang='lat' dir='ltr'><strong>falsitatem</strong></span> <span class='ocrx_word' id='word_1_633' title='bbox 3045 1911 3462 1967; x_wconf 86' lang='lat' dir='ltr'><strong>crubesccndam</strong></span> <span class='ocrx_word' id='word_1_634' title='bbox 3492 1912 3506 1965; x_wconf 76' lang='grc' dir='ltr'><strong>ε</strong></span> 
     </span>
    </p>
   </div>
   <div class='ocr_carea' id='block_1_79' title="bbox 2157 2003 3673 2076">
    <p class='ocr_par' dir='ltr' id='par_1_79' title="bbox 2157 2003 3673 2076">
     <span class='ocr_line' id='line_1_79' title="bbox 2157 2003 3673 2076; baseline -0.001 -16"><span class='ocrx_word' id='word_1_635' title='bbox 2157 2007 2292 2062; x_wconf 79' lang='lat' dir='ltr'><strong>Atto.</strong></span> <span class='ocrx_word' id='word_1_636' title='bbox 2337 2005 2610 2072; x_wconf 75' lang='lat' dir='ltr'><strong>Excisum,</strong></span> <span class='ocrx_word' id='word_1_637' title='bbox 2638 2006 2876 2062; x_wconf 88' lang='lat' dir='ltr'><strong>exclama</strong></span> <span class='ocrx_word' id='word_1_638' title='bbox 2903 2015 3157 2076; x_wconf 88' lang='lat' dir='ltr'><strong>quantum</strong></span> <span class='ocrx_word' id='word_1_639' title='bbox 3187 2014 3338 2076; x_wconf 84' lang='lat' dir='ltr'><strong>potes</strong></span> <span class='ocrx_word' id='word_1_640' title='bbox 3365 2023 3378 2059; x_wconf 90' lang='lat'>:</span> <span class='ocrx_word' id='word_1_641' title='bbox 3411 2003 3548 2059; x_wconf 89' lang='lat' dir='ltr'><strong>adde</strong></span> <span class='ocrx_word' id='word_1_642' title='bbox 3575 2018 3673 2058; x_wconf 87' lang='lat' dir='ltr'><strong>ex-</strong></span> 
     </span>
    </p>
   </div>
   <div class='ocr_carea' id='block_1_80' title="bbox 2083 2095 3674 2169">
    <p class='ocr_par' dir='ltr' id='par_1_80' title="bbox 2083 2095 3674 2169">
     <span class='ocr_line' id='line_1_80' title="bbox 2083 2095 3674 2169; baseline -0.004 -16"><span class='ocrx_word' id='word_1_643' title='bbox 2083 2097 2495 2154; x_wconf 87' lang='lat' dir='ltr'><strong>clamationibus</strong></span> <span class='ocrx_word' id='word_1_644' title='bbox 2523 2098 2659 2164; x_wconf 91' lang='lat' dir='ltr'><strong>tuis,</strong></span> <span class='ocrx_word' id='word_1_645' title='bbox 2702 2095 2746 2152; x_wconf 90' lang='lat'><strong>0</strong></span> <span class='ocrx_word' id='word_1_646' title='bbox 2785 2097 2869 2151; x_wconf 89' lang='lat' dir='ltr'><strong>bia</strong></span> <span class='ocrx_word' id='word_1_647' title='bbox 2915 2097 2990 2169; x_wconf 86' lang='lat' dir='ltr'><strong>(a)</strong></span> <span class='ocrx_word' id='word_1_648' title='bbox 3021 2097 3037 2151; x_wconf 86' lang='lat' dir='ltr'><strong>l</strong></span> <span class='ocrx_word' id='word_1_649' title='bbox 3076 2097 3245 2152; x_wconf 91' lang='lat' dir='ltr'><strong>llomo</strong></span> <span class='ocrx_word' id='word_1_650' title='bbox 3288 2096 3484 2167; x_wconf 91' lang='lat' dir='ltr'><strong>quippe</strong></span> <span class='ocrx_word' id='word_1_651' title='bbox 3515 2095 3674 2149; x_wconf 86' lang='lat' dir='ltr'><strong>inno-</strong></span> 
     </span>
    </p>
   </div>
   <div class='ocr_carea' id='block_1_81' title="bbox 2084 2183 3677 2260">
    <p class='ocr_par' dir='ltr' id='par_1_81' title="bbox 2084 2183 3677 2260">
     <span class='ocr_line' id='line_1_81' title="bbox 2084 2183 3677 2260; baseline -0.004 -15"><span class='ocrx_word' id='word_1_652' title='bbox 2084 2204 2252 2256; x_wconf 82' lang='lat' dir='ltr'><strong>cens,</strong></span> <span class='ocrx_word' id='word_1_653' title='bbox 2301 2190 2409 2244; x_wconf 90' lang='lat' dir='ltr'><strong>vim</strong></span> <span class='ocrx_word' id='word_1_654' title='bbox 2462 2190 2698 2260; x_wconf 87' lang='lat' dir='ltr'><strong>pateris,</strong></span> <span class='ocrx_word' id='word_1_655' title='bbox 2740 2198 2798 2244; x_wconf 89' lang='lat' dir='ltr'><strong>ut</strong></span> <span class='ocrx_word' id='word_1_656' title='bbox 2845 2187 3194 2243; x_wconf 69' lang='lat' dir='ltr'><strong>Manicliazum</strong></span> <span class='ocrx_word' id='word_1_657' title='bbox 3242 2187 3421 2242; x_wconf 89' lang='lat' dir='ltr'><strong>dicere</strong></span> <span class='ocrx_word' id='word_1_658' title='bbox 3467 2183 3677 2256; x_wconf 77' lang='lat' dir='ltr'><strong>cogaris</strong></span> 
     </span>
    </p>
   </div>
   <div class='ocr_carea' id='block_1_82' title="bbox 2084 2274 3675 2348">
    <p class='ocr_par' dir='ltr' id='par_1_82' title="bbox 2084 2274 3675 2348">
     <span class='ocr_line' id='line_1_82' title="bbox 2084 2274 3675 2348; baseline -0.004 -14"><span class='ocrx_word' id='word_1_659' title='bbox 2084 2279 2446 2338; x_wconf 87' lang='lat' dir='ltr'><strong>Ambrosium.</strong></span> <span class='ocrx_word' id='word_1_660' title='bbox 2489 2279 2674 2345; x_wconf 84' lang='lat' dir='ltr'><strong>Absit,</strong></span> <span class='ocrx_word' id='word_1_661' title='bbox 2716 2278 2892 2348; x_wconf 91' lang='lat' dir='ltr'><strong>inquis</strong></span> <span class='ocrx_word' id='word_1_662' title='bbox 2911 2318 2928 2344; x_wconf 97' lang='lat'><strong>,</strong></span> <span class='ocrx_word' id='word_1_663' title='bbox 2958 2286 3017 2332; x_wconf 89' lang='lat' dir='ltr'><strong>ut</strong></span> <span class='ocrx_word' id='word_1_664' title='bbox 3040 2277 3236 2332; x_wconf 90' lang='lat' dir='ltr'><strong>dicam.</strong></span> <span class='ocrx_word' id='word_1_665' title='bbox 3265 2274 3372 2331; x_wconf 90' lang='lat' dir='ltr'><strong>Cur</strong></span> <span class='ocrx_word' id='word_1_666' title='bbox 3395 2317 3411 2344; x_wconf 95' lang='lat'><strong>,</strong></span> <span class='ocrx_word' id='word_1_667' title='bbox 3443 2289 3625 2346; x_wconf 65' lang='lat' dir='ltr'><strong>quaso</strong></span> <span class='ocrx_word' id='word_1_668' title='bbox 3649 2275 3675 2328; x_wconf 82' lang='lat'><strong>?</strong></span> 
     </span>
    </p>
   </div>
   <div class='ocr_carea' id='block_1_83' title="bbox 2084 2366 3672 2439">
    <p class='ocr_par' dir='ltr' id='par_1_83' title="bbox 2084 2366 3672 2439">
     <span class='ocr_line' id='line_1_83' title="bbox 2084 2366 3672 2439; baseline -0.004 -16"><span class='ocrx_word' id='word_1_669' title='bbox 2084 2369 2168 2423; x_wconf 92' lang='lat' dir='ltr'><strong>An</strong></span> <span class='ocrx_word' id='word_1_670' title='bbox 2200 2368 2285 2424; x_wconf 89' lang='lat' dir='ltr'><strong>hic</strong></span> <span class='ocrx_word' id='word_1_671' title='bbox 2310 2369 2551 2423; x_wconf 91' lang='lat' dir='ltr'><strong>ostendis</strong></span> <span class='ocrx_word' id='word_1_672' title='bbox 2591 2377 2788 2439; x_wconf 90' lang='lat' dir='ltr'><strong>quanta</strong></span> <span class='ocrx_word' id='word_1_673' title='bbox 2831 2368 2902 2421; x_wconf 92' lang='lat' dir='ltr'><strong>sit</strong></span> <span class='ocrx_word' id='word_1_674' title='bbox 2930 2366 3185 2422; x_wconf 84' lang='lat' dir='ltr'><strong>fortitudo</strong></span> <span class='ocrx_word' id='word_1_675' title='bbox 3231 2366 3382 2421; x_wconf 90' lang='lat' dir='ltr'><strong>liberi</strong></span> <span class='ocrx_word' id='word_1_676' title='bbox 3428 2366 3672 2431; x_wconf 88' lang='lat' dir='ltr'><strong>arbitrii,</strong></span> 
     </span>
    </p>
   </div>
   <div class='ocr_carea' id='block_1_84' title="bbox 2085 2457 3678 2531">
    <p class='ocr_par' dir='ltr' id='par_1_84' title="bbox 2085 2457 3678 2531">
     <span class='ocr_line' id='line_1_84' title="bbox 2085 2457 3678 2531; baseline -0.001 -19"><span class='ocrx_word' id='word_1_677' title='bbox 2085 2459 2298 2531; x_wconf 89' lang='lat' dir='ltr'><strong>quando</strong></span> <span class='ocrx_word' id='word_1_678' title='bbox 2325 2467 2525 2514; x_wconf 86' lang='lat' dir='ltr'><strong>tantam</strong></span> <span class='ocrx_word' id='word_1_679' title='bbox 2563 2459 2670 2514; x_wconf 88' lang='lat' dir='ltr'><strong>vim</strong></span> <span class='ocrx_word' id='word_1_680' title='bbox 2708 2458 2906 2528; x_wconf 88' lang='lat' dir='ltr'><strong>pateris</strong></span> <span class='ocrx_word' id='word_1_681' title='bbox 2935 2469 2994 2512; x_wconf 95' lang='lat' dir='ltr'><strong>ut</strong></span> <span class='ocrx_word' id='word_1_682' title='bbox 3017 2459 3163 2513; x_wconf 88' lang='lat' dir='ltr'><strong>dicas</strong></span> <span class='ocrx_word' id='word_1_683' title='bbox 3189 2499 3205 2525; x_wconf 93' lang='lat'><strong>,</strong></span> <span class='ocrx_word' id='word_1_684' title='bbox 3243 2472 3341 2513; x_wconf 89' lang='lat' dir='ltr'><strong>nec</strong></span> <span class='ocrx_word' id='word_1_685' title='bbox 3369 2466 3546 2512; x_wconf 90' lang='lat' dir='ltr'><strong>tamen</strong></span> <span class='ocrx_word' id='word_1_686' title='bbox 3591 2457 3678 2511; x_wconf 80' lang='lat' dir='ltr'><strong>di-</strong></span> 
     </span>
    </p>
   </div>
   <div class='ocr_carea' id='block_1_85' title="bbox 2085 2547 3674 2622">
    <p class='ocr_par' dir='ltr' id='par_1_85' title="bbox 2085 2547 3674 2622">
     <span class='ocr_line' id='line_1_85' title="bbox 2085 2547 3674 2622; baseline -0.004 -15"><span class='ocrx_word' id='word_1_687' title='bbox 2085 2551 2164 2607; x_wconf 87' lang='lat' dir='ltr'><strong>cis</strong></span> <span class='ocrx_word' id='word_1_688' title='bbox 2189 2551 2212 2605; x_wconf 74' lang='lat' dir='ltr'><strong>i</strong></span> <span class='ocrx_word' id='word_1_689' title='bbox 2240 2551 2347 2607; x_wconf 83' lang='lat' dir='ltr'><strong>Cur</strong></span> <span class='ocrx_word' id='word_1_690' title='bbox 2371 2565 2502 2622; x_wconf 77' lang='lat' dir='ltr'><strong>ergo</strong></span> <span class='ocrx_word' id='word_1_691' title='bbox 2527 2565 2614 2606; x_wconf 87' lang='lat' dir='ltr'><strong>me</strong></span> <span class='ocrx_word' id='word_1_692' title='bbox 2636 2549 2770 2606; x_wconf 90' lang='lat' dir='ltr'><strong>dicis</strong></span> <span class='ocrx_word' id='word_1_693' title='bbox 2789 2592 2805 2618; x_wconf 94' lang='lat'><strong>,</strong></span> <span class='ocrx_word' id='word_1_694' title='bbox 2833 2550 2974 2620; x_wconf 91' lang='lat' dir='ltr'><strong>quod</strong></span> <span class='ocrx_word' id='word_1_695' title='bbox 3011 2550 3159 2604; x_wconf 87' lang='lat' dir='ltr'><strong>illum</strong></span> <span class='ocrx_word' id='word_1_696' title='bbox 3205 2565 3326 2606; x_wconf 83' lang='lat' dir='ltr'><strong>esse</strong></span> <span class='ocrx_word' id='word_1_697' title='bbox 3369 2564 3474 2603; x_wconf 91' lang='lat' dir='ltr'><strong>non</strong></span> <span class='ocrx_word' id='word_1_698' title='bbox 3505 2547 3674 2610; x_wconf 86' lang='lat' dir='ltr'><strong>dicis.</strong></span> 
     </span>
    </p>
   </div>
   <div class='ocr_carea' id='block_1_86' title="bbox 2085 2639 3678 2716">
    <p class='ocr_par' dir='ltr' id='par_1_86' title="bbox 2085 2639 3678 2716">
     <span class='ocr_line' id='line_1_86' title="bbox 2085 2639 3678 2716; baseline -0.003 -18"><span class='ocrx_word' id='word_1_699' title='bbox 2085 2657 2209 2698; x_wconf 91' lang='lat' dir='ltr'><strong>cum</strong></span> <span class='ocrx_word' id='word_1_700' title='bbox 2236 2641 2338 2698; x_wconf 87' lang='lat' dir='ltr'><strong>hoc</strong></span> <span class='ocrx_word' id='word_1_701' title='bbox 2365 2641 2456 2697; x_wconf 90' lang='lat' dir='ltr'><strong>ille</strong></span> <span class='ocrx_word' id='word_1_702' title='bbox 2481 2649 2628 2697; x_wconf 90' lang='lat' dir='ltr'><strong>tanto</strong></span> <span class='ocrx_word' id='word_1_703' title='bbox 2652 2650 2779 2697; x_wconf 87' lang='lat' dir='ltr'><strong>ante</strong></span> <span class='ocrx_word' id='word_1_704' title='bbox 2808 2641 3004 2697; x_wconf 76' lang='lat' dir='ltr'><strong>dixerit</strong></span> <span class='ocrx_word' id='word_1_705' title='bbox 3021 2682 3038 2708; x_wconf 87' lang='lat'><strong>,</strong></span> <span class='ocrx_word' id='word_1_706' title='bbox 3068 2640 3210 2712; x_wconf 89' lang='lat' dir='ltr'><strong>quod</strong></span> <span class='ocrx_word' id='word_1_707' title='bbox 3239 2656 3340 2711; x_wconf 81' lang='lat' dir='ltr'><strong>ego</strong></span> <span class='ocrx_word' id='word_1_708' title='bbox 3365 2654 3508 2695; x_wconf 90' lang='lat' dir='ltr'><strong>nunc</strong></span> <span class='ocrx_word' id='word_1_709' title='bbox 3534 2639 3678 2716; x_wconf 88' lang='lat' dir='ltr'><strong>dico,</strong></span> 
     </span>
    </p>
   </div>
   <div class='ocr_carea' id='block_1_87' title="bbox 2088 2731 3682 2804">
    <p class='ocr_par' dir='ltr' id='par_1_87' title="bbox 2088 2731 3682 2804">
     <span class='ocr_line' id='line_1_87' title="bbox 2088 2731 3682 2804; baseline -0.001 -16"><span class='ocrx_word' id='word_1_710' title='bbox 2088 2741 2250 2803; x_wconf 85' lang='lat' dir='ltr'><strong>atque</strong></span> <span class='ocrx_word' id='word_1_711' title='bbox 2276 2733 2332 2787; x_wconf 92' lang='lat' dir='ltr'><strong>in</strong></span> <span class='ocrx_word' id='word_1_712' title='bbox 2363 2731 2462 2788; x_wconf 87' lang='lat' dir='ltr'><strong>bac</strong></span> <span class='ocrx_word' id='word_1_713' title='bbox 2486 2732 2750 2789; x_wconf 88' lang='lat' dir='ltr'><strong>sententia</strong></span> <span class='ocrx_word' id='word_1_714' title='bbox 2788 2742 3004 2804; x_wconf 85' lang='lat' dir='ltr'><strong>propter</strong></span> <span class='ocrx_word' id='word_1_715' title='bbox 3028 2747 3188 2802; x_wconf 89' lang='lat' dir='ltr'><strong>quam</strong></span> <span class='ocrx_word' id='word_1_716' title='bbox 3215 2731 3564 2786; x_wconf 82' lang='lat' dir='ltr'><strong>Mauiclucum</strong></span> <span class='ocrx_word' id='word_1_717' title='bbox 3592 2745 3682 2786; x_wconf 89' lang='lat' dir='ltr'><strong>mo</strong></span> 
     </span>
    </p>
   </div>
   <div class='ocr_carea' id='block_1_88' title="bbox 2089 2819 3677 2893">
    <p class='ocr_par' dir='ltr' id='par_1_88' title="bbox 2089 2819 3677 2893">
     <span class='ocr_line' id='line_1_88' title="bbox 2089 2819 3677 2893; baseline -0.001 -15"><span class='ocrx_word' id='word_1_718' title='bbox 2089 2823 2224 2879; x_wconf 90' lang='lat' dir='ltr'><strong>dicis</strong></span> <span class='ocrx_word' id='word_1_719' title='bbox 2246 2864 2263 2892; x_wconf 92' lang='lat'><strong>,</strong></span> <span class='ocrx_word' id='word_1_720' title='bbox 2292 2823 2422 2879; x_wconf 90' lang='lat' dir='ltr'><strong>mihi</strong></span> <span class='ocrx_word' id='word_1_721' title='bbox 2449 2832 2506 2880; x_wconf 92' lang='lat' dir='ltr'><strong>et</strong></span> <span class='ocrx_word' id='word_1_722' title='bbox 2528 2823 2605 2879; x_wconf 92' lang='lat' dir='ltr'><strong>illi</strong></span> <span class='ocrx_word' id='word_1_723' title='bbox 2624 2825 2694 2880; x_wconf 90' lang='lat' dir='ltr'><strong>sit</strong></span> <span class='ocrx_word' id='word_1_724' title='bbox 2720 2839 2879 2880; x_wconf 82' lang='lat' dir='ltr'><strong>causa</strong></span> <span class='ocrx_word' id='word_1_725' title='bbox 2907 2824 3208 2879; x_wconf 89' lang='lat' dir='ltr'><strong>communis</strong></span> <span class='ocrx_word' id='word_1_726' title='bbox 3233 2823 3257 2877; x_wconf 89' lang='lat'><strong>?</strong></span> <span class='ocrx_word' id='word_1_727' title='bbox 3283 2823 3365 2877; x_wconf 89' lang='lat' dir='ltr'><strong>An</strong></span> <span class='ocrx_word' id='word_1_728' title='bbox 3389 2863 3404 2890; x_wconf 97' lang='lat'><strong>,</strong></span> <span class='ocrx_word' id='word_1_729' title='bbox 3427 2819 3677 2893; x_wconf 86' lang='lat' dir='ltr'><strong>quoniam</strong></span> 
     </span>
    </p>
   </div>
   <div class='ocr_carea' id='block_1_89' title="bbox 2089 2915 3680 2986">
    <p class='ocr_par' dir='ltr' id='par_1_89' title="bbox 2089 2915 3680 2986">
     <span class='ocr_line' id='line_1_89' title="bbox 2089 2915 3680 2986; baseline 0 -16"><span class='ocrx_word' id='word_1_730' title='bbox 2089 2930 2198 2970; x_wconf 91' lang='lat' dir='ltr'><strong>non</strong></span> <span class='ocrx_word' id='word_1_731' title='bbox 2238 2915 2445 2970; x_wconf 89' lang='lat' dir='ltr'><strong>invenis</strong></span> <span class='ocrx_word' id='word_1_732' title='bbox 2485 2931 2590 2986; x_wconf 86' lang='lat' dir='ltr'><strong>qua</strong></span> <span class='ocrx_word' id='word_1_733' title='bbox 2637 2931 2834 2982; x_wconf 88' lang='lat' dir='ltr'><strong>exeas,</strong></span> <span class='ocrx_word' id='word_1_734' title='bbox 2864 2917 2996 2970; x_wconf 92' lang='lat' dir='ltr'><strong>iram</strong></span> <span class='ocrx_word' id='word_1_735' title='bbox 3040 2915 3254 2986; x_wconf 88' lang='lat' dir='ltr'><strong>quidem</strong></span> <span class='ocrx_word' id='word_1_736' title='bbox 3279 2915 3537 2981; x_wconf 85' lang='lat' dir='ltr'><strong>simulas,</strong></span> <span class='ocrx_word' id='word_1_737' title='bbox 3572 2929 3680 2970; x_wconf 91' lang='lat' dir='ltr'><strong>non</strong></span> 
     </span>
    </p>
   </div>
   <div class='ocr_carea' id='block_1_90' title="bbox 2091 3005 3684 3076">
    <p class='ocr_par' dir='ltr' id='par_1_90' title="bbox 2091 3005 3684 3076">
     <span class='ocr_line' id='line_1_90' title="bbox 2091 3005 3684 3076; baseline 0.001 -16"><span class='ocrx_word' id='word_1_738' title='bbox 2091 3013 2266 3060; x_wconf 87' lang='lat' dir='ltr'><strong>tamen</strong></span> <span class='ocrx_word' id='word_1_739' title='bbox 2295 3005 2490 3072; x_wconf 90' lang='lat' dir='ltr'><strong>iratus,</strong></span> <span class='ocrx_word' id='word_1_740' title='bbox 2518 3005 2614 3063; x_wconf 88' lang='lat' dir='ltr'><strong>sed</strong></span> <span class='ocrx_word' id='word_1_741' title='bbox 2637 3007 2880 3061; x_wconf 87' lang='lat' dir='ltr'><strong>turbatus</strong></span> <span class='ocrx_word' id='word_1_742' title='bbox 2917 3007 3223 3062; x_wconf 77' lang='lat' dir='ltr'><strong>exclamas?</strong></span> <span class='ocrx_word' id='word_1_743' title='bbox 3253 3006 3448 3061; x_wconf 74' lang='lat' dir='ltr'><strong>Verum</strong></span> <span class='ocrx_word' id='word_1_744' title='bbox 3472 3007 3524 3062; x_wconf 91' lang='lat' dir='ltr'><strong>in</strong></span> <span class='ocrx_word' id='word_1_745' title='bbox 3553 3006 3684 3076; x_wconf 85' lang='lat' dir='ltr'><strong>ipsis</strong></span> 
     </span>
    </p>
   </div>
   <div class='ocr_carea' id='block_1_91' title="bbox 2089 3095 3683 3163">
    <p class='ocr_par' dir='ltr' id='par_1_91' title="bbox 2089 3095 3683 3163">
     <span class='ocr_line' id='line_1_91' title="bbox 2089 3095 3683 3163; baseline -0.001 -12"><span class='ocrx_word' id='word_1_746' title='bbox 2089 3096 2564 3152; x_wconf 77' lang='lat' dir='ltr'><strong>exclamationibus</strong></span> <span class='ocrx_word' id='word_1_747' title='bbox 2612 3097 2719 3152; x_wconf 85' lang='lat' dir='ltr'><strong>tuis</strong></span> <span class='ocrx_word' id='word_1_748' title='bbox 2761 3097 2919 3152; x_wconf 75' lang='lat' dir='ltr'><strong>audio</strong></span> <span class='ocrx_word' id='word_1_749' title='bbox 2942 3137 2959 3163; x_wconf 95' lang='lat'><strong>,</strong></span> <span class='ocrx_word' id='word_1_750' title='bbox 3011 3095 3056 3150; x_wconf 94' lang='lat'><em>0</em></span> <span class='ocrx_word' id='word_1_751' title='bbox 3103 3095 3464 3151; x_wconf 86' lang='lat' dir='ltr'><strong>Calamitosam</strong></span> <span class='ocrx_word' id='word_1_752' title='bbox 3516 3095 3683 3150; x_wconf 71' lang='lat' dir='ltr'><strong>Itami-</strong></span> 
     </span>
    </p>
   </div>
   <div class='ocr_carea' id='block_1_92' title="bbox 2090 3185 3683 3257">
    <p class='ocr_par' dir='ltr' id='par_1_92' title="bbox 2090 3185 3683 3257">
     <span class='ocr_line' id='line_1_92' title="bbox 2090 3185 3683 3257; baseline 0.001 -17"><span class='ocrx_word' id='word_1_753' title='bbox 2090 3185 2172 3241; x_wconf 82' lang='lat' dir='ltr'><strong>uis</strong></span> <span class='ocrx_word' id='word_1_754' title='bbox 2200 3187 2498 3257; x_wconf 84' lang='lat' dir='ltr'><strong>pravitatem</strong></span> <span class='ocrx_word' id='word_1_755' title='bbox 2523 3187 2545 3242; x_wconf 82' lang='lat'><strong>.&#39;</strong></span> <span class='ocrx_word' id='word_1_756' title='bbox 2567 3187 2700 3256; x_wconf 85' lang='lat' dir='ltr'><strong>Quia</strong></span> <span class='ocrx_word' id='word_1_757' title='bbox 2727 3187 2973 3244; x_wconf 84' lang='lat' dir='ltr'><strong>videlicet</strong></span> <span class='ocrx_word' id='word_1_758' title='bbox 3002 3186 3164 3243; x_wconf 88' lang='lat' dir='ltr'><strong>homo</strong></span> <span class='ocrx_word' id='word_1_759' title='bbox 3189 3201 3309 3242; x_wconf 89' lang='lat' dir='ltr'><strong>sum</strong></span> <span class='ocrx_word' id='word_1_760' title='bbox 3337 3187 3683 3242; x_wconf 87' lang='lat' dir='ltr'><strong>calamitosus</strong></span> 
     </span>
    </p>
   </div>
   <div class='ocr_carea' id='block_1_93' title="bbox 2089 3279 3680 3351">
    <p class='ocr_par' dir='ltr' id='par_1_93' title="bbox 2089 3279 3680 3351">
     <span class='ocr_line' id='line_1_93' title="bbox 2089 3279 3680 3351; baseline 0.002 -18"><span class='ocrx_word' id='word_1_761' title='bbox 2089 3286 2148 3333; x_wconf 86' lang='lat' dir='ltr'><strong>et</strong></span> <span class='ocrx_word' id='word_1_762' title='bbox 2185 3292 2417 3348; x_wconf 87' lang='lat' dir='ltr'><strong>pravus,</strong></span> <span class='ocrx_word' id='word_1_763' title='bbox 2467 3279 2558 3350; x_wconf 92' lang='lat' dir='ltr'><strong>qui</strong></span> <span class='ocrx_word' id='word_1_764' title='bbox 2601 3281 2907 3336; x_wconf 89' lang='lat' dir='ltr'><strong>consentire</strong></span> <span class='ocrx_word' id='word_1_765' title='bbox 2947 3279 3090 3351; x_wconf 76' lang='lat' dir='ltr'><strong>eligo</strong></span> <span class='ocrx_word' id='word_1_766' title='bbox 3134 3279 3420 3336; x_wconf 81' lang='lat' dir='ltr'><strong>Ambrosio</strong></span> <span class='ocrx_word' id='word_1_767' title='bbox 3457 3294 3680 3336; x_wconf 88' lang='lat' dir='ltr'><strong>:essem</strong></span> 
     </span>
    </p>
   </div>
   <div class='ocr_carea' id='block_1_94' title="bbox 2091 3371 3676 3446">
    <p class='ocr_par' dir='ltr' id='par_1_94' title="bbox 2091 3371 3676 3446">
     <span class='ocr_line' id='line_1_94' title="bbox 2091 3371 3676 3446; baseline 0.003 -21"><span class='ocrx_word' id='word_1_768' title='bbox 2091 3385 2221 3426; x_wconf 88' lang='lat' dir='ltr'><strong>vero</strong></span> <span class='ocrx_word' id='word_1_769' title='bbox 2240 3371 2428 3431; x_wconf 89' lang='lat' dir='ltr'><strong>beatus</strong></span> <span class='ocrx_word' id='word_1_770' title='bbox 2441 3381 2498 3428; x_wconf 90' lang='lat' dir='ltr'><strong>et</strong></span> <span class='ocrx_word' id='word_1_771' title='bbox 2525 3381 2704 3432; x_wconf 89' lang='lat' dir='ltr'><strong>rectus</strong></span> <span class='ocrx_word' id='word_1_772' title='bbox 2726 3414 2742 3440; x_wconf 91' lang='lat'><strong>,</strong></span> <span class='ocrx_word' id='word_1_773' title='bbox 2765 3374 2810 3429; x_wconf 89' lang='lat' dir='ltr'><strong>si</strong></span> <span class='ocrx_word' id='word_1_774' title='bbox 2837 3373 3091 3446; x_wconf 74' lang='lat' dir='ltr'><strong>eligerem</strong></span> <span class='ocrx_word' id='word_1_775' title='bbox 3111 3375 3417 3430; x_wconf 89' lang='lat' dir='ltr'><strong>consentire</strong></span> <span class='ocrx_word' id='word_1_776' title='bbox 3440 3373 3676 3432; x_wconf 70' lang='lat' dir='ltr'><strong>Iuliano.</strong></span> 
     </span>
    </p>
   </div>
   <div class='ocr_carea' id='block_1_95' title="bbox 2091 3460 3804 3537">
    <p class='ocr_par' dir='ltr' id='par_1_95' title="bbox 2091 3460 3804 3537">
     <span class='ocr_line' id='line_1_95' title="bbox 2091 3460 3804 3537; baseline 0.002 -20"><span class='ocrx_word' id='word_1_777' title='bbox 2091 3460 2299 3528; x_wconf 80' lang='lat' dir='ltr'><strong>Audio,</strong></span> <span class='ocrx_word' id='word_1_778' title='bbox 2329 3461 2375 3516; x_wconf 90' lang='lat'><strong><em>0</em></strong></span> <span class='ocrx_word' id='word_1_779' title='bbox 2403 3463 2727 3519; x_wconf 80' lang='lat' dir='ltr'><strong>intentionem</strong></span> <span class='ocrx_word' id='word_1_780' title='bbox 2762 3465 3036 3536; x_wconf 78' lang='lat' dir='ltr'><strong>nefandam</strong></span> <span class='ocrx_word' id='word_1_781' title='bbox 3063 3466 3084 3520; x_wconf 90' lang='lat'><strong><em>!</em></strong></span> <span class='ocrx_word' id='word_1_782' title='bbox 3103 3465 3334 3521; x_wconf 82' lang='lat' dir='ltr'><strong>intentio</strong></span> <span class='ocrx_word' id='word_1_783' title='bbox 3358 3467 3554 3537; x_wconf 86' lang='lat' dir='ltr'><strong>quippe</strong></span> <span class='ocrx_word' id='word_1_784' title='bbox 3587 3481 3686 3521; x_wconf 83' lang='lat' dir='ltr'><strong>no-</strong></span> <span class='ocrx_word' id='word_1_785' title='bbox 3797 3460 3804 3465; x_wconf 81' lang='grc'><strong>’</strong></span> 
     </span>
    </p>
   </div>
   <div class='ocr_carea' id='block_1_96' title="bbox 2091 3553 3682 3627">
    <p class='ocr_par' dir='ltr' id='par_1_96' title="bbox 2091 3553 3682 3627">
     <span class='ocr_line' id='line_1_96' title="bbox 2091 3553 3682 3627; baseline 0.004 -20"><span class='ocrx_word' id='word_1_786' title='bbox 2091 3562 2202 3608; x_wconf 88' lang='lat' dir='ltr'><strong>stra</strong></span> <span class='ocrx_word' id='word_1_787' title='bbox 2231 3553 2454 3608; x_wconf 90' lang='lat' dir='ltr'><strong>nefanda</strong></span> <span class='ocrx_word' id='word_1_788' title='bbox 2495 3563 2598 3622; x_wconf 90' lang='lat' dir='ltr'><strong>est,</strong></span> <span class='ocrx_word' id='word_1_789' title='bbox 2627 3556 2748 3626; x_wconf 89' lang='lat' dir='ltr'><strong>quia</strong></span> <span class='ocrx_word' id='word_1_790' title='bbox 2783 3557 3104 3627; x_wconf 85' lang='lat' dir='ltr'><strong>opponimus</strong></span> <span class='ocrx_word' id='word_1_791' title='bbox 3139 3557 3479 3613; x_wconf 84' lang='lat' dir='ltr'><strong>Ambrosium</strong></span> <span class='ocrx_word' id='word_1_792' title='bbox 3513 3557 3682 3614; x_wconf 83' lang='lat' dir='ltr'><strong>Julia-</strong></span> 
     </span>
    </p>
   </div>
   <div class='ocr_carea' id='block_1_97' title="bbox 2093 3644 3684 3718">
    <p class='ocr_par' dir='ltr' id='par_1_97' title="bbox 2093 3644 3684 3718">
     <span class='ocr_line' id='line_1_97' title="bbox 2093 3644 3684 3718; baseline 0.006 -22"><span class='ocrx_word' id='word_1_793' title='bbox 2093 3657 2164 3696; x_wconf 89' lang='lat' dir='ltr'><strong>no</strong></span> <span class='ocrx_word' id='word_1_794' title='bbox 2194 3660 2208 3696; x_wconf 88' lang='lat'><strong>:</strong></span> <span class='ocrx_word' id='word_1_795' title='bbox 2239 3651 2384 3700; x_wconf 88' lang='lat' dir='ltr'><strong>esset</strong></span> <span class='ocrx_word' id='word_1_796' title='bbox 2421 3653 2598 3700; x_wconf 89' lang='lat' dir='ltr'><strong>autem</strong></span> <span class='ocrx_word' id='word_1_797' title='bbox 2628 3644 2786 3700; x_wconf 87' lang='lat' dir='ltr'><strong>fanda</strong></span> <span class='ocrx_word' id='word_1_798' title='bbox 2811 3687 2826 3713; x_wconf 95' lang='lat'><strong>,</strong></span> <span class='ocrx_word' id='word_1_799' title='bbox 2868 3648 2912 3702; x_wconf 88' lang='lat' dir='ltr'><strong>si</strong></span> <span class='ocrx_word' id='word_1_800' title='bbox 2946 3647 3213 3703; x_wconf 76' lang='lat' dir='ltr'><strong>lulianum</strong></span> <span class='ocrx_word' id='word_1_801' title='bbox 3253 3663 3684 3718; x_wconf 66' lang='lat' dir='ltr'><strong>praiponeremus</strong></span> 
     </span>
    </p>
   </div>
   <div class='ocr_carea' id='block_1_98' title="bbox 2092 3731 3683 3808">
    <p class='ocr_par' dir='ltr' id='par_1_98' title="bbox 2092 3731 3683 3808">
     <span class='ocr_line' id='line_1_98' title="bbox 2092 3731 3683 3808; baseline 0.003 -20"><span class='ocrx_word' id='word_1_802' title='bbox 2092 3731 2398 3806; x_wconf 78' lang='lat' dir='ltr'><strong>Ambrosio.</strong></span> <span class='ocrx_word' id='word_1_803' title='bbox 2430 3733 2538 3798; x_wconf 82' lang='lat' dir='ltr'><strong>Sed</strong></span> <span class='ocrx_word' id='word_1_804' title='bbox 2561 3736 2686 3806; x_wconf 87' lang='lat' dir='ltr'><strong>quid</strong></span> <span class='ocrx_word' id='word_1_805' title='bbox 2715 3745 2800 3796; x_wconf 84' lang='lat' dir='ltr'><strong>est</strong></span> <span class='ocrx_word' id='word_1_806' title='bbox 2826 3737 2966 3808; x_wconf 88' lang='lat' dir='ltr'><strong>quod</strong></span> <span class='ocrx_word' id='word_1_807' title='bbox 2986 3737 3147 3792; x_wconf 88' lang='lat' dir='ltr'><strong>audio</strong></span> <span class='ocrx_word' id='word_1_808' title='bbox 3175 3738 3385 3793; x_wconf 88' lang='lat' dir='ltr'><strong>tertiam</strong></span> <span class='ocrx_word' id='word_1_809' title='bbox 3415 3738 3683 3793; x_wconf 81' lang='lat' dir='ltr'><strong>exclama-</strong></span> 
     </span>
    </p>
   </div>
   <div class='ocr_carea' id='block_1_99' title="bbox 2094 3823 3685 3900">
    <p class='ocr_par' dir='ltr' id='par_1_99' title="bbox 2094 3823 3685 3900">
     <span class='ocr_line' id='line_1_99' title="bbox 2094 3823 3685 3900; baseline 0.005 -21"><span class='ocrx_word' id='word_1_810' title='bbox 2094 3823 2294 3881; x_wconf 86' lang='lat' dir='ltr'><strong>tionem</strong></span> <span class='ocrx_word' id='word_1_811' title='bbox 2330 3834 2473 3882; x_wconf 76' lang='lat' dir='ltr'><strong>tuam</strong></span> <span class='ocrx_word' id='word_1_812' title='bbox 2497 3868 2514 3895; x_wconf 93' lang='lat'><strong>,</strong></span> <span class='ocrx_word' id='word_1_813' title='bbox 2549 3828 2595 3882; x_wconf 86' lang='lat'><em>0</em></span> <span class='ocrx_word' id='word_1_814' title='bbox 2631 3829 2906 3900; x_wconf 75' lang='lat' dir='ltr'><strong>falsitatem</strong></span> <span class='ocrx_word' id='word_1_815' title='bbox 2933 3829 3320 3884; x_wconf 80' lang='lat' dir='ltr'><strong>erubescendum</strong></span> <span class='ocrx_word' id='word_1_816' title='bbox 3351 3831 3372 3884; x_wconf 69' lang='grc' dir='ltr'><em>Ι</em></span> <span class='ocrx_word' id='word_1_817' title='bbox 3402 3830 3685 3887; x_wconf 81' lang='lat' dir='ltr'><strong>Falsamne</strong></span> 
     </span>
    </p>
   </div>
   <div class='ocr_carea' id='block_1_100' title="bbox 2091 3914 3683 3990">
    <p class='ocr_par' dir='ltr' id='par_1_100' title="bbox 2091 3914 3683 3990">
     <span class='ocr_line' id='line_1_100' title="bbox 2091 3914 3683 3990; baseline 0.003 -18"><span class='ocrx_word' id='word_1_818' title='bbox 2091 3914 2230 3972; x_wconf 86' lang='lat' dir='ltr'><strong>dicis</strong></span> <span class='ocrx_word' id='word_1_819' title='bbox 2253 3931 2378 3974; x_wconf 84' lang='lat' dir='ltr'><strong>esse</strong></span> <span class='ocrx_word' id='word_1_820' title='bbox 2398 3918 2669 3975; x_wconf 85' lang='lat' dir='ltr'><strong>Ambrosii</strong></span> <span class='ocrx_word' id='word_1_821' title='bbox 2698 3919 3020 3976; x_wconf 82' lang='lat' dir='ltr'><strong>sententiam</strong></span> <span class='ocrx_word' id='word_1_822' title='bbox 3042 3960 3058 3986; x_wconf 94' lang='lat'><strong>,</strong></span> <span class='ocrx_word' id='word_1_823' title='bbox 3093 3919 3144 3974; x_wconf 90' lang='lat' dir='ltr'><strong>id</strong></span> <span class='ocrx_word' id='word_1_824' title='bbox 3169 3930 3252 3976; x_wconf 89' lang='lat' dir='ltr'><strong>est</strong></span> <span class='ocrx_word' id='word_1_825' title='bbox 3275 3962 3290 3988; x_wconf 93' lang='lat'><strong>,</strong></span> <span class='ocrx_word' id='word_1_826' title='bbox 3322 3921 3465 3990; x_wconf 86' lang='lat' dir='ltr'><strong>quod</strong></span> <span class='ocrx_word' id='word_1_827' title='bbox 3492 3921 3683 3976; x_wconf 86' lang='lat' dir='ltr'><strong>falsum</strong></span> 
     </span>
    </p>
   </div>
   <div class='ocr_carea' id='block_1_101' title="bbox 2093 4008 3681 4081">
    <p class='ocr_par' dir='ltr' id='par_1_101' title="bbox 2093 4008 3681 4081">
     <span class='ocr_line' id='line_1_101' title="bbox 2093 4008 3681 4081; baseline 0.003 -16"><span class='ocrx_word' id='word_1_828' title='bbox 2093 4008 2209 4081; x_wconf 89' lang='lat' dir='ltr'><strong>ipse</strong></span> <span class='ocrx_word' id='word_1_829' title='bbox 2249 4011 2522 4068; x_wconf 78' lang='lat' dir='ltr'><strong>senserit?</strong></span> <span class='ocrx_word' id='word_1_830' title='bbox 2567 4027 2635 4068; x_wconf 88' lang='lat' dir='ltr'><strong>sn</strong></span> <span class='ocrx_word' id='word_1_831' title='bbox 2675 4027 2794 4068; x_wconf 79' lang='lat' dir='ltr'><strong>eam</strong></span> <span class='ocrx_word' id='word_1_832' title='bbox 2840 4027 2942 4068; x_wconf 87' lang='lat' dir='ltr'><strong>nos</strong></span> <span class='ocrx_word' id='word_1_833' title='bbox 2969 4012 3042 4067; x_wconf 90' lang='lat' dir='ltr'><strong>illi</strong></span> <span class='ocrx_word' id='word_1_834' title='bbox 3073 4011 3212 4068; x_wconf 78' lang='lat' dir='ltr'><strong>falso</strong></span> <span class='ocrx_word' id='word_1_835' title='bbox 3251 4014 3516 4081; x_wconf 84' lang='lat' dir='ltr'><strong>tribucre,</strong></span> <span class='ocrx_word' id='word_1_836' title='bbox 3561 4029 3681 4069; x_wconf 91' lang='lat' dir='ltr'><strong>cum</strong></span> 
     </span>
    </p>
   </div>
   <div class='ocr_carea' id='block_1_102' title="bbox 2093 4099 3685 4175">
    <p class='ocr_par' dir='ltr' id='par_1_102' title="bbox 2093 4099 3685 4175">
     <span class='ocr_line' id='line_1_102' title="bbox 2093 4099 3685 4175; baseline 0.005 -21"><span class='ocrx_word' id='word_1_837' title='bbox 2093 4099 2196 4157; x_wconf 84' lang='lat' dir='ltr'><strong>hoc</strong></span> <span class='ocrx_word' id='word_1_838' title='bbox 2235 4101 2352 4172; x_wconf 82' lang='lat' dir='ltr'><strong>ipse</strong></span> <span class='ocrx_word' id='word_1_839' title='bbox 2378 4117 2484 4158; x_wconf 90' lang='lat' dir='ltr'><strong>non</strong></span> <span class='ocrx_word' id='word_1_840' title='bbox 2524 4103 2791 4168; x_wconf 86' lang='lat' dir='ltr'><strong>senserit,</strong></span> <span class='ocrx_word' id='word_1_841' title='bbox 2837 4118 3012 4173; x_wconf 83' lang='lat' dir='ltr'><strong>neque</strong></span> <span class='ocrx_word' id='word_1_842' title='bbox 3047 4102 3099 4157; x_wconf 91' lang='lat' dir='ltr'><strong>id</strong></span> <span class='ocrx_word' id='word_1_843' title='bbox 3146 4106 3366 4160; x_wconf 81' lang='lat' dir='ltr'><strong>omnino</strong></span> <span class='ocrx_word' id='word_1_844' title='bbox 3392 4107 3535 4175; x_wconf 84' lang='lat' dir='ltr'><strong>quod</strong></span> <span class='ocrx_word' id='word_1_845' title='bbox 3563 4123 3685 4162; x_wconf 83' lang='lat' dir='ltr'><strong>eum</strong></span> 
     </span>
    </p>
   </div>
   <div class='ocr_carea' id='block_1_103' title="bbox 2094 4193 3685 4252">
    <p class='ocr_par' dir='ltr' id='par_1_103' title="bbox 2094 4193 3685 4252">
     <span class='ocr_line' id='line_1_103' title="bbox 2094 4193 3685 4252; baseline 0.003 -4"><span class='ocrx_word' id='word_1_846' title='bbox 2094 4207 2194 4248; x_wconf 85' lang='lat' dir='ltr'><strong>nos</strong></span> <span class='ocrx_word' id='word_1_847' title='bbox 2237 4193 2437 4250; x_wconf 77' lang='lat' dir='ltr'><strong>dixisse</strong></span> <span class='ocrx_word' id='word_1_848' title='bbox 2465 4194 2694 4250; x_wconf 86' lang='lat' dir='ltr'><strong>dicimus</strong></span> <span class='ocrx_word' id='word_1_849' title='bbox 2721 4194 2918 4251; x_wconf 85' lang='lat' dir='ltr'><strong>dixerit</strong></span> <span class='ocrx_word' id='word_1_850' title='bbox 2949 4196 2974 4247; x_wconf 83' lang='lat'><strong>?</strong></span> <span class='ocrx_word' id='word_1_851' title='bbox 3001 4211 3070 4249; x_wconf 81' lang='lat' dir='ltr'><strong>an</strong></span> <span class='ocrx_word' id='word_1_852' title='bbox 3109 4211 3227 4250; x_wconf 89' lang='lat' dir='ltr'><strong>eam</strong></span> <span class='ocrx_word' id='word_1_853' title='bbox 3259 4211 3357 4250; x_wconf 88' lang='lat' dir='ltr'><strong>nos</strong></span> <span class='ocrx_word' id='word_1_854' title='bbox 3388 4213 3494 4250; x_wconf 86' lang='lat' dir='ltr'><strong>nou</strong></span> <span class='ocrx_word' id='word_1_855' title='bbox 3529 4198 3685 4252; x_wconf 87' lang='lat' dir='ltr'><strong>intel-</strong></span> 
     </span>
    </p>
   </div>
   <div class='ocr_carea' id='block_1_104' title="bbox 2095 4285 3687 4358">
    <p class='ocr_par' dir='ltr' id='par_1_104' title="bbox 2095 4285 3687 4358">
     <span class='ocr_line' id='line_1_104' title="bbox 2095 4285 3687 4358; baseline 0.002 -17"><span class='ocrx_word' id='word_1_856' title='bbox 2095 4285 2309 4357; x_wconf 81' lang='lat' dir='ltr'><strong>ligendo</strong></span> <span class='ocrx_word' id='word_1_857' title='bbox 2330 4327 2347 4354; x_wconf 95' lang='lat'><strong>,</strong></span> <span class='ocrx_word' id='word_1_858' title='bbox 2379 4285 2570 4344; x_wconf 87' lang='lat' dir='ltr'><strong>falsum</strong></span> <span class='ocrx_word' id='word_1_859' title='bbox 2591 4287 2800 4358; x_wconf 87' lang='lat' dir='ltr'><strong>opinari</strong></span> <span class='ocrx_word' id='word_1_860' title='bbox 2825 4286 2893 4343; x_wconf 89' lang='lat' dir='ltr'><strong>de</strong></span> <span class='ocrx_word' id='word_1_861' title='bbox 2917 4288 3033 4354; x_wconf 87' lang='lat' dir='ltr'><strong>illa,</strong></span> <span class='ocrx_word' id='word_1_862' title='bbox 3063 4302 3185 4343; x_wconf 86' lang='lat' dir='ltr'><strong>eum</strong></span> <span class='ocrx_word' id='word_1_863' title='bbox 3219 4289 3329 4358; x_wconf 87' lang='lat' dir='ltr'><strong>ipsa</strong></span> <span class='ocrx_word' id='word_1_864' title='bbox 3365 4289 3437 4346; x_wconf 89' lang='lat' dir='ltr'><strong>sit</strong></span> <span class='ocrx_word' id='word_1_865' title='bbox 3463 4304 3588 4344; x_wconf 87' lang='lat' dir='ltr'><strong>vera</strong></span> <span class='ocrx_word' id='word_1_866' title='bbox 3610 4291 3626 4322; x_wconf 77' lang='grc' dir='ltr'>ί</span> <span class='ocrx_word' id='word_1_867' title='bbox 3663 4290 3687 4344; x_wconf 90' lang='lat'><strong>?</strong></span> 
     </span>
    </p>
   </div>
   <div class='ocr_carea' id='block_1_105' title="bbox 2094 4375 3689 4449">
    <p class='ocr_par' dir='ltr' id='par_1_105' title="bbox 2094 4375 3689 4449">
     <span class='ocr_line' id='line_1_105' title="bbox 2094 4375 3689 4449; baseline 0.002 -16"><span class='ocrx_word' id='word_1_868' title='bbox 2094 4375 2202 4433; x_wconf 90' lang='lat' dir='ltr'><strong>Sed</strong></span> <span class='ocrx_word' id='word_1_869' title='bbox 2231 4391 2334 4431; x_wconf 90' lang='lat' dir='ltr'><strong>non</strong></span> <span class='ocrx_word' id='word_1_870' title='bbox 2365 4384 2472 4432; x_wconf 91' lang='lat' dir='ltr'><strong>tam</strong></span> <span class='ocrx_word' id='word_1_871' title='bbox 2509 4378 2892 4433; x_wconf 90' lang='lat' dir='ltr'><strong>contumeliose</strong></span> <span class='ocrx_word' id='word_1_872' title='bbox 2917 4377 2985 4434; x_wconf 89' lang='lat' dir='ltr'><strong>de</strong></span> <span class='ocrx_word' id='word_1_873' title='bbox 3015 4378 3302 4434; x_wconf 82' lang='lat' dir='ltr'><strong>Ambrosio</strong></span> <span class='ocrx_word' id='word_1_874' title='bbox 3332 4379 3600 4449; x_wconf 85' lang='lat' dir='ltr'><strong>loqueris,</strong></span> <span class='ocrx_word' id='word_1_875' title='bbox 3631 4391 3689 4436; x_wconf 91' lang='lat' dir='ltr'><strong>ut</strong></span> 
     </span>
    </p>
   </div>
   <div class='ocr_carea' id='block_1_106' title="bbox 2096 4467 3686 4527">
    <p class='ocr_par' dir='ltr' id='par_1_106' title="bbox 2096 4467 3686 4527">
     <span class='ocr_line' id='line_1_106' title="bbox 2096 4467 3686 4527; baseline 0.003 -5"><span class='ocrx_word' id='word_1_876' title='bbox 2096 4467 2171 4522; x_wconf 92' lang='lat' dir='ltr'><strong>illi</strong></span> <span class='ocrx_word' id='word_1_877' title='bbox 2203 4467 2318 4522; x_wconf 83' lang='lat' dir='ltr'><strong>vim</strong></span> <span class='ocrx_word' id='word_1_878' title='bbox 2336 4467 2755 4525; x_wconf 79' lang='lat' dir='ltr'><strong>embescendam</strong></span> <span class='ocrx_word' id='word_1_879' title='bbox 2778 4469 3039 4526; x_wconf 87' lang='lat' dir='ltr'><strong>tribueres</strong></span> <span class='ocrx_word' id='word_1_880' title='bbox 3058 4470 3342 4526; x_wconf 82' lang='lat' dir='ltr'><strong>falsitatem</strong></span> <span class='ocrx_word' id='word_1_881' title='bbox 3358 4473 3399 4524; x_wconf 82' lang='grc'><strong><em>².</em></strong></span> <span class='ocrx_word' id='word_1_882' title='bbox 3428 4471 3536 4526; x_wconf 83' lang='lat' dir='ltr'><strong>Nos</strong></span> <span class='ocrx_word' id='word_1_883' title='bbox 3559 4487 3686 4527; x_wconf 84' lang='lat' dir='ltr'><strong>vero</strong></span> 
     </span>
    </p>
   </div>
   <div class='ocr_carea' id='block_1_107' title="bbox 2095 4559 3687 4629">
    <p class='ocr_par' dir='ltr' id='par_1_107' title="bbox 2095 4559 3687 4629">
     <span class='ocr_line' id='line_1_107' title="bbox 2095 4559 3687 4629; baseline 0.001 -17"><span class='ocrx_word' id='word_1_884' title='bbox 2095 4572 2214 4612; x_wconf 91' lang='lat' dir='ltr'><strong>eam</strong></span> <span class='ocrx_word' id='word_1_885' title='bbox 2242 4559 2640 4628; x_wconf 85' lang='lat' dir='ltr'><strong>composuisse,</strong></span> <span class='ocrx_word' id='word_1_886' title='bbox 2667 4567 2720 4614; x_wconf 87' lang='lat' dir='ltr'><strong>et</strong></span> <span class='ocrx_word' id='word_1_887' title='bbox 2743 4560 2886 4629; x_wconf 83' lang='lat' dir='ltr'><strong>quod</strong></span> <span class='ocrx_word' id='word_1_888' title='bbox 2925 4561 2994 4615; x_wconf 82' lang='lat' dir='ltr'><strong>ab</strong></span> <span class='ocrx_word' id='word_1_889' title='bbox 3034 4560 3126 4614; x_wconf 84' lang='lat' dir='ltr'><strong>illo</strong></span> <span class='ocrx_word' id='word_1_890' title='bbox 3153 4562 3356 4629; x_wconf 77' lang='lat' dir='ltr'><strong>pmla—ta</strong></span> <span class='ocrx_word' id='word_1_891' title='bbox 3388 4561 3544 4614; x_wconf 70' lang='lat' dir='ltr'><strong>liter-it</strong></span> <span class='ocrx_word' id='word_1_892' title='bbox 3587 4561 3687 4614; x_wconf 86' lang='lat' dir='ltr'><strong>lin-</strong></span> 
     </span>
    </p>
   </div>
   <div class='ocr_carea' id='block_1_108' title="bbox 2098 4650 3691 4716">
    <p class='ocr_par' dir='ltr' id='par_1_108' title="bbox 2098 4650 3691 4716">
     <span class='ocr_line' id='line_1_108' title="bbox 2098 4650 3691 4716; baseline 0.001 -12"><span class='ocrx_word' id='word_1_893' title='bbox 2098 4650 2241 4704; x_wconf 87' lang='lat' dir='ltr'><strong>xisse</strong></span> <span class='ocrx_word' id='word_1_894' title='bbox 2263 4689 2279 4716; x_wconf 93' lang='lat'><strong>,</strong></span> <span class='ocrx_word' id='word_1_895' title='bbox 2307 4666 2414 4704; x_wconf 86' lang='lat' dir='ltr'><strong>non</strong></span> <span class='ocrx_word' id='word_1_896' title='bbox 2443 4665 2604 4705; x_wconf 87' lang='lat' dir='ltr'><strong>ausus</strong></span> <span class='ocrx_word' id='word_1_897' title='bbox 2641 4666 2700 4705; x_wconf 86' lang='lat' dir='ltr'><strong>cs</strong></span> <span class='ocrx_word' id='word_1_898' title='bbox 2729 4651 2905 4707; x_wconf 76' lang='lat' dir='ltr'><strong>dicere</strong></span> <span class='ocrx_word' id='word_1_899' title='bbox 2937 4669 2949 4704; x_wconf 88' lang='lat'><strong>:</strong></span> <span class='ocrx_word' id='word_1_900' title='bbox 2985 4661 3088 4705; x_wconf 84' lang='lat' dir='ltr'><strong>tam</strong></span> <span class='ocrx_word' id='word_1_901' title='bbox 3121 4653 3301 4706; x_wconf 86' lang='lat' dir='ltr'><strong>multis</strong></span> <span class='ocrx_word' id='word_1_902' title='bbox 3323 4653 3469 4706; x_wconf 84' lang='lat' dir='ltr'><strong>enim</strong></span> <span class='ocrx_word' id='word_1_903' title='bbox 3503 4652 3691 4708; x_wconf 81' lang='lat' dir='ltr'><strong>docto-</strong></span> 
     </span>
    </p>
   </div>
   <div class='ocr_carea' id='block_1_109' title="bbox 2097 4740 3683 4811">
    <p class='ocr_par' dir='ltr' id='par_1_109' title="bbox 2097 4740 3683 4811">
     <span class='ocr_line' id='line_1_109' title="bbox 2097 4740 3683 4811; baseline 0.002 -16"><span class='ocrx_word' id='word_1_904' title='bbox 2097 4741 2172 4795; x_wconf 89' lang='lat' dir='ltr'><strong>ris</strong></span> <span class='ocrx_word' id='word_1_905' title='bbox 2222 4740 2364 4794; x_wconf 92' lang='lat' dir='ltr'><strong>illius</strong></span> <span class='ocrx_word' id='word_1_906' title='bbox 2411 4750 2535 4795; x_wconf 88' lang='lat' dir='ltr'><strong>nota</strong></span> <span class='ocrx_word' id='word_1_907' title='bbox 2579 4750 2704 4795; x_wconf 87' lang='lat' dir='ltr'><strong>sunt</strong></span> <span class='ocrx_word' id='word_1_908' title='bbox 2732 4742 2929 4811; x_wconf 84' lang='lat' dir='ltr'><strong>scripta</strong></span> <span class='ocrx_word' id='word_1_909' title='bbox 2951 4783 2968 4806; x_wconf 93' lang='lat'><strong>,</strong></span> <span class='ocrx_word' id='word_1_910' title='bbox 2995 4751 3052 4797; x_wconf 90' lang='lat' dir='ltr'><strong>ut</strong></span> <span class='ocrx_word' id='word_1_911' title='bbox 3083 4742 3135 4795; x_wconf 90' lang='lat' dir='ltr'><strong>iu</strong></span> <span class='ocrx_word' id='word_1_912' title='bbox 3175 4741 3282 4795; x_wconf 85' lang='lat' dir='ltr'><strong>hoc</strong></span> <span class='ocrx_word' id='word_1_913' title='bbox 3314 4742 3597 4810; x_wconf 87' lang='lat' dir='ltr'><strong>abruptum</strong></span> <span class='ocrx_word' id='word_1_914' title='bbox 3633 4752 3683 4798; x_wconf 92' lang='lat' dir='ltr'><strong>te</strong></span> 
     </span>
    </p>
   </div>
   <div class='ocr_carea' id='block_1_110' title="bbox 2097 4831 3687 4902">
    <p class='ocr_par' dir='ltr' id='par_1_110' title="bbox 2097 4831 3687 4902">
     <span class='ocr_line' id='line_1_110' title="bbox 2097 4831 3687 4902; baseline 0.004 -18"><span class='ocrx_word' id='word_1_915' title='bbox 2097 4831 2432 4902; x_wconf 65' lang='lat' dir='ltr'><strong>praecipitare</strong></span> <span class='ocrx_word' id='word_1_916' title='bbox 2473 4831 2737 4886; x_wconf 79' lang='lat' dir='ltr'><strong>timueris.</strong></span> <span class='ocrx_word' id='word_1_917' title='bbox 2769 4831 2903 4886; x_wconf 86' lang='lat' dir='ltr'><strong>Tam</strong></span> <span class='ocrx_word' id='word_1_918' title='bbox 2929 4847 3058 4887; x_wconf 81' lang='lat' dir='ltr'><strong>vero</strong></span> <span class='ocrx_word' id='word_1_919' title='bbox 3086 4843 3266 4902; x_wconf 79' lang='lat' dir='ltr'><strong>aperta</strong></span> <span class='ocrx_word' id='word_1_920' title='bbox 3310 4842 3391 4887; x_wconf 89' lang='lat' dir='ltr'><strong>est</strong></span> <span class='ocrx_word' id='word_1_921' title='bbox 3428 4833 3526 4888; x_wconf 88' lang='lat' dir='ltr'><strong>ista</strong></span> <span class='ocrx_word' id='word_1_922' title='bbox 3559 4850 3687 4890; x_wconf 80' lang='lat' dir='ltr'><strong>seu-</strong></span> 
     </span>
    </p>
   </div>
   <div class='ocr_carea' id='block_1_111' title="bbox 2100 4921 3684 4993">
    <p class='ocr_par' dir='ltr' id='par_1_111' title="bbox 2100 4921 3684 4993">
     <span class='ocr_line' id='line_1_111' title="bbox 2100 4921 3684 4993; baseline 0.003 -17"><span class='ocrx_word' id='word_1_923' title='bbox 2100 4921 2262 4977; x_wconf 84' lang='lat' dir='ltr'><strong>tentia</strong></span> <span class='ocrx_word' id='word_1_924' title='bbox 2291 4964 2304 4988; x_wconf 93' lang='lat'><strong>,</strong></span> <span class='ocrx_word' id='word_1_925' title='bbox 2331 4931 2391 4977; x_wconf 94' lang='lat' dir='ltr'><strong>ut</strong></span> <span class='ocrx_word' id='word_1_926' title='bbox 2419 4938 2526 4978; x_wconf 88' lang='lat' dir='ltr'><strong>non</strong></span> <span class='ocrx_word' id='word_1_927' title='bbox 2561 4933 2748 4978; x_wconf 87' lang='lat' dir='ltr'><strong>acutus</strong></span> <span class='ocrx_word' id='word_1_928' title='bbox 2774 4923 2864 4993; x_wconf 83' lang='lat' dir='ltr'><strong>qui</strong></span> <span class='ocrx_word' id='word_1_929' title='bbox 2893 4923 3030 4978; x_wconf 78' lang='lat' dir='ltr'><strong>hanc</strong></span> <span class='ocrx_word' id='word_1_930' title='bbox 3068 4924 3387 4981; x_wconf 78' lang='lat' dir='ltr'><strong>intellexerit</strong></span> <span class='ocrx_word' id='word_1_931' title='bbox 3413 4967 3428 4992; x_wconf 96' lang='lat'><strong>,</strong></span> <span class='ocrx_word' id='word_1_932' title='bbox 3474 4925 3572 4981; x_wconf 86' lang='lat' dir='ltr'><strong>sed</strong></span> <span class='ocrx_word' id='word_1_933' title='bbox 3601 4942 3684 4982; x_wconf 88' lang='lat' dir='ltr'><strong>su-</strong></span> 
     </span>
    </p>
   </div>
   <div class='ocr_carea' id='block_1_112' title="bbox 2098 5013 3687 5088">
    <p class='ocr_par' dir='ltr' id='par_1_112' title="bbox 2098 5013 3687 5088">
     <span class='ocr_line' id='line_1_112' title="bbox 2098 5013 3687 5088; baseline 0.004 -19"><span class='ocrx_word' id='word_1_934' title='bbox 2098 5013 2333 5085; x_wconf 79' lang='lat' dir='ltr'><strong>perﬂuus</strong></span> <span class='ocrx_word' id='word_1_935' title='bbox 2383 5015 2551 5072; x_wconf 87' lang='lat' dir='ltr'><strong>videri</strong></span> <span class='ocrx_word' id='word_1_936' title='bbox 2604 5016 2775 5087; x_wconf 87' lang='lat' dir='ltr'><strong>possit</strong></span> <span class='ocrx_word' id='word_1_937' title='bbox 2831 5017 2922 5088; x_wconf 83' lang='lat' dir='ltr'><strong>qui</strong></span> <span class='ocrx_word' id='word_1_938' title='bbox 2971 5015 3342 5087; x_wconf 81' lang='lat' dir='ltr'><strong>exponendam</strong></span> <span class='ocrx_word' id='word_1_939' title='bbox 3404 5021 3687 5088; x_wconf 86' lang='lat' dir='ltr'><strong>putaverit.</strong></span> 
     </span>
    </p>
   </div>
   <div class='ocr_carea' id='block_1_113' title="bbox 2100 5108 3684 5182">
    <p class='ocr_par' dir='ltr' id='par_1_113' title="bbox 2100 5108 3684 5182">
     <span class='ocr_line' id='line_1_113' title="bbox 2100 5108 3684 5182; baseline 0.003 -18"><span class='ocrx_word' id='word_1_940' title='bbox 2100 5108 2342 5180; x_wconf 83' lang='lat' dir='ltr'><strong>Denique</strong></span> <span class='ocrx_word' id='word_1_941' title='bbox 2372 5119 2430 5164; x_wconf 91' lang='lat' dir='ltr'><strong>ut</strong></span> <span class='ocrx_word' id='word_1_942' title='bbox 2451 5109 2591 5180; x_wconf 87' lang='lat' dir='ltr'><strong>quod</strong></span> <span class='ocrx_word' id='word_1_943' title='bbox 2620 5109 2742 5166; x_wconf 86' lang='lat' dir='ltr'><strong>dico</strong></span> <span class='ocrx_word' id='word_1_944' title='bbox 2765 5111 2932 5180; x_wconf 90' lang='lat' dir='ltr'><strong>possit</strong></span> <span class='ocrx_word' id='word_1_945' title='bbox 2957 5110 3158 5164; x_wconf 86' lang='lat' dir='ltr'><strong>attendi</strong></span> <span class='ocrx_word' id='word_1_946' title='bbox 3182 5152 3196 5176; x_wconf 92' lang='lat'><strong>,</strong></span> <span class='ocrx_word' id='word_1_947' title='bbox 3225 5112 3385 5168; x_wconf 89' lang='lat' dir='ltr'><strong>verba</strong></span> <span class='ocrx_word' id='word_1_948' title='bbox 3413 5112 3526 5182; x_wconf 72' lang='lat' dir='ltr'><strong>ipsa</strong></span> 
     </span>
    </p>
   </div>
   <div class='ocr_carea' id='block_1_114' title="bbox 2101 5201 3690 5276">
    <p class='ocr_par' dir='ltr' id='par_1_114' title="bbox 2101 5201 3690 5276">
     <span class='ocr_line' id='line_1_114' title="bbox 2101 5201 3690 5276; baseline 0 -19"><span class='ocrx_word' id='word_1_949' title='bbox 2101 5203 2288 5258; x_wconf 73' lang='lat' dir='ltr'><strong>tissimi</strong></span> <span class='ocrx_word' id='word_1_950' title='bbox 2343 5203 2590 5258; x_wconf 86' lang='lat' dir='ltr'><strong>catbolici</strong></span> <span class='ocrx_word' id='word_1_951' title='bbox 2645 5201 2895 5258; x_wconf 79' lang='lat' dir='ltr'><strong>antistitis</strong></span> <span class='ocrx_word' id='word_1_952' title='bbox 2945 5211 3001 5259; x_wconf 90' lang='lat' dir='ltr'><strong>et</strong></span> <span class='ocrx_word' id='word_1_953' title='bbox 3055 5202 3141 5259; x_wconf 85' lang='lat' dir='ltr'><strong>bie</strong></span> <span class='ocrx_word' id='word_1_954' title='bbox 3185 5218 3398 5274; x_wconf 89' lang='lat' dir='ltr'><strong>ponam.</strong></span> <span class='ocrx_word' id='word_1_955' title='bbox 3439 5206 3529 5260; x_wconf 84' lang='lat' dir='ltr'><strong>Ait</strong></span> <span class='ocrx_word' id='word_1_956' title='bbox 3564 5221 3690 5276; x_wconf 76' lang='lat' dir='ltr'><strong>ergo</strong></span> 
     </span>
    </p>
   </div>
   <div class='ocr_carea' id='block_1_115' title="bbox 2100 5293 3691 5365">
    <p class='ocr_par' dir='ltr' id='par_1_115' title="bbox 2100 5293 3691 5365">
     <span class='ocr_line' id='line_1_115' title="bbox 2100 5293 3691 5365; baseline 0.001 -14"><span class='ocrx_word' id='word_1_957' title='bbox 2100 5296 2222 5362; x_wconf 92' lang='lat' dir='ltr'><strong>ille,</strong></span> <span class='ocrx_word' id='word_1_958' title='bbox 2262 5295 2354 5350; x_wconf 91' lang='lat' dir='ltr'><strong>ille</strong></span> <span class='ocrx_word' id='word_1_959' title='bbox 2395 5295 2590 5364; x_wconf 72' lang='lat' dir='ltr'><strong>cujus&#39;</strong></span> <span class='ocrx_word' id='word_1_960' title='bbox 2620 5293 2777 5349; x_wconf 83' lang='lat' dir='ltr'><strong>fidem</strong></span> <span class='ocrx_word' id='word_1_961' title='bbox 2821 5303 2876 5349; x_wconf 89' lang='lat' dir='ltr'><strong>et</strong></span> <span class='ocrx_word' id='word_1_962' title='bbox 2921 5295 3261 5365; x_wconf 90' lang='lat' dir='ltr'><strong>purissimum</strong></span> <span class='ocrx_word' id='word_1_963' title='bbox 3307 5297 3359 5351; x_wconf 93' lang='lat' dir='ltr'><strong>in</strong></span> <span class='ocrx_word' id='word_1_964' title='bbox 3400 5295 3691 5362; x_wconf 82' lang='lat' dir='ltr'><strong>Scripturis</strong></span> 
     </span>
    </p>
   </div>
   <div class='ocr_carea' id='block_1_116' title="bbox 2100 5385 3733 5458">
    <p class='ocr_par' dir='ltr' id='par_1_116' title="bbox 2100 5385 3733 5458">
     <span class='ocr_line' id='line_1_116' title="bbox 2100 5385 3733 5458; baseline -0.001 -16"><span class='ocrx_word' id='word_1_965' title='bbox 2100 5401 2354 5452; x_wconf 89' lang='lat' dir='ltr'><strong>sensum,</strong></span> <span class='ocrx_word' id='word_1_966' title='bbox 2395 5385 2638 5456; x_wconf 72' lang='lat' dir='ltr'><strong>Pelagius</strong></span> <span class='ocrx_word' id='word_1_967' title='bbox 2667 5393 2844 5441; x_wconf 84' lang='lat' dir='ltr'><strong>vester</strong></span> <span class='ocrx_word' id='word_1_968' title='bbox 2877 5385 3039 5452; x_wconf 88' lang='lat' dir='ltr'><strong>dicit,</strong></span> <span class='ocrx_word' id='word_1_969' title='bbox 3072 5401 3142 5444; x_wconf 88' lang='lat' dir='ltr'><strong>nc</strong></span> <span class='ocrx_word' id='word_1_970' title='bbox 3173 5387 3443 5442; x_wconf 84' lang='lat' dir='ltr'><strong>inimicum</strong></span> <span class='ocrx_word' id='word_1_971' title='bbox 3472 5386 3685 5456; x_wconf 86' lang='lat' dir='ltr'><strong>quidem</strong></span> <span class='ocrx_word' id='word_1_972' title='bbox 3729 5444 3733 5458; x_wconf 26' lang='grc' dir='ltr'>λ</span> 
     </span>
    </p>
   </div>
   <div class='ocr_carea' id='block_1_117' title="bbox 2078 5535 3687 5607">
    <p class='ocr_par' dir='ltr' id='par_1_117' title="bbox 2078 5535 3687 5607">
     <span class='ocr_line' id='line_1_117' title="bbox 2078 5535 3687 5607; baseline -0.012 -3"><span class='ocrx_word' id='word_1_973' title='bbox 2078 5535 2083 5540; x_wconf 75' lang='grc'><em>’</em></span> <span class='ocrx_word' id='word_1_974' title='bbox 2112 5600 2132 5607; x_wconf 77' lang='grc'><em>,</em></span> <span class='ocrx_word' id='word_1_975' title='bbox 2160 5539 2182 5607; x_wconf 82' lang='lat'><strong>.&#39;</strong></span> <span class='ocrx_word' id='word_1_976' title='bbox 2221 5537 2506 5607; x_wconf 67' lang='grc' dir='ltr'><strong>νίειιίςτίιιξ,</strong></span> <span class='ocrx_word' id='word_1_977' title='bbox 2531 5535 2709 5607; x_wconf 50' lang='lat' dir='ltr'><strong>(alam:</strong></span> <span class='ocrx_word' id='word_1_978' title='bbox 2729 5537 2937 5607; x_wconf 60' lang='lat' dir='ltr'><strong>opinari,</strong></span> <span class='ocrx_word' id='word_1_979' title='bbox 2961 5551 3070 5607; x_wconf 76' lang='lat' dir='ltr'><strong>cum</strong></span> <span class='ocrx_word' id='word_1_980' title='bbox 3092 5537 3178 5589; x_wconf 83' lang='lat' dir='ltr'><strong>illa</strong></span> <span class='ocrx_word' id='word_1_981' title='bbox 3208 5536 3334 5602; x_wconf 80' lang='lat' dir='ltr'><strong>falsa</strong></span> <span class='ocrx_word' id='word_1_982' title='bbox 3370 5537 3448 5589; x_wconf 77' lang='lat' dir='ltr'><strong>sit.</strong></span> <span class='ocrx_word' id='word_1_983' title='bbox 3474 5545 3530 5588; x_wconf 85' lang='lat' dir='ltr'><strong>At</strong></span> <span class='ocrx_word' id='word_1_984' title='bbox 3557 5544 3687 5598; x_wconf 64' lang='lat' dir='ltr'><strong>uss,</strong></span> 
     </span>
    </p>
   </div>
   <div class='ocr_carea' id='block_1_118' title="bbox 2101 5597 3194 5665">
    <p class='ocr_par' dir='ltr' id='par_1_118' title="bbox 2101 5597 3194 5665">
     <span class='ocr_line' id='line_1_118' title="bbox 2101 5597 3194 5665; baseline 0 -17"><span class='ocrx_word' id='word_1_985' title='bbox 2101 5597 2698 5665; x_wconf 29' lang='lat' dir='ltr'><strong>falsum&#39;opiuari‘deilta,</strong></span> <span class='ocrx_word' id='word_1_986' title='bbox 2722 5597 2962 5665; x_wconf 80' lang='lat' dir='ltr'><strong>eumipsa</strong></span> <span class='ocrx_word' id='word_1_987' title='bbox 2983 5600 3044 5653; x_wconf 86' lang='lat' dir='ltr'><strong>sit</strong></span> <span class='ocrx_word' id='word_1_988' title='bbox 3064 5613 3194 5650; x_wconf 83' lang='lat' dir='ltr'><strong>vera.</strong></span> 
     </span>
    </p>
   </div>
   <div class='ocr_carea' id='block_1_119' title="bbox 2134 5657 3687 5734">
    <p class='ocr_par' dir='ltr' id='par_1_119' title="bbox 2134 5657 3687 5734">
     <span class='ocr_line' id='line_1_119' title="bbox 2134 5657 3687 5734; baseline -0.001 -26"><span class='ocrx_word' id='word_1_989' title='bbox 2134 5664 2185 5732; x_wconf 70' lang='lat'><strong>_&#39;</strong></span> <span class='ocrx_word' id='word_1_990' title='bbox 2201 5657 2350 5734; x_wconf 52' lang='lat' dir='ltr'><strong>‘Apud</strong></span> <span class='ocrx_word' id='word_1_991' title='bbox 2367 5657 2693 5734; x_wconf 71' lang='lat' dir='ltr'><strong>_\&#39;ignierium,</strong></span> <span class='ocrx_word' id='word_1_992' title='bbox 2716 5665 2807 5713; x_wconf 84' lang='lat' dir='ltr'><strong>Sed</strong></span> <span class='ocrx_word' id='word_1_993' title='bbox 2831 5657 2922 5734; x_wconf 69' lang='lat' dir='ltr'><strong>non</strong></span> <span class='ocrx_word' id='word_1_994' title='bbox 2939 5670 3038 5734; x_wconf 80' lang='lat' dir='ltr'><strong>tam</strong></span> <span class='ocrx_word' id='word_1_995' title='bbox 3060 5659 3468 5734; x_wconf 47' lang='lat' dir='ltr'><strong>contumeliose&#39;de</strong></span> <span class='ocrx_word' id='word_1_996' title='bbox 3489 5657 3687 5734; x_wconf 53' lang='lat' dir='ltr'><strong>{mbra-</strong></span> 
     </span>
    </p>
   </div>
   <div class='ocr_carea' id='block_1_120' title="bbox 2102 5718 3688 5854">
    <p class='ocr_par' dir='ltr' id='par_1_120' title="bbox 2102 5718 3688 5854">
     <span class='ocr_line' id='line_1_120' title="bbox 2102 5718 3683 5816; baseline -0.001 -44"><span class='ocrx_word' id='word_1_997' title='bbox 2102 5718 2495 5816; x_wconf 37' lang='lat' dir='ltr'><strong>sio&#39;loquerish&#39;ut</strong></span> <span class='ocrx_word' id='word_1_998' title='bbox 2507 5721 2598 5796; x_wconf 41' lang='grc' dir='ltr'><strong>,ηιξ</strong></span> <span class='ocrx_word' id='word_1_999' title='bbox 2624 5718 2726 5774; x_wconf 84' lang='lat' dir='ltr'><strong>viro</strong></span> <span class='ocrx_word' id='word_1_1000' title='bbox 2746 5724 3118 5797; x_wconf 68' lang='lat' dir='ltr'><strong>erubescendum</strong></span> <span class='ocrx_word' id='word_1_1001' title='bbox 3134 5722 3318 5795; x_wconf 73' lang='lat' dir='ltr'><strong>tribuas</strong></span> <span class='ocrx_word' id='word_1_1002' title='bbox 3339 5718 3613 5782; x_wconf 81' lang='lat' dir='ltr'><strong>falsitatem.</strong></span> <span class='ocrx_word' id='word_1_1003' title='bbox 3626 5728 3683 5770; x_wconf 78' lang='lat' dir='ltr'><strong>Il.</strong></span> 
     </span>
     <span class='ocr_line' id='line_1_121' title="bbox 2110 5779 3688 5854; baseline 0.003 -24"><span class='ocrx_word' id='word_1_1004' title='bbox 2223 5782 2351 5854; x_wconf 72' lang='lat' dir='ltr'><strong>Apud</strong></span> <span class='ocrx_word' id='word_1_1005' title='bbox 2386 5791 2698 5848; x_wconf 82' lang='lat' dir='ltr'><strong>\igmerium,</strong></span> <span class='ocrx_word' id='word_1_1006' title='bbox 2735 5793 2806 5838; x_wconf 73' lang='grc' dir='ltr'><strong>..τα</strong></span> <span class='ocrx_word' id='word_1_1007' title='bbox 2842 5800 2958 5852; x_wconf 82' lang='lat' dir='ltr'><strong>ergo</strong></span> <span class='ocrx_word' id='word_1_1008' title='bbox 2977 5785 3058 5838; x_wconf 77' lang='lat' dir='ltr'><strong>ille</strong></span> <span class='ocrx_word' id='word_1_1009' title='bbox 3094 5796 3265 5847; x_wconf 66' lang='lat' dir='ltr'><strong>cujus;</strong></span> <span class='ocrx_word' id='word_1_1010' title='bbox 3304 5782 3472 5834; x_wconf 85' lang='lat' dir='ltr'><strong>ferens</strong></span> <span class='ocrx_word' id='word_1_1011' title='bbox 3506 5779 3688 5847; x_wconf 77' lang='lat' dir='ltr'><strong>semel,</strong></span> 
     </span>
    </p>
   </div>
   <div class='ocr_carea' id='block_1_121' title="bbox 2103 5842 2608 5970">
    <p class='ocr_par' dir='ltr' id='par_1_121' title="bbox 2103 5842 2608 5970">
     <span class='ocr_line' id='line_1_122' title="bbox 2103 5842 2464 5895; baseline -0.017 0"><span class='ocrx_word' id='word_1_1012' title='bbox 2103 5842 2204 5895; x_wconf 84' lang='lat' dir='ltr'><strong>ille.</strong></span> <span class='ocrx_word' id='word_1_1013' title='bbox 2259 5842 2326 5893; x_wconf 60' lang='grc' dir='ltr'><strong>Μ.</strong></span> <span class='ocrx_word' id='word_1_1014' title='bbox 2442 5842 2464 5846; x_wconf 69' lang='grc'>⁷</span> 
     </span>
     <span class='ocr_line' id='line_1_123' title="bbox 2170 5902 2608 5970; baseline 0.007 -14"><span class='ocrx_word' id='word_1_1015' title='bbox 2170 5907 2244 5970; x_wconf 84' lang='grc' dir='ltr'><strong>(α)</strong></span> <span class='ocrx_word' id='word_1_1016' title='bbox 2273 5913 2312 5957; x_wconf 88' lang='grc' dir='ltr'>ο</span> <span class='ocrx_word' id='word_1_1017' title='bbox 2333 5902 2427 5970; x_wconf 78' lang='lat' dir='ltr'><strong>bitt,</strong></span> <span class='ocrx_word' id='word_1_1018' title='bbox 2449 5915 2486 5959; x_wconf 92' lang='lat'>0</span> <span class='ocrx_word' id='word_1_1019' title='bbox 2509 5908 2608 5960; x_wconf 79' lang='lat' dir='ltr'><strong>vis!</strong></span> 
     </span>
    </p>
   </div>
  </div>
