4150 6540
419 421 560 480 ηθδ

415 552 608 592 ausum
636 535 798 593 fuisse
824 533 1222 606 reprehendere
1245 534 1266 602 (
1293 533 1528 604 Pelagius
1549 574 1564 596 ,
1603 531 1666 585 de
1693 529 1874 583 Libero
1911 525 2008 579 Ar-

421 629 590 694 bitrio,
619 628 706 682 lib.
735 627 802 696 3)
833 643 847 693 ;
884 641 1004 681 cum
1031 625 1098 680 de
1121 625 1395 680 nativitate
1427 622 1632 677 Domini
1659 618 1966 690 loqueretur
1998 634 2014 670 :

419 721 545 776 Ideo
570 729 616 774 et
641 719 788 790 quasi
816 718 966 772 homo
995 733 1086 788 per
1118 716 1352 770 universa
1392 724 1609 768 tentatus
1634 723 1740 777 est,
1772 721 1819 766 et
1849 711 1902 763 in
1939 713 2013 768 si—

417 811 705 864 militudine
730 809 990 863 hominum
1018 815 1198 862 cuncta
1226 806 1460 860 sustinuit
1488 807 1614 858 :sed
1635 803 1780 874 quasi
1804 804 1866 857 de
1885 803 2013 874 Spi-

419 902 521 956 ritu
548 911 697 955 natus
731 899 970 954 abstinuit
995 915 1026 952 a
1063 907 1284 970 peccato.
1322 896 1500 951 Omnis
1528 896 1664 949 enim
1699 895 1849 948 homo
1875 913 2018 950 men-

419 993 553 1058 dax,
603 1001 647 1045 et
675 1008 819 1045 nemo
857 991 964 1044 sine
988 999 1190 1062 peccato
1233 989 1330 1042 nisi
1367 1004 1498 1041 unus
1534 985 1695 1042 Deus.
1743 987 2013 1043 Servatum

421 1093 494 1138 est
523 1084 699 1155 igitur,
728 1083 919 1152 inquit,
950 1091 1006 1135 ut
1039 1098 1104 1136 ea:
1128 1081 1233 1134 viro
1262 1089 1310 1134 et
1340 1079 1576 1144 muliere,
1607 1079 1661 1132 id
1687 1088 1759 1133 est
1780 1119 1797 1143 ,
1825 1096 1915 1148 per
1941 1079 2012 1134 il-

422 1176 524 1230 lam
565 1193 836 1247 corporum
859 1176 1266 1230 commixtionem
1295 1215 1310 1238 ,
1353 1189 1498 1228 nemo
1549 1173 1778 1226 videatur
1831 1189 2012 1244 expers

419 1287 529 1324 esse
553 1270 722 1323 delicti
749 1286 767 1334 ;
800 1272 886 1340 qui
910 1279 1078 1322 autem
1101 1285 1277 1340 expers
1302 1265 1474 1321 delicti
1493 1309 1507 1332 ,
1541 1283 1723 1332 expers
1752 1266 1903 1318 etiam
1927 1265 2016 1318 Itu-

413 1361 642 1432 jusmodi
693 1360 1030 1430 conceptionis
1079 1357 1410 1432 (Ambrosius
1435 1399 1451 1426 ,
1492 1358 1544 1410 in
1590 1355 1851 1427 Isaiam).
1881 1353 2015 1410 Cum

421 1453 584 1522 igitur
609 1453 711 1508 hoc
755 1461 808 1508 ct
847 1452 1190 1508 Ambrosium
1219 1450 1419 1506 dixisse
1447 1465 1554 1504 non
1590 1463 1755 1519 neges
1778 1490 1793 1514 ,
1825 1457 1878 1503 et
1903 1448 2018 1517 pla-

421 1559 550 1598 num
591 1555 748 1614 atque
775 1553 1019 1613 apertum
1046 1557 1166 1599 esse
1200 1541 1496 1612 perspicias
1525 1557 1539 1606 ;
1588 1541 1714 1612 quid
1757 1549 1838 1595 est
1873 1540 2016 1611 quod

422 1638 625 1693 clamas
653 1679 668 1702 ,
699 1636 744 1694 0
770 1635 1045 1706 falsitatem
1072 1637 1458 1691 erubescendum
1485 1637 1506 1690 !
1530 1636 1624 1691 Cui
1655 1651 1858 1706 qureso,
1887 1651 2016 1691 eru-

421 1730 739 1787 bescendum
766 1731 789 1784 ?
819 1729 966 1785 illine
987 1745 1054 1785 an
1083 1729 1214 1784 mihi
1241 1731 1264 1784 ?
1291 1730 1348 1786 Si
1373 1730 1448 1784 illi
1475 1771 1491 1796 ,
1520 1729 1640 1792 vide
1665 1729 1751 1784 cui
1779 1730 1852 1783 sis
1881 1743 2015 1784 con-

424 1823 736 1878 tumeliosus
765 1840 778 1876 :
811 1821 856 1876 si
886 1822 1036 1888 mihi,
1063 1821 1184 1877 vide
1211 1838 1372 1892 quam
1398 1823 1472 1876 sis
1497 1822 1879 1877 calumniosus.
1909 1821 2016 1877 Sed

420 1912 552 1978 hoc,
585 1913 794 1982 inquis,
827 1913 988 1968 etiam
1027 1923 1079 1968 tu
1105 1912 1260 1968 dicis.
1295 1913 1424 1968 Dico
1453 1912 1607 1982 plane
1629 1954 1646 1981 ,
1677 1913 1798 1983 quia
1829 1928 2014 1968 verum

418 2013 501 2059 est
533 2021 547 2059 :
591 2003 733 2074 quod
768 2005 812 2059 si
843 2012 896 2058 tu
939 2019 1128 2059 verum
1156 2019 1276 2060 esse
1305 2020 1410 2058 non
1457 2013 1648 2074 putas,
1681 2019 1777 2058 cur
1815 2004 1872 2058 in
1911 2019 2016 2060 una

419 2096 716 2165 eademque
743 2095 1008 2152 sententia
1029 2135 1045 2160 ,
1081 2111 1242 2166 quam
1271 2095 1401 2150 dicit
1428 2095 1520 2150 ille
1543 2136 1559 2160 ,
1591 2095 1711 2150 dico
1741 2111 1862 2165 ego,
1909 2111 2016 2150 non

421 2195 504 2240 est
531 2186 853 2240 Maniclneus
881 2186 1002 2251 ille,
1030 2185 1125 2240 sed
1163 2201 1262 2256 ego
1290 2187 1314 2240 ’ἶ
1342 2185 1552 2254 Quanto
1579 2185 1773 2257 justius
1803 2186 1889 2240 hic
1917 2201 2017 2240 nos

419 2275 780 2331 exclamamus
804 2315 820 2340 ,
852 2274 896 2330 Ο
921 2275 1338 2331 erubescendum
1371 2291 1718 2345 personarum
1743 2277 2012 2344 acceptio-

423 2383 546 2422 nem
577 2369 590 2422 ἒ
617 2383 735 2436 qua:
777 2375 830 2422 te
860 2367 1044 2434 procul
1077 2367 1240 2420 dubio
1278 2368 1595 2422 erubescere
1630 2378 1846 2437 cogeret
1869 2409 1884 2434 ,
1917 2368 2018 2422 nisi

423 2458 476 2512 in
505 2468 590 2511 tua
620 2475 844 2526 persona
873 2457 1020 2512 frons
1041 2457 1121 2512 ori
1151 2466 1242 2512 tuo
1265 2457 1456 2512 similis
1477 2468 1642 2513 esset.

493 2548 649 2604 CVII.
675 2546 794 2602 JeL.
825 2547 1094 2602 llunccine
1120 2547 1318 2602 audere
1345 2548 1526 2604 dicere
1553 2564 1613 2602 se
1649 2548 2016 2604 damnatorem

421 2655 531 2695 non
562 2654 682 2694 esse
709 2639 942 2710 conjugii
967 2681 984 2706 ,
1015 2647 1068 2694 et
1113 2647 1260 2716 tanto
1299 2639 1506 2695 scelere
1549 2638 1772 2695 illudcre
1800 2641 2019 2694 auribus

423 2733 705 2803 imperitis,
732 2741 836 2788 uta
861 2731 1134 2788 Mauichmi
1161 2747 1220 2788 se
1244 2732 1382 2788 dicat
1408 2734 1698 2788 recessisse
1723 2733 2015 2800 consortio,

421 2824 510 2894 qui
543 2823 978 2880 eommixtioncm
1009 2838 1229 2879 sexuum
1251 2863 1267 2890 ,
1297 2824 1389 2894 qui
1425 2839 1641 2894 operam
1673 2825 2012 2894 nuptiarum,

419 2917 512 2987 qui
542 2915 876 2972 affectionem
906 2925 958 2972 et
987 2932 1202 2972 sensum
1227 2925 1506 2987 parentum
1538 2917 1592 2972 in
1623 2932 1788 2987 regno
1816 2917 2016 2972 diaboli

420 3005 702 3077 multiplici
721 3006 1052 3077 professione
1072 3007 1378 3074 constituit;
1399 3016 1560 3076 atque
1577 3007 1643 3062 ad
1665 3007 1782 3064 hmo
1801 3008 2017 3064 inventa

421 3097 698 3152 Manichmi
725 3097 1046 3166 adjutorium
1071 3097 1155 3152 sui
1183 3098 1448 3155 acuminis
1479 3099 1744 3169 jungens',
1773 3101 2015 3169 pronun-

421 3190 517 3244 tiat
541 3188 754 3258 quidem
784 3188 1102 3244 diabolicam
1131 3190 1566 3244 commixtionem
1586 3231 1602 3256 ,
1634 3203 1859 3260 eamque
1895 3204 2017 3246 esse

421 3290 480 3336 et
499 3296 662 3350 opere
687 3291 742 3336 et
767 3295 930 3336 carne
956 3281 1243 3352 eonjugum
1267 3283 1308 3350 ί,
1331 3298 1396 3336 ac
1415 3292 1634 3352 propter
1659 3297 1778 3338 eam
1799 3283 2019 3353 deputat

427 3387 594 3443 regno
615 3371 832 3441 diaboli,
858 3373 1114 3428 absolutis
1135 3382 1312 3428 tamen
1338 3373 1726 3443 operatoribus,
1758 3373 2018 3430 innocen-

421 3471 526 3520 tes.
557 3463 633 3528 lta
673 3465 854 3534 utique
885 3465 996 3520 Deo
1038 3479 1253 3535 semper
1293 3465 1516 3520 infestus
1539 3507 1556 3532 ,
1593 3465 1806 3522 diabolo
1828 3508 1844 3535 ,
1881 3467 2022 3523 sicut

420 3555 578 3622 dicit,
609 3572 705 3626 per
729 3557 1001 3613 libidinem
1027 3558 1323 3614 servientes
1353 3567 1548 3614 tuetur.

493 3649 632 3704 Auo.
665 3648 852 3718 Erras,
878 3659 932 3706 et
961 3649 1056 3706 tibi
1081 3652 1478 3707 consentientes
1503 3652 1672 3708 mittis
1696 3652 1828 3708 alios
1855 3653 1910 3708 in
1930 3669 2018 3708 er-

420 3753 600 3794 rorem
625 3757 640 3794 :
670 3755 776 3794 non
803 3741 1044 3795 serviunt
1067 3741 1281 3797 diabolo
1309 3757 1408 3812 per
1435 3742 1734 3810 libidinem,
1761 3743 1854 3813 qui
1879 3743 2020 3798 filio-

423 3845 542 3888 rum
566 3830 1015 3900 procreandorum
1037 3845 1196 3886 causa
1218 3841 1440 3888 utuntur
1458 3833 1578 3902 conj
1587 3849 1746 3903 ugum
1770 3849 2018 3903 corpore,

425 3927 484 3974 ut
505 3930 829 3988 generentur
849 3921 1220 3990 regenerandi.
1243 3921 1354 3976 Nec
1379 3923 1498 3978 ideo
1519 3932 1694 3978 tamen
1715 3921 2024 3979 defenditur

425 4010 662 4064 libidinis
699 4009 898 4064 malum
941 4027 955 4062 :
995 4010 1090 4064 sed
1127 4009 1607 4084 defendunturqui
1639 4015 1776 4070 bene
1805 4023 2024 4069 utuntur

427 4101 590 4156 malo.
615 4100 710 4155 Est
727 4100 868 4154 enim
885 4108 940 4154 et
955 4101 1080 4154 mali
1106 4117 1234 4156 usus
1253 4101 1446 4159 bonus.
1465 4103 1598 4158 Nam
1622 4115 1676 4158 et
1691 4104 1858 4175 ipsius
1878 4115 2022 4160 sata-

429 4208 514 4247 na:
531 4193 582 4246 in
599 4191 890 4262 Scripturis
905 4193 1104 4248 sanctis
1122 4194 1462 4263 reperiuntur
1478 4195 1751 4263 utilitates,
1777 4208 2025 4252 manente

427 4287 542 4356 ejus
554 4286 756 4342 scilicet
768 4286 1174 4355 vituperatione,
1187 4287 1343 4343 laude
1355 4303 1484 4343 vero
1496 4288 1692 4343 utentis
1705 4288 1846 4342 malo
1861 4289 2019 4344 bene.

499 4377 682 4432 CV'lll.
719 4377 840 4433 Jun.
875 4378 1135 4432 Parvulos
1161 4392 1320 4442 vero,
1349 4393 1486 4447 quos
1513 4395 1540 4430 a
1570 4379 1680 4432 Deo
1709 4379 1824 4432 fieri
1855 4378 2016 4442 dicit,

429 4467 669 4523 dominio
706 4467 903 4522 addicit
945 4467 1184 4532 inimici,
1213 4467 1398 4536 sicque
1439 4482 1546 4520 non
1584 4481 1718 4536 opus
1759 4465 2020 4522 daemonis

430 4559 644 4630 arguit,
687 4558 840 4629 cujus
884 4557 1157 4613 ministros
1193 4557 1421 4612 absolvit
1454 4573 1486 4611 a
1527 4558 1718 4626 culpa;
1751 4557 1844 4612 sed
1893 4573 2028 4628 opus

435 4653 550 4718 Dei,
577 4651 644 4707 ad
671 4651 812 4723 quod
838 4650 1086 4707 diabolici
1108 4653 1130 4683 ³
1160 4650 1400 4706 muneris
1419 4650 1632 4705 conscia
1655 4650 1902 4719 voluptas
1923 4666 2026 4705 non

434 4745 606 4815 potuit
635 4744 933 4816 pervenire.
965 4741 1270 4814 Conjugalis
1298 4757 1428 4812 ergo
1458 4743 1636 4812 cperis
1673 4742 1986 4797 criminator
2008 4784 2024 4810 ,

435 4838 530 4894 sed
561 4838 836 4893 libidinum
874 4838 1154 4908 expiator,
1199 4836 1536 4906 impugnator
1577 4836 1894 4891 innocentia:
1917 4878 1932 4902 ,
1975 4847 2030 4892 ct

434 4931 630 4984 divina:
650 4929 915 4999 aequitatis
937 4929 1220 4984 infamator
1240 4943 1346 4982 non
1371 4929 1547 4984 timuit
1568 4929 1803 4984 scribere
1825 4947 1837 4981 :
1857 4947 1876 4980 ι
1898 4930 2029 4984 Dico

439 5021 598 5089 plane
616 5061 630 5083 ,
661 5019 781 5075 ideo
816 5019 938 5074 illos
963 5033 1084 5074 esse
1110 5019 1210 5074 sub
1237 5019 1449 5075 diabolo
1472 5061 1488 5085 ,
1516 5021 1638 5089 quia
1667 5019 1733 5074 de
1763 5021 1850 5074 illa
1877 5035 2029 5076 com-

439 5110 695 5166 mixtione
737 5117 862 5164 sunt
903 5111 1038 5164 nati.
1085 5128 1104 5162 ι
1139 5110 1292 5178 Quod
1334 5111 1612 5166 sententia:
1657 5111 1860 5166 facinus
1905 5126 2030 5174 cum

439 5203 694 5258 nudatum
724 5201 948 5270 videret,
979 5213 1202 5259 conatus
1234 5204 1360 5260 illud
1390 5205 1564 5275 aliqua
1591 5207 1908 5260 auctoritate
1931 5205 2030 5260 de-

438 5291 678 5356 fendere,
705 5307 863 5361 quam
884 5291 1169 5364 Scriptnris
1197 5295 1436 5366 proferre
1462 5297 1484 5327 ³
1511 5313 1616 5351 ιιοιι
1643 5305 1869 5366 poterat,
1903 5299 2032 5353 sub-

437 5385 574 5440 didit
605 5385 768 5440 etiam
795 5386 1100 5456 episcopum
1129 5389 1470 5444 Ambrosium
1499 5390 1734 5445 sensisse
1763 5390 2027 5445 similiter.

439 5477 554 5533 Non
585 5477 798 5547 quidem
831 5479 1022 5532 mirum
1053 5489 1136 5534 est
1170 5482 1310 5552 quod
1337 5483 1649 5539 criminatur
1675 5493 1728 5538 et
1757 5493 2028 5553 mortuos,

446 5583 564 5623 tum
591 5569 906 5624 criminatur
933 5569 1210 5626 innocuos.

507 5727 522 5758 ί
559 5725 632 5776 sic
653 5733 759 5776 Mss.
786 5731 836 5773 In
862 5725 1020 5788 vign.,
1043 5725 1313 5788 conjugem.

507 5737 522 5758 ι
559 5737 632 5776 ste
654 5737 759 5776 Mss.
788 5737 836 5773 ιιι
862 5737 1020 5788 \‘ign.,
1043 5737 1186 5786 cornu
1219 5739 1240 5774 ιι

504 5789 527 5820 ³
557 5791 630 5836 sic
653 5795 755 5836 Mss.
791 5795 836 5835 In
862 5789 1020 5846 νίκη..
1045 5737 1240 5838 άὶιιὺυῧ.

508 5847 527 5882 ⁸
557 5849 629 5899 sic
651 5857 756 5898 Mss.
781 5855 832 5898 tu
859 5850 1014 5913 \ign.,
1039 5849 1294 5913 pi'wfcrrr.

1087 419 1332 475 OPERIS
1368 415 1784 475 IMPERFECTI
1811 410 2086 468 CONTRA
2125 411 2485 484 JULIANUM,
2517 414 2575 470 S.
2617 414 3005 474 AUGUSTINI

3559 425 3595 479 ’l
3611 425 3716 484 {0"

2195 527 2331 584 Ana.
2379 528 2632 600 Qnisquis
2676 529 2794 586 haec
2834 530 3000 600 audit,
3029 532 3156 603 quid
3199 529 3440 606 te'putat
3477 538 3712 608 objicere

2123 618 2278 673 nobis
2301 661 2316 684 ,
2349 621 2449 676 nisi
2479 621 2622 691 quod
2651 621 2765 677 hinc
2803 625 3065 678 sententia
3107 624 3401 683 beatissimi
3443 629 3712 688 Ambrosii

2121 725 2282 779 quam
2314 711 2586 780 posuimus
2615 727 2722 768 non
2751 714 2822 768 sit
2846 714 3034 784 ipsius,
3059 716 3154 770 sed
3182 732 3300 771 eam
3337 734 3436 774 nos
3461 728 3711 792 tanquam

2122 804 2192 854 sit
2221 800 2385 870 ipsius
2407 801 2752 858 finxerimus?
2775 804 2908 858 Nam
2935 815 2990 861 et
3015 821 3135 876 ego,
3163 822 3286 862 cum
3321 809 3434 864 [nec
3455 812 3710 882 legerem,

2123 890 2257 945 nihil
2285 899 2340 946 te
2369 907 2527 962 agere
2555 893 2572 925 ¹
2601 894 2934 962 existimavi;
2976 897 3072 952 sed
3117 907 3463 968 posteaquam
3493 905 3610 958 veni
3647 905 3712 960 ad

2123 983 2213 1038 illa
2251 999 2368 1054 qua:
2391 983 2634 1056 adjungis
2649 1027 2664 1052 ,
2687 995 2742 1041 et
2771 985 2874 1042 hoc
2893 987 3232 1044 Ambrosium
3255 991 3453 1047 dixisse
3482 1009 3586 1048 non
3613 997 3714 1050 ab-

2123 1075 2274 1142 nuis,
2309 1083 2360 1131 te
2391 1077 2566 1146 potius
2609 1077 2935 1139 horrendum
2971 1080 3372 1138 criminatorem
3403 1085 3534 1140 tanti
3577 1087 3714 1141 illius

2123 1166 2356 1224 doctoris
2388 1169 2586 1224 inveni.
2613 1169 2746 1224 Nam
2777 1171 3030 1242 quidquid
3065 1171 3201 1228 dicis
3227 1173 3282 1228 in
3311 1189 3398 1229 me
3416 1216 3434 1242 ,
3461 1178 3710 1245 quoniam

2122 1275 2220 1331 per
2233 1263 2665 1318 commixtioncm
2682 1263 2887 1318 virilem
2903 1265 3246 1336 mulierisque
3263 1279 3578 1338 conceptum
3591 1271 3714 1326 dico

2123 1351 2390 1406 neminem
2407 1361 2680 1422 expertem
2699 1369 2820 1409 esse
2842 1355 3042 1420 delicti,
3057 1358 3295 1426 profecto
3313 1359 3472 1412 etiam
3495 1360 3546 1413 in
3565 1361 3712 1414 illum

2095 1517 2108 1528 .
2121 1443 2276 1511 dicis,
2299 1445 2389 1514 qui
2415 1444 2518 1500 hoc
2543 1457 2668 1502 ante
2691 1461 2776 1502 me
2793 1447 2924 1502 dixit
2947 1459 3001 1504 et
3017 1450 3250 1518 scripsit.
3269 1451 3380 1520 Ego
3397 1461 3574 1507 autem
3591 1468 3710 1507 cum

2125 1547 2176 1593 te
2205 1537 2455 1594 refellens
2484 1548 2537 1594 et
2561 1540 2653 1595 tibi
2685 1541 2938 1597 resistens
2959 1584 2974 1610 ,
3007 1557 3191 1598 assero
3219 1545 3469 1615 parvulos
3497 1557 3717 1615 propter

2122 1629 2378 1699 originale
2405 1629 2658 1688 delictum
2681 1645 2802 1688 esse
2841 1633 2940 1688 sub
2965 1634 3196 1699 diabolo,
3227 1635 3328 1690 nisi
3367 1645 3714 1693 renascantur

2123 1722 2175 1776 in
2195 1723 2428 1794 Christe,
2443 1741 2548 1782 non
2569 1729 2748 1796 utique
2765 1743 2852 1783 me
2869 1729 3062 1794 solum,
3077 1745 3262 1784 verum
3281 1739 3336 1786 et
3349 1731 3712 1800 Ambrosium,

2121 1825 2176 1870 et
2217 1817 2352 1874 alios
2390 1820 2568 1875 socios
2618 1820 2764 1890 ejus,
2821 1836 2886 1876 ac
2933 1822 3055 1876 ﬁdei
3092 1822 3250 1890 hujus
3305 1825 3592 1894 participes
3630 1835 3715 1880 at-

2122 1922 2225 1976 que
2251 1910 2498 1966 doctores
2516 1952 2531 1978 ,
2565 1913 2972 1982 universumque
2993 1912 3188 1968 Christi
3223 1914 3516 1969 Eeclesiam
3537 1957 3552 1980 ,
3592 1932 3714 1985 qua:

2123 2013 2183 2054 se
2225 2002 2327 2056 hoc
2384 2005 2691 2073 accepisse,
2742 2004 2843 2059 hoc
2896 2015 3108 2072 tenere,
3161 2004 3264 2060 hoc
3309 2006 3537 2061 fideliter
3587 2021 3710 2061 cre-

2121 2091 2284 2158 dere,
2339 2094 2680 2162 parvulorum
2729 2096 3112 2164 baptizatorum
3169 2097 3468 2151 exorcismo
3523 2107 3578 2152 et
3626 2112 3714 2152 ex-

2121 2179 2428 2240 sufﬂatione
2469 2193 2710 2252 testatur,
2759 2201 2791 2240 a
2837 2195 2925 2240 tua
2949 2184 3152 2240 nefaria
3199 2187 3570 2243 criminatione
3611 2189 3712 2243 de-

2123 2273 2306 2329 fendo.

2194 2366 2328 2420 CIX.
2357 2367 2476 2422 JUL.
2517 2367 2730 2434 Quanto
2765 2368 2963 2422 rectius
3001 2367 3208 2423 diceres
3229 2409 3243 2434 ,
3273 2367 3414 2422 Dixit
3444 2367 3544 2424 hoc
3571 2369 3712 2424 idem

2123 2465 2177 2510 et
2212 2455 2536 2512 Manichatus
2563 2457 2616 2511 in
2643 2457 2866 2527 epistola
2903 2456 2970 2510 ad
3011 2457 3296 2512 Patricium
3339 2474 3353 2510 :
3393 2457 3526 2512 dixit
3561 2467 3616 2513 et
3657 2460 3712 2514 in

2123 2547 2348 2615 epistola
2377 2563 2535 2616 quam
2566 2549 2780 2618 scripsit
2807 2548 2874 2603 ad
2914 2547 3078 2601 filiam
3117 2547 3340 2602 Menoclt
3364 2591 3379 2614 ,
3419 2549 3551 2603 dixit
3577 2559 3632 2604 et
3657 2551 3712 2604 in

2123 2639 2242 2693 aliis
2267 2638 2447 2694 multis
2475 2639 2709 2710 scriptis,
2739 2655 2859 2710 qua:
2884 2648 2938 2694 tu
2965 2641 3176 2709 penitus
3205 2639 3496 2694 imbibisti?
3521 2641 3626 2696 Sed
3657 2641 3712 2696 in

2123 2732 2450 2787 consortium
2491 2741 2637 2787 tuum
2677 2733 2986 2803 episcopum
3025 2731 3472 2787 Mediolanensem
3501 2733 3716 2788 conaris

2121 2824 2390 2880 attrahere
2413 2867 2428 2890 ,
2473 2817 2527 2880 et
2555 2826 2677 2894 quia
2707 2840 2816 2880 non
2845 2833 2996 2896 potes
3022 2823 3222 2880 habere
3259 2825 3566 2895 prtesidium
3587 2867 3603 2892 ,
3631 2828 3714 2881 vis

2122 2917 2364 2973 invenire
2393 2917 2662 2972 solatium.

2193 3011 2328 3067 Anc.
2359 3009 2524 3066 Valde
2547 3018 2735 3066 contra
2764 3010 3116 3068 Manichmum
3142 3019 3224 3066 est
3253 3009 3392 3081 quod
3421 3009 3553 3065 dixit
3581 3011 3714 3064 Am-

2123 3087 2354 3158 brosius.
2381 3101 2514 3157 Nam
2536 3103 2862 3160 Manichazus
2889 3103 3115 3159 alienam
3145 3104 3269 3158 mali
3294 3113 3534 3158 naturam
3559 3103 3718 3158 nobis

2123 3191 2253 3248 dicit
2281 3207 2401 3249 esse
2428 3193 2806 3261 commixtam;
2840 3194 3158 3250 Ambrosius
3187 3204 3364 3249 autem
3394 3195 3715 3265 praevarica-

2125 3284 2269 3339 tione
2309 3285 2468 3355 primi
2509 3282 2742 3340 hominis
2781 3293 3020 3340 nostram
3045 3285 3176 3340 dicit
3201 3299 3322 3341 esse
3345 3285 3580 3339 vitiatam
3615 3303 3628 3339 :
3661 3287 3717 3340 in

2124 3374 2225 3430 hac
2251 3391 2379 3432 vero
2413 3377 2676 3432 sententia
2703 3376 2769 3430 de
2805 3389 2909 3446 qua
2937 3390 3080 3430 nunc
3115 3376 3322 3446 agimus
3341 3417 3356 3441 ,
3387 3376 3717 3430 nativitatem

2123 3468 2299 3522 carnis
2337 3467 2534 3523 Christi
2573 3483 2603 3523 a
2643 3478 2962 3524 cancrorum
2987 3468 3192 3537 peccati
3223 3483 3384 3523 carne
3407 3468 3720 3523 discernens

2125 3557 2365 3613 defendit
2391 3558 2727 3626 Ambrosius,
2759 3575 2918 3629 quam
2949 3566 3108 3628 negat
3137 3559 3344 3628 penitus
3369 3559 3716 3613 Manichams.

2125 3649 2277 3716 Quod
2307 3665 2436 3720 ergo
2459 3650 2630 3705 credit
2653 3651 2989 3716 Ambrosius,
3016 3649 3120 3704 hoc
3139 3659 3193 3704 et
3213 3663 3312 3719 ego
3339 3667 3354 3704 :
3377 3649 3518 3718 quod
3539 3659 3718 3705 autem

2127 3740 2448 3796 Manichmus
2471 3783 2486 3808 ,
2517 3757 2616 3796 nec
2643 3741 2748 3807 ille,
2783 3755 2882 3796 nec
2908 3756 3029 3810 ego.
3057 3739 3194 3807 Quid
3219 3749 3303 3795 est
3330 3739 3473 3810 quod
3499 3749 3552 3794 tu
3581 3741 3718 3794 nite-

2127 3833 2201 3887 ris
2241 3847 2327 3887 me
2365 3847 2616 3903 separare
2643 3833 2710 3887 ab
2739 3832 3026 3887 Ambrosio
3047 3871 3063 3898 ,
3099 3840 3156 3886 ct
3183 3831 3506 3900 conjungere
3545 3831 3718 3885 Mani-

2127 3922 2475 3978 cl:a:o?Nam
2518 3923 2562 3976 si
2605 3923 2868 3993 originale
2908 3929 3184 3992 peccatum
3209 3961 3226 3985 ,
3270 3936 3376 3975 non
3423 3936 3488 3974 ex
3531 3921 3722 3974 aliena:

2121 4014 2529 4080 commixtione,
2558 4013 2654 4068 sed
2683 4028 2750 4068 ex
2779 4019 2980 4068 nostra:
3007 4011 3386 4080 depravatione
3413 4019 3617 4064 natura:
3641 4009 3724 4064 di-

2123 4119 2252 4159 cere
2279 4119 2306 4157 a
2343 4104 2686 4158 nascentibus
2718 4101 2888 4169 trahi,
2921 4102 3114 4171 dogma
3149 4109 3232 4155 est
3255 4099 3668 4154 Manichaeorum
3703 4118 3718 4154 :

2129 4194 2232 4248 hoc
2271 4209 2481 4248 mecum
2523 4194 2654 4247 dicit
2693 4192 3036 4256 Ambrosius;
3069 4205 3166 4246 cur
3189 4205 3297 4244 non
3335 4191 3521 4246 ambos
3551 4189 3722 4244 Mani—

2130 4283 2296 4338 chaeis
2317 4283 2530 4338 conaris
2553 4282 2883 4352 adjungere?
2911 4282 2966 4338 Si
2993 4291 3170 4336 autem
3193 4281 3296 4335 hoc
3312 4281 3724 4336 Manichaeorum

2131 4375 2324 4444 dogma
2355 4389 2460 4427 non
2487 4384 2589 4438 est,
2617 4373 2754 4426 sicut
2785 4387 2888 4427 non
2913 4381 2996 4427 est
3029 4391 3042 4426 :
3071 4372 3174 4426 hoc
3197 4371 3317 4427 dico
3341 4385 3462 4426 cum
3489 4371 3722 4424 Ambro—

2131 4465 2247 4529 sio;
2273 4478 2370 4518 cur
2395 4477 2500 4517 non
2525 4462 2714 4517 ambos
2736 4477 2768 4517 a
2791 4461 3098 4517 Manichmis
3123 4461 3358 4532 dignaris
3396 4461 3723 4530 abjungere‘i

2132 4556 2242 4611 Cur
2269 4571 2398 4626 ergo
2421 4597 2436 4621 ,
2477 4563 2537 4610 ut
2571 4553 2706 4610 dicis
2727 4596 2742 4622 ,
2774 4573 2794 4606 ι
2827 4555 3136 4624 episcopum
3173 4553 3626 4608 Mediolanensem
3667 4551 3724 4605 in

2121 4650 2462 4705 consortium
2485 4665 2664 4705 meum
2685 4665 2854 4705 conor
2873 4649 3175 4714 attrahere;
3211 4667 3228 4700 ι
3255 4663 3376 4703 cum
3407 4661 3494 4702 me
3521 4647 3590 4700 ab
3609 4646 3726 4716 ejus

2133 4741 2407 4798 consortio
2455 4749 2512 4795 tu
2559 4740 2754 4796 frustra
2799 4740 3012 4796 coneris
3054 4737 3412 4794 abstrahere?
3457 4735 3594 4804 Quid
3643 4746 3728 4790 est

2135 4835 2277 4907 quod
2301 4835 2453 4901 dicis,
2475 4855 2493 4887 ι
2515 4835 2635 4905 quia
2656 4851 2759 4890 non
2775 4849 2988 4904 possum
3013 4833 3210 4888 habere
3233 4831 3558 4902 pra-sidiam,
3587 4830 3728 4885 velle

2134 4948 2222 4986 me
2257 4931 2498 4985 invenire
2527 4929 2819 4984 solatium?
2854 4946 2874 4980 ι
2909 4926 3035 4981 Mihi
3065 4941 3186 4981 cum
3229 4924 3514 4978 Ambrosio
3539 4965 3554 4990 ,
3593 4923 3728 4976 velis

2137 5023 2296 5088 nolis,
2326 5023 2378 5076 in
2411 5022 2516 5077 fide
2540 5021 2800 5077 catholica
2827 5019 3072 5075 Christus
3097 5031 3381 5072 commune
3417 5014 3726 5086 praesidium

2136 5123 2238 5169 est.
2281 5113 2406 5168 Ideo
2431 5113 2590 5182 plane
2619 5120 2702 5167 est
2725 5109 3040 5165 Ambrosius
3077 5108 3328 5163 solatium
3357 5122 3534 5162 meum
3557 5147 3573 5172 ,
3604 5107 3728 5174 quia

2137 5221 2258 5261 cum
2281 5205 2372 5259 illo
2399 5203 2601 5272 accipio
2630 5202 2932 5257 convicium
2957 5209 3105 5254 tuum
3136 5217 3150 5254 :
3175 5213 3276 5254 nec
3299 5199 3471 5254 solum
3503 5198 3618 5266 ipse
3643 5211 3731 5251 me

2139 5299 2191 5352 in
2221 5299 2319 5352 hac
2342 5311 2500 5353 causa
2523 5295 2806 5366 plurimum
2831 5292 3160 5360 consolatur,
3183 5292 3280 5346 sed
3308 5301 3364 5346 et
3391 5290 3688 5359 Cyprianus
3713 5328 3728 5352 ,

2138 5401 2192 5446 ct
2217 5390 2471 5455 Hilarius,
2502 5387 2696 5458 aliique
2723 5385 3050 5452 consimiles,
3079 5401 3308 5455 quormn
3335 5385 3386 5439 in
3417 5398 3502 5438 me
3525 5383 3732 5436 laceras

2137 5481 2452 5538 catholicam
2493 5478 2672 5533 ﬁdem.
2714 5477 2828 5531 Noli
2855 5491 2984 5545 ergo
3011 5475 3283 5542 invidere,
3317 5473 3460 5544 quod
3497 5471 3732 5526 Ambro-

2139 5575 2272 5638 sius,
2302 5571 2600 5642 Cyprianus
2628 5577 2682 5623 et
2705 5569 2936 5623 Hilarius
2965 5567 3152 5622 solatia
3176 5575 3300 5621 sunt
3321 5564 3527 5633 injuria:
3545 5575 3686 5614 mea:
3705 5577 3727 5616 ι

2141 5665 2336 5721 invitus
2363 5662 2506 5718 enim
2535 5661 2716 5717 videre
2758 5657 3102 5730 compelleris
3125 5700 3140 5722 ,
3183 5665 3440 5727 quantum
3479 5653 3728 5736 intersit,

2207 5845 2223 5878 ι
2257 5839 2416 5892 Codex
2442 5845 2702 5900 rortarum,
2726 5835 2846 5888 nihil
2867 5841 2912 5890 ω
2937 5833 3070 5886 aliud
3091 5843 3251 5896 agerc.
