4150 6500
1768 325 1797 335 ον

376 483 513 543 1405

368 596 509 670 quod
539 593 787 665 Pelagius
808 599 864 648 et
886 587 1191 654 leestius,
1218 594 1275 643 et
1301 586 1348 642 si
1375 583 1497 658 quis
1513 594 1599 641 cst
1623 583 1781 649 alius,
1807 583 1956 638 sola-

372 693 443 746 tia
469 696 597 744 sunt
631 683 990 742 damnationis
1015 691 1139 738 tute.
1168 679 1329 749 Quid,
1351 678 1493 749 quod
1518 677 1744 734 ostendo
1772 675 1961 732 debel-

372 782 571 837 lantcm
593 775 916 832 Maniclneos
952 787 1051 844 pro
1082 771 1346 829 catholica
1376 769 1481 827 ﬁde
1506 768 1877 833 Ambrosium,
1908 774 1965 821 et

372 884 427 929 te
451 874 503 928 in
524 871 631 926 hoc
649 867 944 925 certamine
963 873 1150 922 contra
1172 863 1514 920 Ambrosium
1536 860 1779 933 prmberc
1798 857 1964 914 Mani-

371 964 536 1021 chaeis
555 962 641 1018 vel
662 961 816 1016 victis
831 958 1102 1025 solatium,
1121 958 1207 1014 vel
1226 957 1386 1013 etiam
1407 954 1801 1015 resistentibus,
1819 948 1962 1022 quod

371 1066 456 1115 est
479 1055 656 1128 pejus,
685 1052 985 1110 auxilium?
1009 1050 1283 1108 Manicbzei
1312 1050 1456 1106 enim
1483 1048 1669 1105 dicunt
1693 1045 1964 1117 propriam

372 1148 498 1205 mali
525 1160 647 1203 esse
667 1143 1021 1202 substantiam
1048 1152 1209 1215 atque
1234 1150 1501 1209 naturam,
1535 1140 1689 1195 bona:
1716 1137 1809 1193 Dci
1838 1134 1967 1191 sub-

373 1237 584 1295 stantia:
612 1246 922 1306 naturaeque
939 1242 1297 1299 ceteternam;
1330 1229 1661 1302 lmpossibilc
1688 1229 1832 1284 enim
1859 1234 1963 1293 est,

373 1330 563 1395 aiunt,
604 1335 664 1383 ut
700 1326 830 1383 oriri
872 1326 1079 1397 possint
1126 1323 1265 1379 mala
1306 1322 1375 1379 de
1415 1322 1570 1378 bonis
1598 1339 1614 1374 :
1646 1317 1966 1375 Ambrosius

373 1420 711 1484 contradicit,
739 1428 792 1474 et
813 1418 979 1485 dicit,
1017 1436 1036 1469 ι
1073 1417 1153 1473 Ex
1178 1415 1335 1473 bonis
1359 1415 1498 1471 mala
1521 1421 1641 1470 orta
1666 1420 1792 1468 sunt
1818 1428 1833 1467 :
1858 1423 1965 1466 non

373 1513 519 1569 enim
544 1522 671 1568 sunt
696 1510 833 1567 mala
853 1552 869 1578 ,
903 1509 1004 1566 nisi
1028 1526 1146 1579 qua:
1172 1509 1447 1580 privantur
1475 1508 1665 1573 bonis;
1694 1520 1792 1578 per
1824 1504 1967 1561 mala

374 1612 554 1661 tamen
584 1603 777 1658 factum
806 1611 887 1657 est
912 1609 969 1656 ut
995 1601 1132 1656 bona
1156 1599 1495 1656 eminerent:
1524 1613 1653 1669 ergo
1678 1595 1968 1668 indigentia

374 1696 525 1764 boni,
552 1694 703 1751 radix
733 1693 950 1748 malititc
973 1701 1056 1749 est
1084 1712 1103 1745 ι
1130 1691 1233 1765 (De
1261 1690 1413 1747 Isaac
1438 1700 1484 1746 et
1505 1691 1709 1757 Anima,
1736 1706 1855 1759 cap.
1884 1690 1965 1760 7).

375 1789 455 1844 Tu
485 1790 624 1843 inter
646 1786 763 1842 haec
789 1784 916 1857 quid
938 1784 1112 1840 dicis?
1142 1802 1162 1837 ι
1193 1784 1394 1840 Rerum
1421 1783 1559 1839 ratio
1580 1797 1686 1836 non
1712 1781 1858 1845 sinit,
1888 1781 1969 1835 in-

374 1884 515 1954 quis,
546 1892 605 1937 ut
626 1881 695 1938 de
714 1881 856 1937 bono
884 1879 1115 1947 malum,
1145 1887 1197 1934 et
1223 1878 1290 1934 de
1317 1879 1464 1949 justo
1501 1877 1740 1947 iniquum
1769 1873 1967 1945 aliquid

373 1972 695 2043 proferatur.
732 1989 753 2024 ι
788 1970 914 2025 11ωο
944 1968 1104 2025 verba
1135 1980 1222 2023 tua
1241 1982 1342 2039 pro
1373 1965 1683 2023 Manichaeis
1708 1964 1970 2020 adversus

373 2061 737 2126 Ambrosium,
760 2076 825 2116 ex
849 2060 941 2115 illo
968 2058 1227 2129 prmclaro
1246 2072 1432 2128 opere,
1458 2057 1510 2112 in
1535 2072 1643 2128 quo
1667 2055 1816 2111 libris
1836 2068 1968 2124 qua-

375 2164 498 2209 tuor
526 2152 614 2209 uni
645 2167 767 2208 meo
795 2151 1008 2208 voluisti
1048 2149 1377 2221 respondere
1396 2190 1411 2215 ,
1443 2149 1722 2219 posuimus
1751 2146 1969 2218 (Contra

372 2243 486 2298 Jul.
509 2285 526 2312 ,
561 2242 652 2299 lib.
683 2243 707 2297 l
731 2284 747 2307 ,
780 2258 834 2297 ιι.
866 2241 1085 2312 42-46).
1117 2240 1175 2297 Si
1205 2241 1257 2295 in
1287 2239 1387 2295 hac
1413 2237 1778 2295 controversia
1802 2236 1969 2307 judex

374 2351 544 2401 esses,
574 2334 814 2406 profecto
838 2344 925 2390 tua
954 2334 1219 2390 sententia
1246 2333 1421 2389 victus
1440 2348 1470 2387 a
1490 2330 1797 2387 Manichaeis
1821 2330 1971 2385 dice-

375 2434 524 2481 retur
559 2425 895 2481 Ambrosius.
926 2425 997 2479 Et
1035 2439 1140 2479 non
1169 2423 1446 2480 erubescis
1467 2465 1484 2490 ,
1538 2437 1661 2478 cum
1699 2422 1776 2476 sis
1821 2421 1970 2476 calu-

375 2516 608 2571 mniator
626 2530 813 2571 eorum
841 2529 976 2585 quos
1004 2514 1340 2584 apertissime
1366 2512 1689 2577 criminaris,
1717 2511 1967 2566 adulator

374 2621 560 2662 eorum
600 2620 734 2678 quos
769 2621 836 2662 ex
873 2605 1092 2676 obliquo
1130 2606 1333 2676 pariter
1367 2604 1673 2660 criminaris
1695 2644 1711 2670 ,
1752 2603 1969 2674 adjutor

374 2712 559 2754 eorum
584 2697 654 2754 de
682 2698 874 2768 quibus
901 2698 1034 2753 alios
1062 2696 1400 2753 criminaris?

445 2787 559 2844 C.\'.
587 2787 709 2844 Jun.
744 2787 1012 2858 Numquid
1052 2788 1153 2858 legi
1199 2788 1292 2843 Dei
1329 2795 1423 2843 aut
1454 2787 1607 2859 operi
1637 2786 1733 2844 Dei
1769 2786 1967 2857 scripta

372 2879 762 2952 disputatorum
791 2879 1183 2949 prmjudicant?

445 2972 596 3023 Λυδέ
615 2967 712 3023 llic
742 2966 854 3037 jam
901 2966 1092 3037 incipis
1127 2966 1406 3034 conﬁteri,
1436 2966 1576 3023 hanc
1606 2981 1637 3020 a
1672 2966 1832 3023 nobis
1858 2981 1968 3024 non

372 3074 497 3116 esse
523 3058 807 3114 conﬁctam
840 3058 986 3114 velut
1007 3056 1299 3124 Ambrosii,
1325 3057 1423 3115 sed
1446 3072 1574 3113 vere
1596 3072 1719 3113 esse
1744 3065 1968 3114 senten-

375 3152 505 3207 tiam
537 3151 591 3217 ¹;
621 3148 1049 3221 quandoquidem
1075 3149 1157 3207 sic
1192 3158 1245 3206 tc
1269 3149 1338 3206 ab
1363 3148 1455 3205 illo
1475 3149 1706 3205 liberare
1730 3148 1965 3218 conaris,

372 3253 431 3297 ut
459 3241 629 3307 dicas,
666 3259 687 3294 ι
714 3239 980 3311 Numquid
1003 3240 1104 3312 legi
1134 3239 1228 3295 Dei
1257 3247 1352 3295 aut
1376 3238 1527 3311 operi
1550 3240 1642 3295 Dei
1671 3238 1972 3310 disputato-

375 3346 496 3387 ruui
537 3330 734 3401 scripta
772 3330 1162 3402 pra-judicant?
1196 3348 1217 3383 ι
1248 3328 1354 3386 Sed
1399 3344 1560 3401 perge
1582 3370 1599 3395 ,
1644 3329 1734 3386 dic
1772 3339 1968 3386 caetera

373 3421 570 3492 quibus
590 3420 950 3490 iiupudentior
970 3420 1216 3478 inimicus
1243 3419 1366 3476 ﬁdei
1386 3420 1663 3476 catholica:
1688 3420 1967 3490 judiccris.

446 3511 585 3568 CXI.
613 3511 735 3569 ἐτι..
760 3511 886 3567 Mihi
917 3512 1129 3567 interim
1163 3511 1377 3568 abunde
1415 3511 1649 3579 sufﬁcit,
1679 3513 1842 3568 etiam
1872 3527 1970 3584 per

379 3602 480 3658 hoc
510 3603 684 3672 ipsum
713 3601 941 3672 probare
959 3642 976 3669 ,
998 3616 1259 3672 nusquam
1289 3612 1342 3658 te
1362 3602 1416 3657 in
1440 3603 1611 3658 sacris
1639 3603 1857 3660 Litteris
1883 3602 1969 3659 lc-

368 3695 518 3764 gissc
545 3693 689 3765 quod
718 3693 895 3750 credis
913 3732 929 3757 ,
960 3693 1102 3764 quod
1132 3703 1186 3748 tu
1217 3694 1271 3749 in
1300 3693 1390 3749 tali
1420 3708 1583 3749 causa
1611 3694 1743 3750 nihil
1771 3704 1970 3766 prmter

374 3784 636 3853 episcopi,
660 3797 796 3854 quas
814 3782 972 3849 ilicis,
994 3782 1347 3839 dictiunculas
1377 3783 1645 3855 protulisti
1671 3802 1686 3839 :
1709 3783 1903 3854 quibus
1920 3783 1967 3841 si

373 3877 573 3947 aliquid
598 3877 928 3931 auctoratius
955 3876 1221 3947 potuisses
1245 3874 1542 3945 olfendere,
1573 3876 1642 3932 ab
1671 3876 1755 3933 bis
1781 3875 1968 3949 procul

371 3970 537 4024 duino
558 3979 935 4038 temperasscs.
1680 4012 1689 4017 ι

374 4086 379 4089 -
446 4062 583 4114 At'c.
616 4060 716 4126 Qui
754 4060 970 4130 legunt,
1003 4058 1221 4116 videant
1261 4070 1438 4115 utrum
1480 4074 1580 4132 ego
1608 4058 1787 4115 divina
1818 4058 1968 4117 testi-

374 4166 552 4205 nnnna
588 4167 693 4206 non
722 4150 1067 4222 protulerint;
1098 4167 1168 4208 an
1195 4166 1225 4206 a
1264 4167 1353 4209 me
1392 4153 1598 4224 prolata
1635 4152 1964 4225 depravare,

374 4240 574 4296 lrustra
604 4241 718 4310 ipse
736 4250 963 4297 conatus
989 4240 1086 4296 sis.
1121 4264 1128 4272 -

443 4329 601 4388 CXII.
644 4331 756 4387 leL.
783 4330 889 4387 Sed
919 4330 1055 4387 bene
1081 4331 1223 4403 quod
1249 4346 1348 4389 nos
1376 4347 1542 4389 onere
1563 4332 1749 4389 talium
1780 4348 1968 4404 perso—

373 4436 563 4478 narum
586 4420 733 4491 prior
753 4420 961 4477 levasti.
986 4420 1120 4476 Nam
1149 4422 1201 4476 in
1234 4422 1372 4478 libro
1393 4439 1550 4494 quem
1577 4424 1645 4480 ad
1670 4424 1965 4481 Timasium

371 4524 559 4570 contra
590 4512 814 4566 liberum
839 4510 1117 4566 arbitrium
1147 4513 1383 4580 texuisti,
1415 4528 1539 4569 eum
1569 4526 1786 4570 sanctus
1809 4515 1965 4571 Pela-

290 4590 299 4601 ”
369 4606 492 4677 gius
519 4601 901 4658 vencmhiliuut
929 4605 1164 4658 virorum
1197 4612 1303 4659 tam
1344 4605 1615 4661 Ambrosii
1658 4623 1818 4677 quam
1855 4608 1964 4682 Cy-

372 4695 544 4768 priani
585 4693 897 4750 recordatus
922 4691 1149 4761 fuisset,
1189 4694 1281 4765 qui
1321 4694 1549 4750 liberum
1588 4697 1867 4753 arbitrium
1909 4700 1964 4755 in

372 4787 523 4845 libris
548 4786 661 4843 suis
685 4784 1213 4853 commendaverant,
1244 4786 1577 4858 respondisti
1598 4788 1743 4843 nulla
1772 4799 1824 4845 te
1843 4804 1966 4861 gra-

371 4881 485 4936 vari
514 4880 832 4937 auctoritate
863 4878 1045 4935 talium
1080 4896 1094 4934 :
1127 4879 1197 4934 ita
1228 4887 1288 4935 ut
1313 4878 1525 4935 diceres
1545 4921 1561 4945 ,
1587 4896 1681 4937 eos
1711 4897 1965 4950 processu

374 4973 496 5028 vita:
523 4970 761 5028 melioris
781 5012 798 5038 ,
831 4971 877 5027 si
903 4969 1027 5042 quid
1067 4970 1207 5027 male
1246 4980 1529 5027 senserant
1550 5013 1565 5039 ,
1587 4958 1833 5043 expiasse
1862 4973 1966 5044 (De

375 5060 584 5118 Natura
604 5071 651 5117 et
681 5060 878 5128 Gratia,
910 5077 965 5116 ιι.
993 5061 1057 5118 71
1078 5102 1096 5130 ,
1125 5061 1285 5136 sqq.).
1315 5062 1428 5118 Tua
1461 5063 1552 5118 tibi
1581 5063 1645 5118 ad
1673 5063 1777 5120 hoc
1801 5065 1964 5121 relata

376 5156 516 5223 sint,
558 5161 617 5209 ut
642 5153 878 5209 excitare
902 5152 972 5209 de
1009 5153 1140 5210 solis
1168 5153 1474 5209 nominibus
1512 5155 1797 5210 erubescas
1824 5156 1964 5211 invi-

373 5244 539 5300 diam.
563 5242 827 5299 Catterum
857 5243 943 5300 vel
963 5244 1232 5301 Ambrosii
1252 5245 1414 5312 dicta,
1444 5245 1528 5301 vel
1553 5246 1802 5313 aliorum,
1825 5246 1964 5321 quo?

374 5350 495 5391 rum
533 5333 729 5389 famam
766 5342 1069 5391 vestrorum
1096 5336 1326 5391 nitimini
1360 5336 1629 5393 maculare
1668 5338 1962 5407 consortio,

373 5429 520 5486 clara
544 5429 878 5499 benignaque
903 5436 1129 5498 possunt
1147 5430 1355 5485 ratione
1380 5429 1616 5486 defendi.

445 5523 583 5576 Anc.
604 5517 830 5573 Tantam
854 5517 1147 5573 caecitatem
1167 5519 1344 5574 cordis
1369 5520 1459 5574 tibi
1483 5520 1722 5589 potuisse
1748 5521 1963 5577 contin-

373 5625 522 5683 gere,
552 5611 672 5681 quis
700 5608 891 5675 credit,
913 5608 1018 5663 nisi
1036 5608 1127 5679 qui
1152 5609 1268 5664 inec
1292 5609 1459 5680 legit?
1486 5610 1565 5665 Tu
1595 5612 1727 5668 dicis
1746 5613 1888 5684 quod
1919 5614 1964 5670 si

375 5701 575 5774 aliquid
599 5699 927 5758 auctoratius
955 5697 1253 5768 offendere,
1283 5699 1338 5755 id
1364 5709 1465 5767 est,
1495 5700 1738 5759 invenire
1763 5705 1969 5774 potuis-

375 5807 515 5859 sem,
535 5808 568 5848 a
591 5793 979 5867 disputatorum
1000 5792 1188 5860 dictis,
1219 5793 1326 5859 vel,
1350 5792 1485 5848 sicut
1515 5803 1569 5847 tu
1598 5793 1853 5866 loqueris,
1882 5797 1965 5854 di-

444 5906 462 5940 ί
499 5903 659 5958 rode:
682 5912 941 5971 rut-tarum,
967 5902 1052 5957 sed
1076 5916 1185 5958 rere
1209 5901 1442 5970 {Hilbl'OSﬁ
1465 5917 1568 5958 esse
1593 5905 1891 5961 sententiam.

1721 469 1922 527 LIBER
1958 469 2307 540 QUARTUS.

3518 487 3656 546 M06

2068 585 2385 654 ctiuneulis,
2413 595 2830 660 temperassem;
2870 600 2922 649 et
2960 593 3217 651 continuo
3246 603 3303 652 tu
3341 597 3456 669 ipse
3490 599 3658 669 dicis,

2068 676 2340 748 Pelagium
2364 718 2382 745 ,
2408 695 2568 750 quem
2595 696 2756 737 vocas
2780 693 3021 740 sanctum
3037 726 3054 753 ,
3085 685 3140 741 in
3169 686 3482 744 defensione
3509 691 3659 745 liberi

2069 767 2275 823 arbitrii
2305 771 2638 828 venerabiles
2675 773 2819 829 viros
2854 774 3181 847 Cyprianum
3220 787 3277 832 et
3313 778 3658 836 Ambrosium

2071 865 2235 915 testes
2270 859 2577 920 adhibuisse
2610 880 2623 919 :
2655 879 2755 920 nec
2790 866 3023 922 attendis
3059 868 3510 939 quemadmodum
3556 871 3658 928 hoc

2068 946 2613 1024 dicendo‘redargnas
2636 955 2951 1026 magistrum
2990 967 3140 1013 tuum
3179 958 3456 1031 ipsamque
3488 961 3656 1017 luere-

2069 1042 2173 1096 sim
2210 1050 2462 1099 vestram.
2490 1043 2796 1102 Secundum
2826 1057 2967 1103 tuam
2994 1050 3191 1120 quippe
3223 1053 3543 1107 sententiam
3568 1094 3583 1121 ,
3616 1057 3665 1110 si

2070 1134 2269 1206 aliquid
2296 1136 2541 1208 Pelagius
2561 1153 2743 1208 proco
2761 1140 2902 1209 quod
2932 1140 3273 1210 defendebat,
3306 1146 3653 1209 auctoratius,

2023 1280 2026 1284 .
2071 1225 2126 1281 in
2148 1227 2360 1298 scriptis
2382 1229 2398 1261 ¹
2420 1228 2694 1285 canonicis
2714 1230 3022 1298 invenisset,
3047 1248 3075 1286 a
3098 1233 3487 1305 disputatorum
3512 1238 3662 1291 testi-

2072 1318 2267 1373 moniis
2293 1327 2665 1390 temperasset.
2691 1320 2917 1390 Quando
2948 1324 3046 1379 ista
3085 1324 3325 1392 diceres,
3355 1327 3457 1381 nisi
3497 1337 3548 1381 te
3589 1329 3660 1384 ita

2072 1409 2407 1479 perturbaret
2435 1411 2753 1468 Ambrosius
2771 1454 2787 1478 ,
2820 1422 2878 1469 ut
2903 1414 3268 1472 adversarium
3296 1419 3473 1473 subito
3500 1419 3661 1474 Pela-

2071 1501 2189 1572 gius
2225 1502 2526 1572 reperiret?
2558 1523 2579 1557 ι
2613 1504 2719 1561 Sed
2767 1506 2915 1577 prior
2951 1523 3046 1564 vos
3088 1510 3297 1576 levavi,
3335 1530 3354 1564 ι
3387 1521 3445 1567 ιιι
3485 1512 3618 1569 dicis
3642 1555 3659 1580 ,

2077 1609 2099 1645 ι
2135 1606 2299 1649 onere
2343 1593 2527 1650 talium
2571 1610 2960 1667 personarum,
3010 1618 3030 1652 ι
3058 1601 3328 1657 Ambrosii
3374 1603 3660 1673 videlicet,

2070 1682 2295 1755 ejusque
2327 1685 2614 1741 sociorum.
2656 1687 2821 1744 Plane
2850 1689 2953 1745 hoc
2976 1705 3141 1746 onere
3176 1692 3246 1747 ita
3277 1668 3531 1762 premeris
3553 1737 3569 1763 ,
3604 1668 3661 1753 ut

2071 1791 2177 1832 non
2200 1777 2372 1832 solum
2393 1779 2733 1849 opprimaris,
2756 1796 2941 1837 verum
2963 1783 3123 1838 etiam
3145 1785 3463 1851 conteraris,
3486 1796 3541 1842 et
3562 1787 3661 1843 fias

2071 1867 2246 1938 pulvis
2270 1883 2430 1939 quem
2464 1869 2675 1941 projicit
2697 1881 2888 1927 ventus
2910 1887 2940 1927 a
2969 1871 3103 1930 facie
3128 1883 3286 1930 terra:
3309 1875 3479 1948 (Psal.
3508 1893 3546 1943 ι,
3576 1879 3658 1946 4).

2070 1958 2255 2029 Neque
2281 1960 2426 2015 enim
2456 1961 2531 2016 illi
2559 1969 2637 2017 tot
2654 1977 2718 2018 ac
2745 1964 2875 2017 tanti
2896 1973 2950 2019 et
2975 1973 3079 2019 tam
3110 1966 3277 2020 sancti
3306 1966 3541 2037 clarique
3565 1983 3662 2022 au-

2073 2051 2266 2108 tislites
2294 2053 2413 2119 Dei,
2445 2054 2699 2110 Ecclesia:
2732 2055 3011 2112 catholica:
3035 2057 3129 2112 filii
3168 2058 3446 2127 discendo,
3480 2069 3661 2128 patres

2070 2143 2334 2211 docendo,
2378 2144 2447 2201 de
2492 2157 2711 2216 peccato
2751 2146 2906 2216 primi
2950 2147 3182 2204 hominis
3230 2150 3384 2220 eique
3428 2151 3661 2206 obnoxia

2070 2237 2413 2293 successione
2439 2239 2743 2293 mortalium
2771 2239 2842 2294 ita
2874 2240 3035 2295 locuti
3060 2250 3204 2305 sunt,
3242 2253 3298 2296 ιιι
3326 2243 3417 2297 alii
3445 2243 3513 2298 ab
3540 2244 3663 2298 aliis

2071 2326 2456 2398 discreparent,
2487 2340 2578 2384 aut
2596 2345 2783 2384 eorum
2812 2331 3039 2401 quisque
3063 2347 3091 2385 a
3120 2334 3409 2403 semetipso
3430 2350 3445 2399 ;
3470 2335 3564 2390 sed
3590 2336 3661 2389 ita

2072 2434 2294 2490 prorsus
2313 2461 2328 2487 ,
2354 2428 2411 2475 ut
2434 2434 2620 2475 eorum
2642 2422 2998 2479 consensione
3021 2430 3182 2493 atque
3210 2424 3530 2487 constantia,
3563 2439 3665 2479 nec

2070 2511 2227 2567 aliter
2255 2525 2380 2567 esse
2406 2512 2475 2568 de
2501 2512 2602 2568 hac
2629 2529 2690 2569 re
2717 2521 2959 2569 sanctam
3000 2514 3329 2585 Scripturam
3360 2517 3666 2587 intelligen-

2070 2598 2219 2668 dam,
2241 2615 2343 2656 nec
2370 2602 2528 2656 aliam
2551 2602 2836 2672 potandam
2863 2602 3180 2660 catholicam
3212 2605 3393 2672 ﬁdem,
3423 2606 3667 2678 quisquis

2071 2704 2169 2746 eos
2204 2705 2311 2747 non
2356 2690 2610 2748 hmretico
2637 2695 2817 2749 animo
2853 2694 3018 2765 legit,
3063 2693 3311 2753 dubitare
3338 2711 3443 2749 non
3472 2696 3665 2767 possit.

2071 2782 2310 2850 Quorum
2339 2783 2578 2853 pondere
2615 2785 2723 2854 jam
2766 2785 2883 2858 ipse
2923 2787 3003 2842 sic
3038 2786 3300 2858 frangeris
3324 2829 3340 2855 ,
3383 2796 3441 2843 ut
3478 2803 3667 2845 eorum

2071 2873 2213 2928 dicta
2233 2873 2428 2943 quibus
2455 2876 2808 2944 contradicis,
2845 2895 2867 2929 ι
2893 2878 3036 2933 clara
3076 2879 3413 2950 benignaque
3452 2881 3666 2936 ratione

2070 2963 2407 3020 defendenda
2441 2984 2461 3018 ι
2495 2967 2818 3037 susceperis.
2848 2968 3144 3022 Audiamus
3172 2984 3301 3039 ergo
3339 2970 3538 3025 claram
3569 2971 3667 3026 be-

2064 3057 2394 3130 nignamque
2417 3059 2678 3114 rationem
2709 3078 2722 3114 :
2754 3074 2856 3131 qua
2884 3069 2970 3115 tua
3000 3061 3209 3116 ratione
3237 3062 3281 3115 si
3308 3061 3669 3139 defenduntur

2069 3164 2136 3205 ea
2157 3150 2321 3218 dicta,
2361 3164 2462 3206 cur
2488 3150 2621 3205 mihi
2660 3165 2728 3206 ex
2765 3151 2845 3205 eis
2874 3150 3188 3221 ingeruntur
3216 3160 3304 3207 tua
3344 3152 3666 3208 maledicta?

2069 3238 2204 3295 Nam
2232 3239 2452 3296 omnino
2475 3280 2491 3305 ,
2520 3256 2640 3312 qua:
2666 3241 2718 3296 in
2755 3255 2844 3296 me
2881 3240 3164 3297 detestaris
3206 3249 3261 3297 et
3300 3244 3477 3314 arguis
3500 3283 3516 3307 ,
3549 3242 3666 3313 ipsa

2069 3339 2216 3400 sunt,
2238 3348 2360 3403 qua:
2386 3332 2438 3388 in
2466 3333 2680 3388 illorum
2708 3332 3068 3403 disputatione
3097 3333 3358 3389 defendis.
3390 3333 3449 3390 Si
3484 3342 3664 3390 autem

2070 3437 2179 3479 non
2201 3422 2579 3490 defenduntur,
2601 3423 2696 3479 sed
2717 3424 2817 3479 sub
2840 3422 3056 3479 nomine
3082 3423 3410 3483 defensionis
3439 3425 3667 3481 astutius

2070 3522 2402 3584 arguuntur;
2443 3513 2585 3570 absit
2625 3523 2684 3570 ut
2721 3515 2821 3570 ista
2859 3515 3001 3570 clara
3031 3524 3085 3571 et
3124 3515 3349 3586 benigna
3379 3516 3450 3572 sit
3488 3516 3663 3583 ratio;

2070 3604 2167 3660 sed
2195 3605 2433 3661 irrisoria
2459 3605 2637 3677 potius
2664 3605 2920 3671 adulatio,
2944 3621 3064 3677 qua:
3090 3606 3212 3662 ideo
3235 3605 3478 3662 defensio
3504 3623 3661 3662 voca-

2071 3704 2182 3765 tur,
2211 3712 2280 3754 ne
2307 3697 2627 3769 populorum
2658 3696 3062 3763 catholicorum,
3089 3713 3120 3753 a
3148 3698 3343 3769 quibus
3369 3698 3530 3755 iidem
3562 3700 3663 3755 viri

2070 3797 2417 3855 venerantur,
2449 3789 2660 3845 tolerari
2689 3805 2796 3845 non
2825 3790 2995 3860 possit
3021 3789 3269 3846 offensio.

2143 3878 2322 3936 CXIII.
2350 3878 2473 3936 Jan.
2515 3880 2649 3948 Quia
2691 3879 2942 3936 videlicet
2979 3888 3035 3938 et
3069 3880 3362 3951 simplicius
3395 3880 3663 3953 qumpiam

2070 3968 2334 4036 dixerint,
2367 3978 2423 4025 et
2449 3970 2823 4042 quodcumque
2844 3969 2988 4026 aliud
3027 3971 3360 4041 speculantes
3380 4012 3395 4038 ,
3430 3987 3534 4028 non
3566 3971 3665 4026 ha-

2070 4060 2284 4116 buerint
2302 4061 2673 4118 necessitatem
2690 4077 2719 4115 a
2741 4061 2907 4118 latere
2925 4063 3264 4133 surgentibus
3283 4064 3666 4134 quaestionibus

2070 4152 2341 4209 obviandi.
2379 4152 2513 4208 Cum
2551 4153 2693 4210 enim
2723 4153 2914 4209 crebro
2941 4152 3274 4209 laudaverint
3304 4153 3546 4227 conjugia
3566 4197 3582 4224 ,
3611 4166 3666 4211 et

2069 4244 2268 4300 nullam
2297 4243 2352 4299 in
2390 4245 2704 4315 corporibus
2742 4244 3080 4300 all‘eetionem
3107 4260 3136 4299 a
3164 4246 3376 4301 diabolo
3408 4246 3662 4301 insertam

2069 4336 2325 4406 putarint,
2356 4350 2458 4392 nec
2481 4350 2647 4406 regno
2671 4335 2867 4392 diaboli
2896 4336 3072 4391 divina
3098 4350 3282 4406 opera,
3315 4337 3365 4391 id
3392 4347 3475 4392 cst
3504 4347 3663 4392 natu-

2069 4441 2146 4481 ra:
2174 4425 2414 4482 membra
2433 4466 2448 4491 ,
2476 4425 2831 4496 subjecerint,
2864 4425 2960 4482 sed
2996 4434 3049 4481 et
3072 4441 3103 4482 a
3133 4426 3240 4483 Deo
3267 4427 3505 4482 instituta
3530 4442 3663 4484 cou-

2065 4518 2211 4590 jugia
2237 4533 2303 4574 ac
2338 4517 2708 4575 benedictione
2745 4519 2938 4574 donata
2957 4554 2973 4583 ,
3004 4519 3338 4591 liberumque
3362 4520 3660 4588 arbitrium,

2070 4617 2231 4679 prout
2253 4609 2622 4679 opportunitas
2648 4609 2856 4677 attulit,
2884 4610 3230 4680 explicaiint;
3264 4611 3552 4668 humanum
3583 4623 3667 4669 est

2069 4709 2130 4754 ut
2153 4713 2261 4754 non
2297 4705 2443 4753 stare
2471 4698 2526 4752 in
2553 4697 2807 4753 societate
2835 4699 2999 4753 vestri
3028 4700 3246 4756 sceleris
3262 4701 3588 4772 judicentur,
3619 4706 3663 4760 si

2069 4789 2124 4845 in
2152 4789 2431 4858 scripturis
2473 4789 2686 4844 illorum
2731 4798 2825 4845 aut
2861 4790 3147 4862 ambigue,
3195 4803 3287 4847 aut
3335 4794 3666 4866 negligenter

2070 4882 2333 4953 quaepiam
2381 4882 2551 4938 locata
2594 4882 3014 4952 deprehenditis.
3062 4885 3342 4955 Quomodo
3369 4891 3512 4946 enim
3556 4908 3661 4947 non

2072 4974 2379 5045 pnejudicat
2407 4973 2696 5046 Scripturis
2742 4977 2938 5032 sanctis
2961 5019 2976 5044 ,
3008 4978 3150 5049 quod
3197 4994 3385 5037 omnes
3431 4982 3666 5041 haereses

2069 5064 2334 5135 aliquibus
2355 5079 2418 5122 se
2446 5081 2630 5122 carum
2671 5065 2988 5124 testimoniis
3030 5070 3282 5126 oceulunt
3325 5087 3388 5129 ac
3426 5074 3665 5131 nituntur

2071 5157 2207 5213 tueri
2240 5174 2254 5211 :
2285 5159 2358 5214 ita
2381 5160 2541 5215 etiam
2567 5159 2947 5216 catholicorum
2970 5163 3208 5220 virorum
3230 5164 3424 5222 famam
3448 5179 3664 5239 propter

2070 5249 2333 5319 quaipiam
2361 5250 2623 5307 incautius
2650 5249 2765 5307 fusa
2784 5293 2800 5319 ,
2834 5268 2939 5307 non
2964 5255 3231 5325 patiemur
3257 5257 3451 5314 addici.
3480 5258 3664 5331 Neque

2071 5341 2214 5396 enim
2254 5341 2555 5398 habuerunt
2594 5343 2943 5400 intentionem
2987 5346 3085 5417 illi,
3130 5357 3221 5403 aut
3244 5346 3534 5407 damnandi
3563 5368 3663 5407 nu-
3723 5417 3725 5421 η

2070 5434 2210 5503 ptias
2228 5474 2245 5502 ,
2271 5443 2365 5489 aut
2389 5434 2614 5490 liberum
2640 5435 2918 5491 arbitrium
2944 5437 3260 5511 denegandi,
3290 5444 3373 5498 vel
3404 5443 3663 5499 inimecn-
3718 5437 3726 5487 ἶ

2071 5524 2200 5578 tiam
2238 5525 2508 5580 sanciundi
2539 5544 2555 5581 :
2586 5541 2743 5595 quam
2794 5527 2839 5581 si
2886 5527 3234 5599 habuissent,
3278 5548 3385 5588 non
3426 5542 3661 5589 vestrum

2071 5613 2263 5685 dogma
2289 5614 2621 5683 ﬁrmassent,
2647 5617 2743 5674 sed
2770 5617 3028 5677 honorem
3054 5621 3217 5679 ofﬁcii
3248 5622 3625 5694 perdidissent.

2146 5708 2279 5762 Anc.
2310 5706 2355 5763 Ο
2381 5708 2523 5764 clara
2549 5723 2603 5764 et
2627 5710 2851 5782 benigna
2879 5716 3014 5772 ratio
3041 5716 3398 5773 defensionis!
3439 5716 3661 5786 Simpli-

2073 5798 2188 5854 cius
2210 5798 2455 5855 videlicet
2479 5800 2612 5856 dixit
2636 5803 2980 5873 Ambrosius,
3007 5825 3071 5864 ex
3102 5808 3479 5865 cemmixtiane
3496 5807 3661 5866 maris

2142 5910 2159 5944 ³
2194 5912 2268 5965 sic
2290 5917 2395 5964 Mss.
2423 5919 2472 5965 lu
2493 5915 2654 5979 \‘ign.,
2678 5913 2956 5980 Scriptum.
