4150 6484
538 453 673 508 1507

532 579 587 623 et
607 567 817 623 femina:
837 571 1109 633 expertem
1131 560 1398 615 neminem
1424 572 1545 612 esse
1567 554 1748 611 delicti
1769 552 1857 624 (In
1881 551 2118 619 Isaiam);

531 668 587 712 et
605 656 979 727 quodcumque
1003 650 1145 707 aliud
1174 648 1515 720 speculando,
1546 661 1646 701 nec
1667 643 1911 699 habendo
1937 654 2124 696 neces-

535 749 747 802 sitatem
776 760 806 799 a
837 745 1006 800 latere
1044 741 1387 813 surgentibus
1431 736 1813 809 quaestionibus
1850 731 2119 798 obviaudi,

538 822 868 906 negligenter
895 845 950 890 et
977 835 1186 888 incaute
1214 831 1426 900 scriptis
1453 838 1510 887 et
1536 824 1980 896 disputationibus
2011 821 2122 877 suis

532 927 881 983 Maniclneum
904 967 920 992 ,
949 924 1090 996 quod
1113 923 1248 978 dicis
1270 962 1285 987 ,
1315 922 1464 976 virus
1490 917 1699 973 infudit.
1738 916 1909 971 Homo
1933 914 2120 984 loqua-

529 1020 767 1085 cissime,
799 1017 1042 1072 homines
1068 1015 1259 1070 timens
1284 1011 1487 1067 homini
1508 1010 1700 1080 parcis,
1732 1021 1839 1061 non
1864 1006 1953 1060 illa
1981 1004 2121 1059 dicta

535 1107 799 1163 defendis.
824 1107 958 1162 Nam
985 1107 1029 1161 si
1052 1121 1175 1161 vera
1203 1104 1408 1159 ratione
1432 1100 1791 1158 defenduntur
1817 1098 1932 1152 hmc
1954 1096 2117 1163 dicta,

538 1199 723 1268 procul
751 1198 914 1253 dubio
943 1196 1210 1252 veraciter
1236 1193 1620 1257 defenduntur,
1649 1197 1706 1245 et
1726 1202 1851 1244 vera
1877 1194 2000 1242 sunt
2025 1202 2038 1239 :
2068 1192 2122 1240 et

530 1290 577 1344 si
607 1291 709 1344 hoc
735 1290 805 1343 ita
830 1297 911 1343 est
933 1329 949 1354 ,
974 1296 1120 1343 recte
1155 1286 1408 1341 asseritur
1441 1281 1696 1353 originale
1734 1287 2044 1351 peccatum,
2064 1282 2122 1332 et

532 1380 723 1450 dogma
751 1378 1070 1434 interimitur
1096 1385 1350 1431 vestrum.
1379 1373 1434 1430 Si
1462 1382 1637 1426 autem
1659 1371 1787 1425 falsa
1802 1369 2007 1423 ratione
2026 1365 2122 1421 de-

533 1470 821 1527 fenduntur
847 1469 961 1524 hzcc
985 1468 1124 1524 dicta
1144 1508 1161 1534 ,
1190 1466 1331 1522 clara
1373 1474 1460 1519 tua
1500 1463 1592 1518 illa
1634 1469 1689 1516 et
1732 1459 1957 1529 benigna
1985 1455 2122 1511 ratio

534 1579 642 1619 non
662 1571 745 1618 cst
767 1562 927 1624 ratio,
953 1560 1048 1615 sed
1073 1557 1337 1628 deceptio.
1363 1558 1427 1611 At
1452 1554 1593 1609 enim
1621 1571 1639 1604 ι
1662 1550 1908 1620 conjugia
1930 1546 2121 1603 crebro

531 1636 766 1708 laudavit
787 1671 807 1705 ι
837 1649 1152 1707 Ambrosius
1172 1666 1186 1702 :
1206 1649 1309 1703 hoc
1321 1655 1375 1702 et
1398 1661 1495 1701 nos
1525 1643 1767 1699 facimus.
1799 1658 1818 1691 ι
1846 1639 2074 1703 Nullam,
2096 1656 2115 1690 ι

530 1745 727 1817 inquis,
759 1762 779 1797 ι
805 1745 857 1799 iu
879 1743 1195 1814 corporibus
1218 1740 1552 1796 ali'ectionem
1575 1753 1605 1792 a
1626 1735 1838 1791 diabolo
1859 1734 1946 1788 ille
1970 1742 2121 1833 puta:

529 1836 607 1892 vit
643 1837 897 1891 insertam
932 1853 945 1891 :
982 1854 1002 1888 ι
1045 1835 1091 1889 si
1138 1832 1473 1888 aii‘ectionem
1502 1828 1732 1891 bonam,
1760 1839 1860 1880 nec
1900 1838 2031 1888 nos;
2075 1828 2121 1877 si

530 1927 723 1981 malam
746 1967 762 1993 ,
798 1926 936 1981 sicut
962 1925 1054 1980 ille
1077 1965 1092 1990 ,
1125 1924 1196 1978 ita
1226 1931 1280 1978 et
1307 1937 1427 1977 nos.
1459 1938 1478 1972 ι
1506 1919 1618 1975 Nec
1639 1931 1825 1988 regno,
1853 1932 1873 1967 ι
1922 1913 2118 1984 inquis,

534 2035 556 2069 ι
581 2017 776 2072 diaboli
805 2017 983 2071 divina
1012 2030 1205 2086 opera,
1238 2014 1341 2069 hoc
1379 2020 1463 2069 est
1502 2019 1706 2065 naturae
1746 2005 2005 2070 membra,
2034 2003 2123 2058 ille

527 2108 755 2179 subjecit
783 2125 797 2162 :
828 2127 849 2161 ι
879 2108 1030 2178 quasi
1057 2106 1420 2161 adulterorum
1451 2103 1690 2158 membra
1720 2115 1827 2155 non
1857 2098 1964 2152 sint
1986 2097 2122 2152 divi-

528 2217 598 2256 na
623 2216 783 2271 opera
811 2211 865 2256 et
891 2200 1131 2257 membra
1153 2208 1379 2265 natoue,
1406 2213 1525 2268 qua:
1555 2207 1733 2251 tamen
1762 2193 1912 2258 vitio,
1945 2201 1999 2245 et
2028 2205 2123 2260 per

529 2290 636 2346 hoc
662 2292 877 2346 diabolo
896 2300 1107 2346 constat
1134 2305 1254 2345 esse
1280 2290 1542 2358 subjecta.
1570 2307 1591 2341 ι
1617 2286 1714 2349 illi,
1751 2304 1769 2337 ι
1806 2284 2001 2354 inquis,
2036 2301 2055 2333 ι
2090 2297 2119 2335 a

532 2380 645 2434 Deo
682 2380 921 2435 instituta
958 2379 1201 2450 conjugis
1229 2394 1293 2434 ac
1329 2376 1698 2434 benedictione
1726 2374 1918 2429 donata
1944 2412 1961 2439 ,
1991 2372 2124 2426 Lbe-

529 2484 755 2540 rumque
781 2470 1061 2525 arbitrium
1079 2510 1094 2536 ,
1125 2477 1285 2540 prout
1307 2467 1677 2536 Opportunitas
1716 2463 1924 2530 attulit,
1955 2460 2124 2530 expli-

528 2568 757 2615 carunt:
794 2577 823 2612 ιν
839 2560 918 2615 sic
941 2569 996 2614 et
1029 2573 1148 2614 nos.
1181 2577 1200 2610 ι
1230 2559 1528 2612 Humanum
1556 2563 1673 2621 est,
1705 2573 1725 2607 ι
1778 2554 1980 2623 inquis,
2015 2570 2034 2603 ι
2068 2560 2125 2605 ιιι

531 2665 639 2704 non
660 2658 805 2705 stare
829 2650 881 2703 in
901 2650 1157 2704 societate
1180 2648 1345 2704 vestri
1366 2647 1586 2703 sceleris
1602 2645 1905 2715 judicentur
1928 2661 1942 2697 :
1964 2662 1982 2695 ι
2015 2642 2123 2697 imo

532 2739 777 2795 insanum
807 2751 889 2794 est
920 2747 977 2795 ut
1005 2755 1109 2795 non
1139 2748 1283 2794 stare
1312 2739 1367 2793 in
1407 2736 1665 2793 societate
1694 2736 1907 2790 illorum
1943 2743 2122 2789 vestro

527 2830 734 2886 scelere
758 2830 1077 2901 judicemur.
1104 2830 1248 2885 Dicis
1272 2848 1292 2883 ι
1320 2844 1429 2886 non
1459 2827 1808 2899 prtejudicare
1831 2825 2121 2895 Scripturis

528 2921 730 2975 sanctis
749 2961 764 2985 ,
797 2920 940 2991 quod
968 2936 1159 2976 omnes
1194 2920 1430 2976 hmreses
1458 2918 1725 2990 aliquibus
1750 2931 1935 2972 earum
1968 2915 2122 2971 testi-

528 3012 723 3066 ιιιοιιίἰς
746 3027 805 3067 se
830 3012 1078 3068 occulunt
1102 3027 1164 3068 ac
1181 3012 1422 3067 nituntur
1441 3011 1575 3065 tueri
1600 3027 1613 3064 :
1642 3028 1663 3062 ι
1694 3015 1749 3064 et
1765 3009 1844 3064 sic
1858 3008 1941 3063 vis
1961 3025 1981 3059 ι
2012 3006 2123 3062 dis-

530 3104 864 3171 putatoribus
896 3119 1002 3159 non
1026 3102 1377 3176 przejudicare
1404 3103 1681 3158 catholicis
1704 3100 1980 3166 nonnulla,
2000 3113 2121 3170 quae

524 3192 596 3248 ah
625 3193 722 3256 eis,
750 3212 769 3246 ι
800 3195 938 3249 sicut
979 3203 1153 3265 putas,
1194 3213 1213 3247 ι
1243 3194 1504 3249 incautius
1552 3193 1666 3249 fusa
1690 3211 1710 3245 ι
1753 3190 1908 3247 vobis
1934 3190 2123 3261 objici-

526 3299 666 3340 mus.
716 3285 853 3354 Quid
901 3293 986 3341 est
1027 3285 1165 3354 hoc,
1195 3285 1298 3341 nisi
1335 3285 1516 3342 dicere
1543 3285 1703 3339 etiam
1742 3284 1794 3338 iu
1829 3282 2120 3353 Scripturis

516 3375 762 3440 sanctis,
804 3390 867 3432 ea
906 3390 1026 3446 qua:
1063 3390 1162 3446 pro
1186 3391 1247 3430 se
1272 3382 1531 3446 usurpant
1555 3373 1825 3441 lueretici,
1857 3371 2120 3427 incautius

525 3465 641 3521 fusa
683 3484 845 3532 esse,
893 3478 949 3523 et
989 3467 1111 3524 ideo
1150 3484 1281 3524 vera
1317 3483 1423 3524 non
1466 3468 1625 3523 esse?
1652 3466 1768 3534 Quo
1805 3464 2118 3521 sceleratius

523 3558 653 3628 quid
680 3568 854 3629 potest
879 3559 1027 3615 dici?
1054 3560 1160 3614 Aut
1179 3559 1225 3613 si
1254 3558 1342 3614 illa
1369 3573 1495 3614 vera
1510 3567 1654 3623 sunt,
1685 3556 1779 3612 sed
1809 3555 1877 3611 ab
1901 3554 2117 3609 hmreti-

521 3650 606 3705 cis
641 3667 747 3706 non
790 3652 860 3706 ita
900 3651 1266 3723 intelliguntur
1310 3660 1369 3707 ut
1395 3660 1519 3707 sunt
1548 3668 1564 3705 :
1591 3651 1720 3705 nihil
1745 3649 1919 3715 simile
1958 3647 2119 3702 habet

525 3740 641 3796 hare
683 3744 1042 3815 comparatio;
1082 3745 1335 3815 quoniam
1375 3743 1516 3800 dicta
1556 3744 1641 3799 vel
1685 3741 1989 3806 Ambroii,
2033 3740 2117 3795 vel

522 3834 797 3906 Cypriani,
826 3837 909 3891 vel
935 3837 1163 3892 aliorum
1190 3836 1571 3892 catholicorum
1592 3876 1607 3900 ,
1638 3850 1758 3906 qua:
1794 3843 1982 3890 contra
2020 3846 2118 3887 vos

529 3926 809 3994 ponimus,
850 3927 895 3981 si
942 3942 1068 3982 vera
1116 3943 1236 3983 esse
1280 3928 1644 3994 concesseris,
1689 3918 1963 3997 peccatum
2005 3926 2116 3980 ori-

523 4014 701 4084 ginale
743 4015 1002 4071 firmabis.
1051 4016 1319 4083 Proinde,
1364 4016 1812 4087 quemadmodum
1848 4032 1947 4073 nos
1992 4032 2114 4072 cum

526 4106 632 4161 illis
659 4115 715 4163 et
753 4106 1031 4164 laudamus
1056 4110 1266 4179 nuptias
1285 4150 1300 4175 ,
1332 4119 1385 4165 et
1422 4111 1644 4166 liberum
1680 4110 1997 4166 confitemur
2024 4127 2115 4166 ar-

525 4199 760 4266 bitrium,
789 4208 844 4256 et
879 4201 1215 4257 defendimus
1238 4203 1593 4259 innocentiam
1626 4221 1640 4258 :
1673 4203 1752 4259 sic
1778 4213 1831 4258 tu
1862 4219 1982 4259 cum
2015 4204 2116 4258 illis

527 4289 616 4345 die
643 4292 890 4361 parvulos
917 4308 1022 4348 non
1062 4309 1182 4350 esse
1208 4303 1455 4364 expertes
1492 4294 1706 4361 delicti;
1748 4296 1983 4365 alioquin
2017 4310 2116 4350 nos

527 4395 713 4436 sumus
737 4397 859 4437 cum
888 4382 990 4448 eis,
1031 4391 1088 4438 tu
1127 4383 1386 4439 adversus
1418 4400 1533 4441 eos.
1563 4387 1779 4441 illorum
1806 4388 1948 4441 enim
1974 4387 2115 4442 dicta

531 4486 637 4526 nou
677 4470 937 4538 defendis,
976 4482 1035 4527 ut
1079 4474 1421 4543 promiseras,
1470 4476 1564 4532 sed
1603 4477 1974 4545 reprehendis.
2002 4477 2115 4532 Tuo

525 4562 723 4633 quippe
747 4562 1016 4638 dogmate,
1040 4580 1160 4619 cum
1183 4567 1391 4635 cogaris
1416 4566 1506 4621 illa
1527 4568 1743 4637 culpare
1764 4577 1817 4622 et
1839 4568 1970 4624 falsa
1996 4584 2116 4624 esse

522 4654 847 4711 contendere
863 4696 878 4721 ,
908 4656 1053 4713 nullo
1075 4654 1237 4712 modo
1256 4658 1447 4714 sineris
1461 4660 1863 4716 auctoritatibus
1884 4661 1901 4692 ¹
1928 4676 2115 4718 eorum

522 4746 891 4805 defensionem
918 4765 1078 4820 quam
1103 4750 1486 4821 speponderas,
1513 4752 1767 4809 exhibere
1796 4771 1809 4808 :
1837 4754 1960 4825 quia
1988 4763 2044 4810 et
2064 4755 2116 4809 iu

524 4841 867 4897 accusatione
889 4842 910 4873 ⁸
937 4840 1183 4897 adulator
1206 4858 1327 4899 esse
1355 4846 1585 4911 conaris,
1625 4855 1680 4901 et
1719 4845 1771 4900 iu
1812 4846 2118 4903 adulatione

526 4931 944 5000 deprehenderis
963 4944 1263 4991 accusator.

598 5020 780 5076 CXIV.
808 5022 927 5078 Jun.
970 5023 1162 5081 Libere
1202 5026 1380 5096 itaque
1415 5027 1659 5096 conjecto
1699 5037 1755 5083 ct
1796 5029 2115 5099 pronuntio,

527 5111 777 5182 quoniam
807 5114 853 5167 si
879 5128 1065 5170 eorum
1093 5116 1284 5186 aliquis
1305 5116 1389 5172 his
1412 5128 1716 5186 superesset
1739 5119 1945 5186 diebus,
1972 5121 2121 5176 vide-

528 5213 717 5273 retque
745 5207 1064 5262 exstinctum
1089 5209 1384 5278 disciplina:
1408 5210 1712 5266 christiame
1736 5212 1918 5277 decus,
1949 5215 2121 5268 otian-

532 5303 639 5349 tem
681 5294 732 5349 in
763 5296 1012 5352 omnibus
1038 5298 1259 5355 liberam
1285 5300 1609 5356 voluntatem
1629 5344 1643 5363 .
1674 5312 1832 5375 atque
1867 5306 2120 5360 affectan-

530 5393 638 5438 tem
670 5384 932 5455 imputare
962 5389 1266 5444 necessitati
1292 5391 1547 5462 quidquid
1589 5406 1780 5465 sponte
1813 5400 2117 5466 committit,

526 5476 968 5545 vituperationem
1013 5494 1225 5549 quoque
1257 5496 1476 5551 operum
1515 5484 1641 5553 Dei,
1684 5489 2121 5560 eversioucmque

528 5556 659 5640 legis
687 5568 803 5639 ejus
844 5569 944 5625 sub
986 5570 1202 5627 nomine
1246 5573 1534 5632 ittefticacis
1574 5579 1759 5648 gratiae
1806 5556 2123 5651 populorum

591 5724 608 5757 ι
643 5724 720 5794 sic
761 5731 867 5797 Mss.
893 5732 942 5797 to
966 5725 1128 5790 vign.,
1169 5732 1218 5779 et
1238 5725 1363 5793 falsa
1385 5744 1487 5783 esse
1528 5735 1778 5787 ostendere
1817 5735 1949 5791 nullo
1981 5739 2124 5793 modo

526 5789 702 5837 muris
724 5789 1014 5839 auctoribus.

595 5849 614 5880 ο
648 5852 807 5910 Forte,
828 5847 1153 5902 excusatione.

1204 443 1453 501 OPERIS
1493 436 1907 496 IMPERFECTI
1942 433 2217 491 CONTRA
2255 432 2615 505 JULIANUM,
2657 434 2717 492 S.
2758 434 3125 494 AUGUSTINI

3678 440 3818 500 “00

2229 549 2449 606 auribus
2494 551 2762 620 intimari;
2803 563 2915 610 toto
2955 563 3143 611 contra
3168 569 3265 611 vos
3309 545 3434 612 felle
3458 566 3768 614 moveretur
3797 580 3815 615 :

2228 642 2562 711 perpendens
2590 645 2749 700 etiam
2770 656 3044 715 peccatum
3071 648 3314 703 naturale
3336 663 3373 702 a
3393 647 3679 704 Manichma
3705 665 3815 706 non

2226 746 2384 802 posse
2412 733 2686 805 impietate
2708 736 2963 803 discerni,
2993 737 3149 793 fidem
3171 738 3489 794 catholicam
3513 747 3606 795 aut
3631 754 3813 797 emen-

2223 822 2364 893 datis
2396 834 2488 879 aut
2513 825 2883 882 condemnatis
2922 827 3094 896 vobis,
3135 838 3191 884 et
3238 830 3448 900 planius
3493 838 3731 888 tueretur
3759 842 3817 888 et

2224 914 2452 969 cautius.
2986 946 2991 949 -

2296 1005 2430 1061 Ave.
2469 1005 2577 1062 Cur
2613 1021 2742 1078 ergo
2785 1008 3081 1066 emendatis
3129 1011 3320 1077 nobis,
3350 1021 3406 1067 et
3432 1028 3538 1067 non
3562 1012 3722 1069 etiam
3753 1029 3812 1070 se

2224 1094 2390 1165 ipsis?
2411 1096 2513 1154 Ubi
2531 1099 2773 1170 estquod
2804 1111 2855 1156 te
2874 1101 3041 1159 libere
3063 1104 3363 1173 conjectare
3391 1114 3444 1160 et
3470 1105 3812 1175 pronuntiare

2225 1188 2584 1257 promiseras?
2613 1192 2752 1248 Ecce
2778 1208 2877 1248 nec
2903 1194 3069 1250 libera
3092 1204 3177 1252 est
3205 1205 3292 1250 tua
3333 1196 3538 1251 vanitas
3556 1235 3572 1262 ,
3598 1207 3650 1261 et
3679 1196 3811 1252 falsa

2223 1277 2445 1334 libertas
2477 1298 2491 1336 :
2519 1281 2738 1336 timuisti
2767 1284 2908 1338 enim
2936 1284 3137 1351 dicere,
3159 1285 3299 1356 quod
3330 1286 3374 1340 si
3403 1286 3485 1342 his
3508 1285 3696 1342 diebus
3721 1300 3813 1341 su-

2225 1380 2467 1442 peresset
2491 1372 2823 1441 Ambrosius,
2853 1377 3005 1433 vobis
3030 1377 3244 1444 auditis,
3273 1378 3501 1448 primum
3527 1392 3587 1435 se
3615 1381 3806 1449 ipsum,

2224 1460 2417 1518 deinde
2443 1480 2540 1519 nos
2565 1467 2908 1534 emendaret;
2931 1469 3025 1523 sed
3052 1471 3202 1539 quasi
3234 1469 3394 1524 homo
3415 1471 3549 1526 liber
3570 1471 3672 1527 hoc
3694 1486 3811 1527 mu-

2225 1555 2325 1610 tire
2341 1554 2652 1626 formidans,
2673 1568 2850 1627 tamen
2876 1561 3095 1632 intelligi
3114 1562 3344 1617 voluisti.
3364 1563 3438 1617 Eu
3455 1578 3560 1633 quo
3581 1562 3810 1620 devene-

2224 1656 2349 1702 runt
2371 1647 2424 1702 hi
2454 1648 2601 1714 dies,
2632 1659 2689 1704 ut
2715 1651 2766 1704 in
2793 1650 2873 1706 eis
2898 1652 3240 1718 Ambrosius,
3274 1654 3318 1708 si
3347 1655 3661 1716 hicn-iveret
3682 1696 3696 1721 ,
3723 1656 3810 1710 di-

2223 1745 2398 1791 sceret
2441 1752 2502 1792 se
2530 1737 2694 1794 fuisse
2735 1739 3118 1809 Maniehteum,
3148 1754 3202 1799 et
3245 1744 3426 1799 audito
3451 1744 3663 1800 Juliano
3684 1786 3700 1811 ,
3725 1745 3810 1802 vel

2222 1827 2478 1884 leestio
2496 1870 2512 1897 ,
2545 1830 2628 1886 vel
2656 1832 2772 1900 ipso
2797 1832 3012 1904 Pelagio
3031 1875 3046 1899 ,
3074 1849 3192 1890 esse
3216 1835 3435 1891 ulterius
3461 1853 3566 1892 non
3591 1838 3810 1907 debere,

2223 1916 2319 1973 sed
2368 1934 2436 1974 ex
2480 1920 2571 1975 illa
2614 1921 2816 1978 nefaria
2861 1925 3161 1994 pestilentia
3190 1927 3341 1983 vobis
3384 1928 3813 1998 prmcipientibus

2223 2009 2637 2080 curantibusqu
2672 2014 2875 2068 sanari.
2910 2013 3077 2081 Quale
3122 2017 3483 2086 spectaculum
3514 2020 3692 2076 animo
3714 2037 3811 2077 eo-

2221 2097 2438 2167 gitantis
2486 2103 2761 2158 occurrit?
2807 2105 2964 2174 quale
3014 2118 3194 2172 esset,
3241 2108 3424 2163 videre
3472 2110 3812 2168 Ambrosium

2223 2198 2451 2244 stantem
2470 2232 2484 2256 ,
2517 2193 2601 2247 vel
2629 2194 2676 2249 si
2704 2195 2792 2250 ille
2819 2198 3170 2267 permitteret,
3202 2198 3478 2256 sedentem
3506 2213 3630 2259 ante
3657 2203 3812 2259 Pela-

2223 2281 2403 2350 gium,
2456 2293 2618 2354 atque
2672 2286 2967 2344 discentem
3019 2290 3324 2360 paradisum
3378 2307 3576 2348 novam
3625 2297 3807 2351 szeculi

2226 2370 2386 2441 hujus
2424 2374 2815 2433 calamitatibus
2845 2379 3058 2448 plenum
3076 2420 3092 2448 ,
3128 2396 3262 2450 quas
3290 2381 3535 2438 videmus
3565 2386 3812 2453 parvulos

2223 2464 2453 2533 perpeti,
2496 2464 2585 2521 ubi
2615 2482 2837 2525 necesse
2873 2478 3045 2535 esset,
3075 2471 3285 2527 etiamsi
3315 2488 3473 2527 nemo
3517 2485 3808 2544 peccasset,

2224 2565 2441 2608 carnem
2485 2556 2862 2625 concupiscere
2905 2558 3162 2615 adversus
3204 2562 3487 2631 spiritum;
3533 2572 3588 2618 et
3632 2579 3700 2620 ne
3743 2564 3813 2620 ad

2224 2640 2405 2695 illicita
2435 2658 2499 2697 ac
2524 2643 2785 2715 ﬂagitiosa
2829 2649 3184 2718 pertraheret,
3229 2652 3610 2722 concupiscere
3651 2655 3812 2711 etiam

2223 2730 2471 2801 spiritum
2531 2734 2791 2793 adversus
2847 2752 3066 2795 carnem
3112 2757 3128 2795 :
3190 2756 3350 2812 quam
3421 2743 3809 2801 dissensionem

2222 2820 2400 2878 dicere
2424 2824 2626 2882 soleret
2649 2827 2984 2898 Ambrosius,
3014 2846 3111 2901 per
3140 2834 3628 2902 przevaricationem
3655 2836 3817 2907 primi

2223 2910 2456 2969 hominis
2503 2914 2558 2970 in
2602 2915 2877 2974 hominum
2926 2922 3148 2977 vertisse
3196 2931 3439 2978 naturam
3488 2923 3643 2997 (Lib.
3693 2927 3723 2979 Ἰ
3759 2927 3815 2981 in
3900 2926 3913 2935 ’

2222 3004 2349 3060 Luc.
2375 3006 2502 3078 xu);
2535 3009 2632 3066 sed
2655 3011 2765 3081 jam
2788 3012 2888 3068 sub
2913 3014 3064 3069 vobis
3083 3016 3349 3086 magistris
3376 3016 3558 3075 dicere
3583 3034 3689 3074 non
3719 3034 3813 3075 auo

2221 3096 2417 3153 deret?
2445 3099 2674 3159 Necesse
2713 3120 2925 3175 quoque
2950 3116 3095 3163 esset
3123 3108 3176 3163 in
3215 3109 3305 3163 tali
3338 3110 3585 3180 paradiso
3614 3113 3815 3183 pallere

2220 3201 2595 3260 prmgnantes,
2624 3193 2854 3250 tolerare
2896 3196 3053 3267 longa
3097 3197 3307 3255 fastidia
3331 3239 3347 3267 ,
3401 3216 3615 3272 gemere
3655 3213 3813 3275 atque

2223 3279 2426 3336 ululare
2452 3283 2749 3351 parientes;
2788 3298 2912 3341 cum
2952 3285 3186 3343 diversis
3212 3289 3356 3346 vitiis
3384 3289 3718 3361 ingeniorum
3759 3303 3815 3349 et

2220 3383 2504 3440 corporum
2525 3371 2772 3429 homines
2792 3376 2960 3442 nasci,
2986 3392 3290 3449 paucosque
3314 3379 3584 3450 cordatos,
3606 3383 3814 3440 minore

2220 3450 2457 3529 quidem,
2485 3477 2586 3518 nec
2611 3472 2788 3521 tamen
2810 3466 2928 3522 sine
2954 3468 3140 3524 labore
3166 3470 3373 3526 litteras
3395 3471 3625 3541 discere,
3654 3485 3815 3530 caete-

2220 3564 2310 3605 ros
2351 3551 2706 3611 tardiusculos
2741 3557 2856 3613 sive
2900 3559 3117 3628 tardos,
3148 3569 3204 3616 et
3247 3571 3395 3619 tanto
3422 3565 3590 3636 magis
3613 3575 3813 3637 quanto

2218 3640 2444 3713 quisque
2463 3651 2606 3699 esset
2630 3645 2848 3713 tardior,
2863 3656 2955 3704 aut
2974 3651 3184 3706 concidi
3199 3650 3385 3708 ferulis
3408 3654 3805 3726 magistrorum,

2218 3740 2312 3787 aut
2351 3733 2594 3790 indoctos
2638 3736 3021 3810 imperitosque
3067 3757 3320 3809 manere;
3352 3743 3525 3800 fatuos
3553 3761 3682 3802 vero
3708 3763 3810 3804 nec

2219 3824 2493 3894 magistris
2521 3826 2659 3896 dari,
2687 3828 2783 3885 sed
2811 3829 3075 3887 dolendus
3104 3832 3422 3890 ridendosve
3462 3837 3686 3904 nutriri;
3731 3838 3814 3894 in-

2219 3911 2412 3983 fantes,
2458 3927 2743 3989 antequam
2788 3922 3075 3993 quidquam
3119 3925 3245 3980 mali
3293 3937 3510 3997 possent
3556 3930 3691 3987 velle
3726 3932 3812 3989 vel

2218 4017 2399 4074 agere,
2429 4007 2618 4077 agitari
2642 4010 2861 4077 morbis,
2886 4016 3118 4085 torqueri
3137 4014 3427 4083 doloribus,
3457 4019 3815 4078 medicamen-

2220 4093 2287 4150 tis
2312 4097 2488 4152 curari
2518 4100 2882 4157 cruciantibus
2899 4105 2940 4169 ¹,
2969 4119 2999 4157 a
3027 4106 3362 4164 daemonibus
3391 4111 3606 4178 vexari,
3634 4114 3813 4183 exspi-

2218 4197 2338 4238 rare
2388 4189 2760 4256 superautibus
2805 4192 3065 4249 cladibus.
3111 4196 3167 4251 Si
3197 4212 3325 4253 vero
3358 4199 3473 4255 haec
3517 4200 3815 4261 exhorretis

2218 4275 2440 4331 credere
2465 4278 2628 4334 nollet
2655 4280 2991 4349 Ambrosius,
3016 4294 3072 4339 et
3096 4287 3444 4356 responderet
3470 4290 3584 4347 hzcc
3608 4294 3810 4360 omnia,

2218 4364 2263 4419 si
2295 4381 2452 4419 nemo
2478 4380 2786 4437 peccasset,
2819 4374 2964 4427 nullo
2994 4375 3154 4432 modo
3180 4377 3353 4433 futura
3380 4379 3544 4438 fuisse
3571 4382 3624 4437 in
3655 4392 3815 4439 tanta
3886 4424 3915 4439 ,-

2221 4456 2561 4514 beatitudinis
2595 4462 2746 4528 loco,
2793 4466 2884 4520 ubi
2933 4483 3032 4522 nec
3075 4478 3196 4539 post
3242 4484 3515 4540 peccaturo
3552 4490 3673 4531 esse
3716 4492 3814 4546 po-

2222 4556 2456 4617 tuerunt,
2506 4552 2693 4622 ejectis
2742 4556 2865 4611 inde
2915 4558 3055 4626 illis,
3105 4577 3331 4629 quorum
3379 4568 3815 4634 prmvaricatioue

2222 4640 2359 4694 mala
2388 4642 2487 4698 ista
2515 4655 2698 4701 secuta
2728 4657 2883 4715 sunt;
2913 4666 2976 4705 ac
3019 4667 3115 4721 per
3142 4652 3244 4708 hoc
3264 4655 3334 4711 de
3378 4658 3589 4712 miseria
3632 4664 3815 4717 venire

2221 4733 2550 4800 mortalium,
2581 4753 2701 4819 qua:
2732 4740 2873 4794 nulla
2902 4751 3084 4809 esset,
3119 4743 3221 4799 nisi
3253 4746 3568 4815 gravissimo
3595 4760 3814 4819 peccato

2221 4822 2377 4892 primi
2419 4810 2648 4880 hominis
2696 4838 2881 4884 natura
2927 4831 3157 4888 humana
3186 4810 3368 4892 vitiata
3415 4848 3574 4909 atque
3597 4810 3816 4898 'mutata

2222 4912 2325 4969 hoc
2352 4917 2606 4972 swculmn
2636 4927 2712 4975 tot
2742 4923 3007 4993 tantisque
3033 4926 3422 4984 calamitatibus
3450 4932 3665 5001 plenam
3695 4951 3818 5004 pro-

2223 5021 2419 5076 pagare
2450 5010 2766 5077 meruisset;
2797 5013 2885 5068 ubi
2914 5031 3012 5069 nec
3033 5016 3317 5087 redempti,
3341 5020 3451 5090 jam
3478 5024 3819 5092 sempiternre

2222 5097 2411 5153 salutis
2441 5100 2663 5171 pignore
2691 5115 2931 5176 accepto,
2960 5108 3114 5163 malis
3140 5109 3443 5178 lmjusmodi
3471 5125 3688 5181 carent;
3721 5117 3817 5171 sed

2223 5203 2345 5244 cum
2372 5191 2440 5246 de
2483 5192 2584 5248 hoc
2610 5196 2808 5273 smculo
2836 5198 3100 5267 exierint,
3135 5210 3261 5257 tunc
3284 5205 3541 5261 carebunt
3574 5225 3587 5261 :
3617 5207 3661 5261 si
3688 5223 3819 5277 ergo

2227 5279 2346 5334 talia
2390 5283 2741 5353 responderet
2780 5288 3095 5345 Ambrosius
3118 5332 3131 5358 ,
3178 5294 3452 5364 praeclaris
3492 5297 3816 5367 syllogismis

2224 5373 2418 5427 vestris
2444 5374 2817 5453 prohiberetur
2841 5378 2957 5436 haec
2985 5380 3163 5437 dicere
3181 5423 3196 5447 ,
3236 5399 3305 5439 ne
3332 5385 3537 5441 scilicet
3561 5389 3818 5457 concupi-

2225 5462 2428 5516 scentia
2451 5464 2629 5519 carnis
2654 5466 2973 5537 vituperata,
2999 5479 3056 5527 et
3076 5472 3568 5545 originali‘peccato
3591 5476 3819 5543 credito,

2225 5552 2423 5623 nuptiae
2460 5553 2874 5626 damnarentur,
2920 5561 3144 5618 liberum
3188 5563 3487 5622 auferretur
3511 5567 3821 5635 arbitrium,

2227 5644 2654 5715 vituperarentur
2681 5664 2842 5719 opera
2870 5652 3003 5718 Dei,
3030 5663 3084 5709 et
3107 5654 3208 5711 sub
3235 5656 3454 5713 nomine
3480 5657 3665 5729 gratim.
3690 5656 3824 5727 legis

2228 5734 2441 5791 eversio
2466 5747 2798 5808 sequeretur.
2827 5740 2941 5797 Non
2971 5743 3052 5800 sic
3074 5744 3252 5816 plane,
3275 5761 3381 5805 non
3407 5747 3507 5806 sic.
3531 5745 3823 5806 Erubesci-

2297 5864 2310 5896 ¹
2348 5865 2419 5916 sic
2451 5874 2553 5918 Mss.
2575 5867 2690 5919 Editi
2708 5883 2841 5932 vero,
2866 5872 3171 5927 cruciatibus.
