  <div class='ocr_page' id='page_1' title='image "/cluster/home/n/w/nwhite01/storage/ocr_20150623/44-45/uc1.31175026792435/714.png"; bbox 0 0 4150 6500; ppageno 0'>
   <div class='ocr_carea' id='block_1_1' title="bbox 366 300 504 360">
    <p class='ocr_par' dir='ltr' id='par_1_1' title="bbox 366 300 504 360">
     <span class='ocr_line' id='line_1_1' title="bbox 366 300 504 360; baseline -0.029 0"><span class='ocrx_word' id='word_1_1' title='bbox 366 300 504 360; x_wconf 62' lang='grc' dir='ltr'><strong>μω</strong></span> 
     </span>
    </p>
   </div>
   <div class='ocr_carea' id='block_1_2' title="bbox 364 405 1948 484">
    <p class='ocr_par' dir='ltr' id='par_1_2' title="bbox 364 405 1948 484">
     <span class='ocr_line' id='line_1_2' title="bbox 364 405 1948 484; baseline -0.009 -11"><span class='ocrx_word' id='word_1_2' title='bbox 364 427 437 476; x_wconf 86' lang='lat' dir='ltr'><strong>te.</strong></span> <span class='ocrx_word' id='word_1_3' title='bbox 470 413 551 472; x_wconf 90' lang='lat' dir='ltr'><strong>vel</strong></span> <span class='ocrx_word' id='word_1_4' title='bbox 582 412 753 484; x_wconf 99' lang='lat' dir='ltr'><strong>potius</strong></span> <span class='ocrx_word' id='word_1_5' title='bbox 794 410 1130 481; x_wconf 86' lang='lat' dir='ltr'><strong>cxpavescitc</strong></span> <span class='ocrx_word' id='word_1_6' title='bbox 1160 408 1281 463; x_wconf 87' lang='lat' dir='ltr'><strong>talia</strong></span> <span class='ocrx_word' id='word_1_7' title='bbox 1311 407 1565 477; x_wconf 91' lang='lat' dir='ltr'><strong>cogitare.</strong></span> <span class='ocrx_word' id='word_1_8' title='bbox 1610 406 1720 461; x_wconf 85' lang='lat' dir='ltr'><strong>imo</strong></span> <span class='ocrx_word' id='word_1_9' title='bbox 1749 420 1876 460; x_wconf 90' lang='lat' dir='ltr'><strong>vero</strong></span> <span class='ocrx_word' id='word_1_10' title='bbox 1900 405 1948 458; x_wconf 80' lang='lat' dir='ltr'><strong>si</strong></span> 
     </span>
    </p>
   </div>
   <div class='ocr_carea' id='block_1_3' title="bbox 362 500 1950 575">
    <p class='ocr_par' dir='ltr' id='par_1_3' title="bbox 362 500 1950 575">
     <span class='ocr_line' id='line_1_3' title="bbox 362 500 1950 575; baseline -0.006 -13"><span class='ocrx_word' id='word_1_11' title='bbox 362 511 445 563; x_wconf 85' lang='lat' dir='ltr'><strong>vir</strong></span> <span class='ocrx_word' id='word_1_12' title='bbox 472 508 560 562; x_wconf 89' lang='lat' dir='ltr'><strong>ille</strong></span> <span class='ocrx_word' id='word_1_13' title='bbox 589 513 928 575; x_wconf 88' lang='lat' dir='ltr'><strong>superesset,</strong></span> <span class='ocrx_word' id='word_1_14' title='bbox 970 503 1136 558; x_wconf 85' lang='lat' dir='ltr'><strong>multo</strong></span> <span class='ocrx_word' id='word_1_15' title='bbox 1161 500 1530 557; x_wconf 90' lang='lat' dir='ltr'><strong>vehementius</strong></span> <span class='ocrx_word' id='word_1_16' title='bbox 1567 515 1727 571; x_wconf 89' lang='lat' dir='ltr'><strong>quam</strong></span> <span class='ocrx_word' id='word_1_17' title='bbox 1770 514 1870 554; x_wconf 85' lang='lat' dir='ltr'><strong>nos</strong></span> <span class='ocrx_word' id='word_1_18' title='bbox 1897 506 1950 553; x_wconf 90' lang='lat' dir='ltr'><strong>et</strong></span> 
     </span>
    </p>
   </div>
   <div class='ocr_carea' id='block_1_4' title="bbox 361 579 1949 663">
    <p class='ocr_par' dir='ltr' id='par_1_4' title="bbox 361 579 1949 663">
     <span class='ocr_line' id='line_1_4' title="bbox 361 579 1949 663; baseline -0.004 -12"><span class='ocrx_word' id='word_1_19' title='bbox 361 579 688 651; x_wconf 60' lang='lat' dir='ltr'><strong>auctoratius</strong></span> <span class='ocrx_word' id='word_1_20' title='bbox 712 594 863 650; x_wconf 87' lang='lat' dir='ltr'><strong>vobis</strong></span> <span class='ocrx_word' id='word_1_21' title='bbox 887 608 984 663; x_wconf 91' lang='lat' dir='ltr'><strong>pro</strong></span> <span class='ocrx_word' id='word_1_22' title='bbox 1007 591 1266 648; x_wconf 88' lang='lat' dir='ltr'><strong>catholica</strong></span> <span class='ocrx_word' id='word_1_23' title='bbox 1313 590 1417 646; x_wconf 82' lang='lat' dir='ltr'><strong>ﬁde</strong></span> <span class='ocrx_word' id='word_1_24' title='bbox 1443 599 1496 646; x_wconf 92' lang='lat' dir='ltr'><strong>et</strong></span> <span class='ocrx_word' id='word_1_25' title='bbox 1527 605 1624 660; x_wconf 89' lang='lat' dir='ltr'><strong>pro</strong></span> <span class='ocrx_word' id='word_1_26' title='bbox 1664 591 1757 645; x_wconf 90' lang='lat' dir='ltr'><strong>Dei</strong></span> <span class='ocrx_word' id='word_1_27' title='bbox 1783 590 1949 661; x_wconf 85' lang='lat' dir='ltr'><strong>gratia</strong></span> 
     </span>
    </p>
   </div>
   <div class='ocr_carea' id='block_1_5' title="bbox 361 680 1946 755">
    <p class='ocr_par' dir='ltr' id='par_1_5' title="bbox 361 680 1946 755">
     <span class='ocr_line' id='line_1_5' title="bbox 361 680 1946 755; baseline -0.004 -16"><span class='ocrx_word' id='word_1_28' title='bbox 361 688 446 741; x_wconf 98' lang='lat' dir='ltr'><strong>vel</strong></span> <span class='ocrx_word' id='word_1_29' title='bbox 488 686 734 755; x_wconf 63' lang='lat' dir='ltr'><strong>(equitate</strong></span> <span class='ocrx_word' id='word_1_30' title='bbox 758 684 1052 749; x_wconf 76' lang='lat' dir='ltr'><strong>resisteret,</strong></span> <span class='ocrx_word' id='word_1_31' title='bbox 1078 697 1237 752; x_wconf 90' lang='lat' dir='ltr'><strong>quam</strong></span> <span class='ocrx_word' id='word_1_32' title='bbox 1269 697 1376 737; x_wconf 91' lang='lat' dir='ltr'><strong>non</strong></span> <span class='ocrx_word' id='word_1_33' title='bbox 1413 682 1520 736; x_wconf 91' lang='lat' dir='ltr'><strong>sint</strong></span> <span class='ocrx_word' id='word_1_34' title='bbox 1546 680 1946 751; x_wconf 89' lang='lat' dir='ltr'><strong>consequentia,</strong></span> 
     </span>
    </p>
   </div>
   <div class='ocr_carea' id='block_1_6' title="bbox 361 772 1949 847">
    <p class='ocr_par' dir='ltr' id='par_1_6' title="bbox 361 772 1949 847">
     <span class='ocr_line' id='line_1_6' title="bbox 361 772 1949 847; baseline -0.001 -18"><span class='ocrx_word' id='word_1_35' title='bbox 361 792 479 847; x_wconf 70' lang='lat' dir='ltr'><strong>qua!</strong></span> <span class='ocrx_word' id='word_1_36' title='bbox 495 775 868 846; x_wconf 79' lang='lat' dir='ltr'><strong>consequentia</strong></span> <span class='ocrx_word' id='word_1_37' title='bbox 886 774 1100 845; x_wconf 79' lang='lat' dir='ltr'><strong>putatis,</strong></span> <span class='ocrx_word' id='word_1_38' title='bbox 1120 772 1439 839; x_wconf 90' lang='lat' dir='ltr'><strong>ostendens;</strong></span> <span class='ocrx_word' id='word_1_39' title='bbox 1464 774 1583 845; x_wconf 84' lang='lat' dir='ltr'><strong>quia</strong></span> <span class='ocrx_word' id='word_1_40' title='bbox 1604 782 1659 829; x_wconf 90' lang='lat' dir='ltr'><strong>et</strong></span> <span class='ocrx_word' id='word_1_41' title='bbox 1682 784 1825 830; x_wconf 88' lang='lat' dir='ltr'><strong>recte</strong></span> <span class='ocrx_word' id='word_1_42' title='bbox 1845 774 1949 828; x_wconf 88' lang='lat' dir='ltr'><strong>vivi</strong></span> 
     </span>
    </p>
   </div>
   <div class='ocr_carea' id='block_1_7' title="bbox 361 865 1946 936">
    <p class='ocr_par' dir='ltr' id='par_1_7' title="bbox 361 865 1946 936">
     <span class='ocr_line' id='line_1_7' title="bbox 361 865 1946 936; baseline -0.002 -16"><span class='ocrx_word' id='word_1_43' title='bbox 361 876 574 936; x_wconf 79' lang='lat' dir='ltr'><strong>potest,</strong></span> <span class='ocrx_word' id='word_1_44' title='bbox 604 882 708 920; x_wconf 92' lang='lat' dir='ltr'><strong>non</strong></span> <span class='ocrx_word' id='word_1_45' title='bbox 740 866 889 936; x_wconf 82' lang='lat' dir='ltr'><strong>pulsa</strong></span> <span class='ocrx_word' id='word_1_46' title='bbox 934 880 1032 920; x_wconf 90' lang='lat' dir='ltr'><strong>nec</strong></span> <span class='ocrx_word' id='word_1_47' title='bbox 1061 865 1269 919; x_wconf 88' lang='lat' dir='ltr'><strong>laudata</strong></span> <span class='ocrx_word' id='word_1_48' title='bbox 1319 865 1456 920; x_wconf 87' lang='lat' dir='ltr'><strong>mala</strong></span> <span class='ocrx_word' id='word_1_49' title='bbox 1497 865 1946 935; x_wconf 89' lang='lat' dir='ltr'><strong>concupiscentia,</strong></span> 
     </span>
    </p>
   </div>
   <div class='ocr_carea' id='block_1_8' title="bbox 359 954 1949 1027">
    <p class='ocr_par' dir='ltr' id='par_1_8' title="bbox 359 954 1949 1027">
     <span class='ocr_line' id='line_1_8' title="bbox 359 954 1949 1027; baseline -0.001 -16"><span class='ocrx_word' id='word_1_50' title='bbox 359 958 453 1012; x_wconf 85' lang='lat' dir='ltr'><strong>sed</strong></span> <span class='ocrx_word' id='word_1_51' title='bbox 484 956 721 1022; x_wconf 79' lang='lat' dir='ltr'><strong>frenata;</strong></span> <span class='ocrx_word' id='word_1_52' title='bbox 767 972 865 1011; x_wconf 88' lang='lat' dir='ltr'><strong>nec</strong></span> <span class='ocrx_word' id='word_1_53' title='bbox 902 957 1146 1027; x_wconf 76' lang='lat' dir='ltr'><strong>culpatur</strong></span> <span class='ocrx_word' id='word_1_54' title='bbox 1182 964 1386 1010; x_wconf 75' lang='lat' dir='ltr'><strong>natura:</strong></span> <span class='ocrx_word' id='word_1_55' title='bbox 1419 954 1707 1020; x_wconf 76' lang='lat' dir='ltr'><strong>Conditor,</strong></span> <span class='ocrx_word' id='word_1_56' title='bbox 1736 955 1949 1025; x_wconf 88' lang='lat' dir='ltr'><strong>quando</strong></span> 
     </span>
    </p>
   </div>
   <div class='ocr_carea' id='block_1_9' title="bbox 262 1047 1945 1128">
    <p class='ocr_par' dir='ltr' id='par_1_9' title="bbox 262 1047 1945 1128">
     <span class='ocr_line' id='line_1_9' title="bbox 262 1047 1945 1128; baseline 0.002 -29"><span class='ocrx_word' id='word_1_57' title='bbox 262 1056 313 1128; x_wconf 45' lang='grc' dir='ltr'>ᾗ</span> <span class='ocrx_word' id='word_1_58' title='bbox 360 1048 427 1101; x_wconf 86' lang='lat' dir='ltr'><strong>ah</strong></span> <span class='ocrx_word' id='word_1_59' title='bbox 455 1048 551 1125; x_wconf 74' lang='lat' dir='ltr'><strong>illo</strong></span> <span class='ocrx_word' id='word_1_60' title='bbox 589 1047 825 1102; x_wconf 88' lang='lat' dir='ltr'><strong>sananda</strong></span> <span class='ocrx_word' id='word_1_61' title='bbox 872 1055 1218 1111; x_wconf 81' lang='lat' dir='ltr'><strong>monstratur,</strong></span> <span class='ocrx_word' id='word_1_62' title='bbox 1265 1062 1383 1117; x_wconf 73' lang='lat' dir='ltr'><strong>qua:</strong></span> <span class='ocrx_word' id='word_1_63' title='bbox 1410 1047 1478 1101; x_wconf 89' lang='lat' dir='ltr'><strong>ab</strong></span> <span class='ocrx_word' id='word_1_64' title='bbox 1525 1047 1741 1102; x_wconf 89' lang='lat' dir='ltr'><strong>inimico</strong></span> <span class='ocrx_word' id='word_1_65' title='bbox 1772 1047 1945 1102; x_wconf 88' lang='lat' dir='ltr'><strong>vitiari</strong></span> 
     </span>
    </p>
   </div>
   <div class='ocr_carea' id='block_1_10' title="bbox 359 1137 1948 1209">
    <p class='ocr_par' dir='ltr' id='par_1_10' title="bbox 359 1137 1948 1209">
     <span class='ocr_line' id='line_1_10' title="bbox 359 1137 1948 1209; baseline 0.002 -19"><span class='ocrx_word' id='word_1_66' title='bbox 359 1139 549 1209; x_wconf 89' lang='lat' dir='ltr'><strong>potuit,</strong></span> <span class='ocrx_word' id='word_1_67' title='bbox 583 1153 685 1192; x_wconf 86' lang='lat' dir='ltr'><strong>non</strong></span> <span class='ocrx_word' id='word_1_68' title='bbox 714 1138 918 1202; x_wconf 85' lang='lat' dir='ltr'><strong>creari;</strong></span> <span class='ocrx_word' id='word_1_69' title='bbox 953 1152 1050 1193; x_wconf 91' lang='lat' dir='ltr'><strong>nec</strong></span> <span class='ocrx_word' id='word_1_70' title='bbox 1076 1137 1393 1192; x_wconf 88' lang='lat' dir='ltr'><strong>damnantur</strong></span> <span class='ocrx_word' id='word_1_71' title='bbox 1416 1138 1633 1208; x_wconf 74' lang='lat' dir='ltr'><strong>nuptim,</strong></span> <span class='ocrx_word' id='word_1_72' title='bbox 1664 1153 1782 1207; x_wconf 77' lang='lat' dir='ltr'><strong>qua:</strong></span> <span class='ocrx_word' id='word_1_73' title='bbox 1810 1138 1948 1193; x_wconf 82' lang='lat' dir='ltr'><strong>bene</strong></span> 
     </span>
    </p>
   </div>
   <div class='ocr_carea' id='block_1_11' title="bbox 362 1227 2002 1298">
    <p class='ocr_par' dir='ltr' id='par_1_11' title="bbox 362 1227 2002 1298">
     <span class='ocr_line' id='line_1_11' title="bbox 362 1227 2002 1298; baseline 0.001 -16"><span class='ocrx_word' id='word_1_74' title='bbox 362 1238 581 1282; x_wconf 92' lang='lat' dir='ltr'><strong>utuntur</strong></span> <span class='ocrx_word' id='word_1_75' title='bbox 608 1227 850 1298; x_wconf 87' lang='lat' dir='ltr'><strong>pudenda</strong></span> <span class='ocrx_word' id='word_1_76' title='bbox 882 1227 1132 1295; x_wconf 83' lang='lat' dir='ltr'><strong>libidine;</strong></span> <span class='ocrx_word' id='word_1_77' title='bbox 1159 1242 1257 1283; x_wconf 87' lang='lat' dir='ltr'><strong>nec</strong></span> <span class='ocrx_word' id='word_1_78' title='bbox 1280 1228 1503 1284; x_wconf 87' lang='lat' dir='ltr'><strong>liberum</strong></span> <span class='ocrx_word' id='word_1_79' title='bbox 1535 1227 1773 1283; x_wconf 79' lang='lat' dir='ltr'><strong>aufertur</strong></span> <span class='ocrx_word' id='word_1_80' title='bbox 1800 1228 1946 1282; x_wconf 64' lang='lat' dir='ltr'><strong>arbiv</strong></span> <span class='ocrx_word' id='word_1_81' title='bbox 1998 1281 2002 1284; x_wconf 84' lang='lat'><strong>.</strong></span> 
     </span>
    </p>
   </div>
   <div class='ocr_carea' id='block_1_12' title="bbox 361 1317 1947 1387">
    <p class='ocr_par' dir='ltr' id='par_1_12' title="bbox 361 1317 1947 1387">
     <span class='ocr_line' id='line_1_12' title="bbox 361 1317 1947 1387; baseline 0.001 -17"><span class='ocrx_word' id='word_1_82' title='bbox 361 1319 542 1385; x_wconf 89' lang='lat' dir='ltr'><strong>trium,</strong></span> <span class='ocrx_word' id='word_1_83' title='bbox 566 1317 657 1373; x_wconf 89' lang='lat' dir='ltr'><strong>sed</strong></span> <span class='ocrx_word' id='word_1_84' title='bbox 675 1317 824 1387; x_wconf 87' lang='lat' dir='ltr'><strong>cujus</strong></span> <span class='ocrx_word' id='word_1_85' title='bbox 843 1318 1100 1374; x_wconf 75' lang='lat' dir='ltr'><strong>beneficio</strong></span> <span class='ocrx_word' id='word_1_86' title='bbox 1123 1319 1193 1374; x_wconf 91' lang='lat' dir='ltr'><strong>sit</strong></span> <span class='ocrx_word' id='word_1_87' title='bbox 1220 1318 1272 1373; x_wconf 93' lang='lat' dir='ltr'><strong>in</strong></span> <span class='ocrx_word' id='word_1_88' title='bbox 1295 1318 1437 1375; x_wconf 88' lang='lat' dir='ltr'><strong>bono</strong></span> <span class='ocrx_word' id='word_1_89' title='bbox 1463 1318 1689 1372; x_wconf 89' lang='lat' dir='ltr'><strong>liberum</strong></span> <span class='ocrx_word' id='word_1_90' title='bbox 1708 1317 1947 1373; x_wconf 84' lang='lat' dir='ltr'><strong>ostendi-</strong></span> 
     </span>
    </p>
   </div>
   <div class='ocr_carea' id='block_1_13' title="bbox 361 1408 1944 1481">
    <p class='ocr_par' dir='ltr' id='par_1_13' title="bbox 361 1408 1944 1481">
     <span class='ocr_line' id='line_1_13' title="bbox 361 1408 1944 1481; baseline 0 -19"><span class='ocrx_word' id='word_1_91' title='bbox 361 1417 476 1471; x_wconf 89' lang='lat' dir='ltr'><strong>tur;</strong></span> <span class='ocrx_word' id='word_1_92' title='bbox 510 1424 608 1463; x_wconf 86' lang='lat' dir='ltr'><strong>nec</strong></span> <span class='ocrx_word' id='word_1_93' title='bbox 650 1409 735 1464; x_wconf 82' lang='lat' dir='ltr'><strong>lex</strong></span> <span class='ocrx_word' id='word_1_94' title='bbox 777 1417 1064 1464; x_wconf 86' lang='lat' dir='ltr'><strong>evacuatur</strong></span> <span class='ocrx_word' id='word_1_95' title='bbox 1098 1424 1195 1480; x_wconf 92' lang='lat' dir='ltr'><strong>per</strong></span> <span class='ocrx_word' id='word_1_96' title='bbox 1242 1408 1485 1480; x_wconf 78' lang='lat' dir='ltr'><strong>gratiam,</strong></span> <span class='ocrx_word' id='word_1_97' title='bbox 1534 1408 1628 1481; x_wconf 85' lang='lat' dir='ltr'><strong>sed</strong></span> <span class='ocrx_word' id='word_1_98' title='bbox 1673 1409 1944 1479; x_wconf 86' lang='lat' dir='ltr'><strong>impletur.</strong></span> 
     </span>
    </p>
   </div>
   <div class='ocr_carea' id='block_1_14' title="bbox 362 1498 1946 1569">
    <p class='ocr_par' dir='ltr' id='par_1_14' title="bbox 362 1498 1946 1569">
     <span class='ocr_line' id='line_1_14' title="bbox 362 1498 1946 1569; baseline 0.001 -17"><span class='ocrx_word' id='word_1_99' title='bbox 362 1498 486 1554; x_wconf 73' lang='lat' dir='ltr'><strong>llmc</strong></span> <span class='ocrx_word' id='word_1_100' title='bbox 510 1498 597 1553; x_wconf 89' lang='lat' dir='ltr'><strong>ille</strong></span> <span class='ocrx_word' id='word_1_101' title='bbox 622 1498 813 1553; x_wconf 88' lang='lat' dir='ltr'><strong>doctor</strong></span> <span class='ocrx_word' id='word_1_102' title='bbox 834 1500 1078 1568; x_wconf 88' lang='lat' dir='ltr'><strong>egregius</strong></span> <span class='ocrx_word' id='word_1_103' title='bbox 1108 1500 1319 1569; x_wconf 83' lang='lat' dir='ltr'><strong>egregie</strong></span> <span class='ocrx_word' id='word_1_104' title='bbox 1344 1499 1656 1566; x_wconf 79' lang='lat' dir='ltr'><strong>diSputaret,</strong></span> <span class='ocrx_word' id='word_1_105' title='bbox 1688 1509 1741 1554; x_wconf 92' lang='lat' dir='ltr'><strong>et</strong></span> <span class='ocrx_word' id='word_1_106' title='bbox 1768 1500 1821 1553; x_wconf 94' lang='lat' dir='ltr'><strong>in</strong></span> <span class='ocrx_word' id='word_1_107' title='bbox 1852 1515 1946 1554; x_wconf 85' lang='lat' dir='ltr'><strong>ve-</strong></span> 
     </span>
    </p>
   </div>
   <div class='ocr_carea' id='block_1_15' title="bbox 360 1576 1948 1661">
    <p class='ocr_par' dir='ltr' id='par_1_15' title="bbox 360 1576 1948 1661">
     <span class='ocr_line' id='line_1_15' title="bbox 360 1576 1948 1661; baseline 0.001 -20"><span class='ocrx_word' id='word_1_108' title='bbox 360 1576 498 1642; x_wconf 74' lang='lat' dir='ltr'><strong>Stras</strong></span> <span class='ocrx_word' id='word_1_109' title='bbox 528 1588 689 1643; x_wconf 80' lang='lat' dir='ltr'><strong>facies</strong></span> <span class='ocrx_word' id='word_1_110' title='bbox 726 1589 1058 1658; x_wconf 90' lang='lat' dir='ltr'><strong>impudentes</strong></span> <span class='ocrx_word' id='word_1_111' title='bbox 1082 1629 1097 1654; x_wconf 91' lang='lat'><strong>,</strong></span> <span class='ocrx_word' id='word_1_112' title='bbox 1141 1590 1229 1643; x_wconf 92' lang='lat' dir='ltr'><strong>illa</strong></span> <span class='ocrx_word' id='word_1_113' title='bbox 1257 1604 1375 1659; x_wconf 71' lang='lat' dir='ltr'><strong>qum</strong></span> <span class='ocrx_word' id='word_1_114' title='bbox 1400 1591 1643 1658; x_wconf 85' lang='lat' dir='ltr'><strong>superius</strong></span> <span class='ocrx_word' id='word_1_115' title='bbox 1686 1590 1754 1645; x_wconf 91' lang='lat' dir='ltr'><strong>de</strong></span> <span class='ocrx_word' id='word_1_116' title='bbox 1792 1605 1948 1661; x_wconf 59' lang='lat' dir='ltr'><strong>para.-</strong></span> 
     </span>
    </p>
   </div>
   <div class='ocr_carea' id='block_1_16' title="bbox 360 1679 1947 1745">
    <p class='ocr_par' dir='ltr' id='par_1_16' title="bbox 360 1679 1947 1745">
     <span class='ocr_line' id='line_1_16' title="bbox 360 1679 1947 1745; baseline 0.001 -12"><span class='ocrx_word' id='word_1_117' title='bbox 360 1679 478 1733; x_wconf 89' lang='lat' dir='ltr'><strong>diso</strong></span> <span class='ocrx_word' id='word_1_118' title='bbox 507 1688 685 1734; x_wconf 83' lang='lat' dir='ltr'><strong>vestro</strong></span> <span class='ocrx_word' id='word_1_119' title='bbox 708 1680 965 1745; x_wconf 77' lang='lat' dir='ltr'><strong>diximus,</strong></span> <span class='ocrx_word' id='word_1_120' title='bbox 999 1690 1055 1736; x_wconf 91' lang='lat' dir='ltr'><strong>et</strong></span> <span class='ocrx_word' id='word_1_121' title='bbox 1079 1690 1314 1735; x_wconf 90' lang='lat' dir='ltr'><strong>vestrum</strong></span> <span class='ocrx_word' id='word_1_122' title='bbox 1345 1694 1581 1734; x_wconf 87' lang='lat' dir='ltr'><strong>errorem</strong></span> <span class='ocrx_word' id='word_1_123' title='bbox 1608 1696 1734 1736; x_wconf 82' lang='lat' dir='ltr'><strong>vere</strong></span> <span class='ocrx_word' id='word_1_124' title='bbox 1762 1694 1947 1736; x_wconf 86' lang='lat' dir='ltr'><strong>conse-</strong></span> 
     </span>
    </p>
   </div>
   <div class='ocr_carea' id='block_1_17' title="bbox 359 1769 1945 1840">
    <p class='ocr_par' dir='ltr' id='par_1_17' title="bbox 359 1769 1945 1840">
     <span class='ocr_line' id='line_1_17' title="bbox 359 1769 1945 1840; baseline 0.003 -18"><span class='ocrx_word' id='word_1_125' title='bbox 359 1778 612 1840; x_wconf 89' lang='lat' dir='ltr'><strong>quuntur,</strong></span> <span class='ocrx_word' id='word_1_126' title='bbox 645 1769 793 1825; x_wconf 88' lang='lat' dir='ltr'><strong>etab</strong></span> <span class='ocrx_word' id='word_1_127' title='bbox 817 1771 1063 1825; x_wconf 89' lang='lat' dir='ltr'><strong>omnibus</strong></span> <span class='ocrx_word' id='word_1_128' title='bbox 1100 1770 1404 1825; x_wconf 89' lang='lat' dir='ltr'><strong>hominibus</strong></span> <span class='ocrx_word' id='word_1_129' title='bbox 1456 1778 1702 1840; x_wconf 82' lang='lat' dir='ltr'><strong>tanquam</strong></span> <span class='ocrx_word' id='word_1_130' title='bbox 1752 1785 1945 1827; x_wconf 84' lang='lat' dir='ltr'><strong>vesana</strong></span> 
     </span>
    </p>
   </div>
   <div class='ocr_carea' id='block_1_18' title="bbox 360 1857 1947 1929">
    <p class='ocr_par' dir='ltr' id='par_1_18' title="bbox 360 1857 1947 1929">
     <span class='ocr_line' id='line_1_18' title="bbox 360 1857 1947 1929; baseline 0.001 -17"><span class='ocrx_word' id='word_1_131' title='bbox 360 1867 519 1929; x_wconf 87' lang='lat' dir='ltr'><strong>atque</strong></span> <span class='ocrx_word' id='word_1_132' title='bbox 571 1857 768 1914; x_wconf 80' lang='lat' dir='ltr'><strong>furiosa</strong></span> <span class='ocrx_word' id='word_1_133' title='bbox 824 1859 909 1915; x_wconf 89' lang='lat' dir='ltr'><strong>vel</strong></span> <span class='ocrx_word' id='word_1_134' title='bbox 961 1859 1233 1927; x_wconf 84' lang='lat' dir='ltr'><strong>ridentur,</strong></span> <span class='ocrx_word' id='word_1_135' title='bbox 1285 1859 1370 1914; x_wconf 87' lang='lat' dir='ltr'><strong>vel</strong></span> <span class='ocrx_word' id='word_1_136' title='bbox 1415 1859 1791 1927; x_wconf 82' lang='lat' dir='ltr'><strong>exhorrentur,</strong></span> <span class='ocrx_word' id='word_1_137' title='bbox 1846 1860 1947 1915; x_wconf 86' lang='lat' dir='ltr'><strong>illi-</strong></span> 
     </span>
    </p>
   </div>
   <div class='ocr_carea' id='block_1_19' title="bbox 361 1947 532 2005">
    <p class='ocr_par' dir='ltr' id='par_1_19' title="bbox 361 1947 532 2005">
     <span class='ocr_line' id='line_1_19' title="bbox 361 1947 532 2005; baseline 0.006 -4"><span class='ocrx_word' id='word_1_138' title='bbox 361 1947 532 2005; x_wconf 89' lang='lat' dir='ltr'><strong>deret.</strong></span> 
     </span>
    </p>
   </div>
   <div class='ocr_carea' id='block_1_20' title="bbox 431 2038 1948 2111">
    <p class='ocr_par' dir='ltr' id='par_1_20' title="bbox 431 2038 1948 2111">
     <span class='ocr_line' id='line_1_20' title="bbox 431 2038 1948 2111; baseline -0.001 -14"><span class='ocrx_word' id='word_1_139' title='bbox 431 2039 588 2097; x_wconf 85' lang='lat' dir='ltr'><strong>CXV.</strong></span> <span class='ocrx_word' id='word_1_140' title='bbox 615 2039 734 2095; x_wconf 71' lang='grc' dir='ltr'><strong>ιω..</strong></span> <span class='ocrx_word' id='word_1_141' title='bbox 760 2038 943 2111; x_wconf 83' lang='lat' dir='ltr'><strong>Neque</strong></span> <span class='ocrx_word' id='word_1_142' title='bbox 970 2039 1112 2095; x_wconf 91' lang='lat' dir='ltr'><strong>enim</strong></span> <span class='ocrx_word' id='word_1_143' title='bbox 1142 2039 1195 2094; x_wconf 93' lang='lat' dir='ltr'><strong>in</strong></span> <span class='ocrx_word' id='word_1_144' title='bbox 1220 2038 1343 2111; x_wconf 85' lang='lat' dir='ltr'><strong>jure</strong></span> <span class='ocrx_word' id='word_1_145' title='bbox 1369 2039 1680 2111; x_wconf 87' lang='lat' dir='ltr'><strong>cujusquam</strong></span> <span class='ocrx_word' id='word_1_146' title='bbox 1708 2049 1790 2097; x_wconf 90' lang='lat' dir='ltr'><strong>est</strong></span> <span class='ocrx_word' id='word_1_147' title='bbox 1815 2041 1948 2098; x_wconf 84' lang='lat' dir='ltr'><strong>deli-</strong></span> 
     </span>
    </p>
   </div>
   <div class='ocr_carea' id='block_1_21' title="bbox 361 2130 1945 2201">
    <p class='ocr_par' dir='ltr' id='par_1_21' title="bbox 361 2130 1945 2201">
     <span class='ocr_line' id='line_1_21' title="bbox 361 2130 1945 2201; baseline 0.001 -16"><span class='ocrx_word' id='word_1_148' title='bbox 361 2131 468 2185; x_wconf 88' lang='lat' dir='ltr'><strong>nita</strong></span> <span class='ocrx_word' id='word_1_149' title='bbox 494 2131 765 2201; x_wconf 86' lang='lat' dir='ltr'><strong>suscipere</strong></span> <span class='ocrx_word' id='word_1_150' title='bbox 786 2172 802 2197; x_wconf 97' lang='lat'><strong>,</strong></span> <span class='ocrx_word' id='word_1_151' title='bbox 831 2138 886 2185; x_wconf 94' lang='lat' dir='ltr'><strong>et</strong></span> <span class='ocrx_word' id='word_1_152' title='bbox 921 2146 1040 2200; x_wconf 77' lang='lat' dir='ltr'><strong>qua:</strong></span> <span class='ocrx_word' id='word_1_153' title='bbox 1069 2140 1467 2199; x_wconf 89' lang='lat' dir='ltr'><strong>consequuntur</strong></span> <span class='ocrx_word' id='word_1_154' title='bbox 1507 2130 1812 2187; x_wconf 82' lang='lat' dir='ltr'><strong>excludere.</strong></span> <span class='ocrx_word' id='word_1_155' title='bbox 1845 2131 1945 2197; x_wconf 82' lang='lat' dir='ltr'><strong>Qui</strong></span> 
     </span>
    </p>
   </div>
   <div class='ocr_carea' id='block_1_22' title="bbox 360 2221 1949 2294">
    <p class='ocr_par' dir='ltr' id='par_1_22' title="bbox 360 2221 1949 2294">
     <span class='ocr_line' id='line_1_22' title="bbox 360 2221 1949 2294; baseline -0.001 -17"><span class='ocrx_word' id='word_1_156' title='bbox 360 2238 489 2294; x_wconf 88' lang='lat' dir='ltr'><strong>ergo</strong></span> <span class='ocrx_word' id='word_1_157' title='bbox 515 2223 642 2278; x_wconf 91' lang='lat' dir='ltr'><strong>dicit</strong></span> <span class='ocrx_word' id='word_1_158' title='bbox 671 2232 886 2293; x_wconf 84' lang='lat' dir='ltr'><strong>propter</strong></span> <span class='ocrx_word' id='word_1_159' title='bbox 924 2222 1027 2277; x_wconf 91' lang='lat' dir='ltr'><strong>hoc</strong></span> <span class='ocrx_word' id='word_1_160' title='bbox 1062 2222 1308 2292; x_wconf 90' lang='lat' dir='ltr'><strong>parvulos</strong></span> <span class='ocrx_word' id='word_1_161' title='bbox 1340 2222 1407 2276; x_wconf 88' lang='lat' dir='ltr'><strong>ad</strong></span> <span class='ocrx_word' id='word_1_162' title='bbox 1431 2221 1521 2291; x_wconf 87' lang='lat' dir='ltr'><strong>jus</strong></span> <span class='ocrx_word' id='word_1_163' title='bbox 1548 2222 1745 2279; x_wconf 85' lang='lat' dir='ltr'><strong>diaboli</strong></span> <span class='ocrx_word' id='word_1_164' title='bbox 1780 2222 1949 2292; x_wconf 80' lang='lat' dir='ltr'><strong>perti-</strong></span> 
     </span>
    </p>
   </div>
   <div class='ocr_carea' id='block_1_23' title="bbox 362 2312 1945 2384">
    <p class='ocr_par' dir='ltr' id='par_1_23' title="bbox 362 2312 1945 2384">
     <span class='ocr_line' id='line_1_23' title="bbox 362 2312 1945 2384; baseline -0.002 -15"><span class='ocrx_word' id='word_1_165' title='bbox 362 2329 512 2379; x_wconf 87' lang='lat' dir='ltr'><strong>nere,</strong></span> <span class='ocrx_word' id='word_1_166' title='bbox 562 2315 811 2384; x_wconf 90' lang='lat' dir='ltr'><strong>quoniam</strong></span> <span class='ocrx_word' id='word_1_167' title='bbox 855 2313 924 2369; x_wconf 88' lang='lat' dir='ltr'><strong>de</strong></span> <span class='ocrx_word' id='word_1_168' title='bbox 973 2328 1136 2371; x_wconf 87' lang='lat' dir='ltr'><strong>sexus</strong></span> <span class='ocrx_word' id='word_1_169' title='bbox 1172 2312 1551 2368; x_wconf 79' lang='lat' dir='ltr'><strong>commixtione</strong></span> <span class='ocrx_word' id='word_1_170' title='bbox 1593 2322 1945 2383; x_wconf 77' lang='lat' dir='ltr'><strong>generantur;</strong></span> 
     </span>
    </p>
   </div>
   <div class='ocr_carea' id='block_1_24' title="bbox 361 2403 1948 2475">
    <p class='ocr_par' dir='ltr' id='par_1_24' title="bbox 361 2403 1948 2475">
     <span class='ocr_line' id='line_1_24' title="bbox 361 2403 1948 2475; baseline 0.001 -18"><span class='ocrx_word' id='word_1_171' title='bbox 361 2406 477 2460; x_wconf 84' lang='lat' dir='ltr'><strong>sine</strong></span> <span class='ocrx_word' id='word_1_172' title='bbox 502 2404 667 2460; x_wconf 90' lang='lat' dir='ltr'><strong>dubio</strong></span> <span class='ocrx_word' id='word_1_173' title='bbox 693 2405 861 2474; x_wconf 85' lang='lat' dir='ltr'><strong>ipsam</strong></span> <span class='ocrx_word' id='word_1_174' title='bbox 891 2404 1345 2469; x_wconf 87' lang='lat' dir='ltr'><strong>commixtionem,</strong></span> <span class='ocrx_word' id='word_1_175' title='bbox 1374 2403 1427 2459; x_wconf 90' lang='lat' dir='ltr'><strong>in</strong></span> <span class='ocrx_word' id='word_1_176' title='bbox 1453 2419 1560 2475; x_wconf 89' lang='lat' dir='ltr'><strong>qua</strong></span> <span class='ocrx_word' id='word_1_177' title='bbox 1582 2413 1787 2459; x_wconf 68' lang='lat' dir='ltr'><strong>natura:</strong></span> <span class='ocrx_word' id='word_1_178' title='bbox 1814 2418 1948 2474; x_wconf 86' lang='lat' dir='ltr'><strong>Opus</strong></span> 
     </span>
    </p>
   </div>
   <div class='ocr_carea' id='block_1_25' title="bbox 360 2496 1767 2568">
    <p class='ocr_par' dir='ltr' id='par_1_25' title="bbox 360 2496 1767 2568">
     <span class='ocr_line' id='line_1_25' title="bbox 360 2496 1767 2568; baseline -0.003 -15"><span class='ocrx_word' id='word_1_179' title='bbox 360 2507 462 2564; x_wconf 87' lang='lat' dir='ltr'><strong>est,</strong></span> <span class='ocrx_word' id='word_1_180' title='bbox 490 2514 611 2554; x_wconf 88' lang='lat' dir='ltr'><strong>cum</strong></span> <span class='ocrx_word' id='word_1_181' title='bbox 645 2506 849 2552; x_wconf 69' lang='lat' dir='ltr'><strong>natura:</strong></span> <span class='ocrx_word' id='word_1_182' title='bbox 879 2499 1044 2568; x_wconf 83' lang='lat' dir='ltr'><strong>ipsius</strong></span> <span class='ocrx_word' id='word_1_183' title='bbox 1074 2497 1402 2551; x_wconf 88' lang='lat' dir='ltr'><strong>institutione</strong></span> <span class='ocrx_word' id='word_1_184' title='bbox 1425 2496 1767 2552; x_wconf 83' lang='lat' dir='ltr'><strong>condemnat.</strong></span> 
     </span>
    </p>
   </div>
   <div class='ocr_carea' id='block_1_26' title="bbox 430 2587 1949 2661">
    <p class='ocr_par' dir='ltr' id='par_1_26' title="bbox 430 2587 1949 2661">
     <span class='ocr_line' id='line_1_26' title="bbox 430 2587 1949 2661; baseline 0 -17"><span class='ocrx_word' id='word_1_185' title='bbox 430 2593 563 2646; x_wconf 82' lang='lat' dir='ltr'><strong>Anc.</strong></span> <span class='ocrx_word' id='word_1_186' title='bbox 611 2590 728 2645; x_wconf 85' lang='lat' dir='ltr'><strong>Tibi</strong></span> <span class='ocrx_word' id='word_1_187' title='bbox 776 2589 990 2661; x_wconf 87' lang='lat' dir='ltr'><strong>quidem</strong></span> <span class='ocrx_word' id='word_1_188' title='bbox 1040 2590 1141 2644; x_wconf 89' lang='lat' dir='ltr'><strong>hoc</strong></span> <span class='ocrx_word' id='word_1_189' title='bbox 1184 2588 1395 2644; x_wconf 89' lang='lat' dir='ltr'><strong>videtur</strong></span> <span class='ocrx_word' id='word_1_190' title='bbox 1422 2607 1437 2643; x_wconf 90' lang='lat'><strong>:</strong></span> <span class='ocrx_word' id='word_1_191' title='bbox 1466 2587 1560 2643; x_wconf 89' lang='lat' dir='ltr'><strong>sed</strong></span> <span class='ocrx_word' id='word_1_192' title='bbox 1605 2604 1793 2644; x_wconf 90' lang='lat' dir='ltr'><strong>verum</strong></span> <span class='ocrx_word' id='word_1_193' title='bbox 1841 2602 1949 2644; x_wconf 86' lang='lat' dir='ltr'><strong>non</strong></span> 
     </span>
    </p>
   </div>
   <div class='ocr_carea' id='block_1_27' title="bbox 359 2679 1951 2755">
    <p class='ocr_par' dir='ltr' id='par_1_27' title="bbox 359 2679 1951 2755">
     <span class='ocr_line' id='line_1_27' title="bbox 359 2679 1951 2755; baseline -0.001 -18"><span class='ocrx_word' id='word_1_194' title='bbox 359 2697 478 2737; x_wconf 88' lang='lat' dir='ltr'><strong>esse</strong></span> <span class='ocrx_word' id='word_1_195' title='bbox 519 2682 693 2753; x_wconf 92' lang='lat' dir='ltr'><strong>(quod</strong></span> <span class='ocrx_word' id='word_1_196' title='bbox 724 2692 777 2736; x_wconf 93' lang='lat' dir='ltr'><strong>tu</strong></span> <span class='ocrx_word' id='word_1_197' title='bbox 808 2698 914 2736; x_wconf 89' lang='lat' dir='ltr'><strong>non</strong></span> <span class='ocrx_word' id='word_1_198' title='bbox 958 2679 1129 2755; x_wconf 84' lang='lat' dir='ltr'><strong>vides)</strong></span> <span class='ocrx_word' id='word_1_199' title='bbox 1156 2680 1288 2736; x_wconf 83' lang='lat' dir='ltr'><strong>vidit</strong></span> <span class='ocrx_word' id='word_1_200' title='bbox 1318 2680 1629 2735; x_wconf 87' lang='lat' dir='ltr'><strong>Ambrosius</strong></span> <span class='ocrx_word' id='word_1_201' title='bbox 1652 2722 1669 2747; x_wconf 97' lang='lat'><strong>,</strong></span> <span class='ocrx_word' id='word_1_202' title='bbox 1699 2679 1790 2750; x_wconf 87' lang='lat' dir='ltr'><strong>qui</strong></span> <span class='ocrx_word' id='word_1_203' title='bbox 1818 2679 1951 2736; x_wconf 81' lang='lat' dir='ltr'><strong>dixit</strong></span> 
     </span>
    </p>
   </div>
   <div class='ocr_carea' id='block_1_28' title="bbox 358 2772 2009 2843">
    <p class='ocr_par' dir='ltr' id='par_1_28' title="bbox 358 2772 2009 2843">
     <span class='ocr_line' id='line_1_28' title="bbox 358 2772 2009 2843; baseline -0.001 -15"><span class='ocrx_word' id='word_1_204' title='bbox 358 2784 606 2843; x_wconf 84' lang='lat' dir='ltr'><strong>expertes</strong></span> <span class='ocrx_word' id='word_1_205' title='bbox 634 2789 737 2827; x_wconf 91' lang='lat' dir='ltr'><strong>non</strong></span> <span class='ocrx_word' id='word_1_206' title='bbox 769 2788 887 2828; x_wconf 87' lang='lat' dir='ltr'><strong>esse</strong></span> <span class='ocrx_word' id='word_1_207' title='bbox 916 2773 1098 2827; x_wconf 91' lang='lat' dir='ltr'><strong>delicti</strong></span> <span class='ocrx_word' id='word_1_208' title='bbox 1139 2788 1205 2828; x_wconf 86' lang='lat' dir='ltr'><strong>ex</strong></span> <span class='ocrx_word' id='word_1_209' title='bbox 1244 2773 1362 2827; x_wconf 91' lang='lat' dir='ltr'><strong>viro</strong></span> <span class='ocrx_word' id='word_1_210' title='bbox 1388 2781 1441 2827; x_wconf 93' lang='lat' dir='ltr'><strong>et</strong></span> <span class='ocrx_word' id='word_1_211' title='bbox 1470 2772 1728 2836; x_wconf 83' lang='lat' dir='ltr'><strong>muliere,</strong></span> <span class='ocrx_word' id='word_1_212' title='bbox 1759 2772 1807 2826; x_wconf 90' lang='lat' dir='ltr'><strong>id</strong></span> <span class='ocrx_word' id='word_1_213' title='bbox 1836 2781 1947 2839; x_wconf 78' lang='lat' dir='ltr'><strong>est.</strong></span> <span class='ocrx_word' id='word_1_214' title='bbox 1998 2806 2009 2819; x_wconf 63' lang='grc' dir='ltr'>ι</span> 
     </span>
    </p>
   </div>
   <div class='ocr_carea' id='block_1_29' title="bbox 360 2861 1947 2935">
    <p class='ocr_par' dir='ltr' id='par_1_29' title="bbox 360 2861 1947 2935">
     <span class='ocr_line' id='line_1_29' title="bbox 360 2861 1947 2935; baseline -0.001 -14"><span class='ocrx_word' id='word_1_215' title='bbox 360 2881 456 2935; x_wconf 87' lang='lat' dir='ltr'><strong>per</strong></span> <span class='ocrx_word' id='word_1_216' title='bbox 480 2865 622 2920; x_wconf 87' lang='lat' dir='ltr'><strong>illam</strong></span> <span class='ocrx_word' id='word_1_217' title='bbox 645 2864 1079 2919; x_wconf 83' lang='lat' dir='ltr'><strong>commixtionem</strong></span> <span class='ocrx_word' id='word_1_218' title='bbox 1101 2878 1385 2932; x_wconf 88' lang='lat' dir='ltr'><strong>corporum</strong></span> <span class='ocrx_word' id='word_1_219' title='bbox 1411 2872 1566 2919; x_wconf 87' lang='lat' dir='ltr'><strong>natos</strong></span> <span class='ocrx_word' id='word_1_220' title='bbox 1584 2862 1675 2935; x_wconf 86' lang='lat' dir='ltr'><strong>(In</strong></span> <span class='ocrx_word' id='word_1_221' title='bbox 1695 2861 1906 2933; x_wconf 80' lang='lat' dir='ltr'><strong>Isaiam)</strong></span> <span class='ocrx_word' id='word_1_222' title='bbox 1931 2881 1947 2919; x_wconf 87' lang='lat'><strong>:</strong></span> 
     </span>
    </p>
   </div>
   <div class='ocr_carea' id='block_1_30' title="bbox 360 2954 1952 3024">
    <p class='ocr_par' dir='ltr' id='par_1_30' title="bbox 360 2954 1952 3024">
     <span class='ocr_line' id='line_1_30' title="bbox 360 2954 1952 3024; baseline -0.001 -14"><span class='ocrx_word' id='word_1_223' title='bbox 360 2971 461 3011; x_wconf 88' lang='lat' dir='ltr'><strong>nec</strong></span> <span class='ocrx_word' id='word_1_224' title='bbox 490 2964 666 3010; x_wconf 91' lang='lat' dir='ltr'><strong>tamen</strong></span> <span class='ocrx_word' id='word_1_225' title='bbox 712 2956 879 3024; x_wconf 90' lang='lat' dir='ltr'><strong>ipsam</strong></span> <span class='ocrx_word' id='word_1_226' title='bbox 916 2954 1350 3009; x_wconf 81' lang='lat' dir='ltr'><strong>commixtionem</strong></span> <span class='ocrx_word' id='word_1_227' title='bbox 1397 2969 1517 3008; x_wconf 91' lang='lat' dir='ltr'><strong>cum</strong></span> <span class='ocrx_word' id='word_1_228' title='bbox 1556 2955 1720 3023; x_wconf 91' lang='lat' dir='ltr'><strong>ipsius</strong></span> <span class='ocrx_word' id='word_1_229' title='bbox 1748 2962 1952 3009; x_wconf 73' lang='lat' dir='ltr'><strong>natura:</strong></span> 
     </span>
    </p>
   </div>
   <div class='ocr_carea' id='block_1_31' title="bbox 360 3041 1951 3114">
    <p class='ocr_par' dir='ltr' id='par_1_31' title="bbox 360 3041 1951 3114">
     <span class='ocr_line' id='line_1_31' title="bbox 360 3041 1951 3114; baseline -0.001 -13"><span class='ocrx_word' id='word_1_230' title='bbox 360 3046 689 3102; x_wconf 87' lang='lat' dir='ltr'><strong>institutione</strong></span> <span class='ocrx_word' id='word_1_231' title='bbox 712 3044 1048 3100; x_wconf 89' lang='lat' dir='ltr'><strong>condemnat.</strong></span> <span class='ocrx_word' id='word_1_232' title='bbox 1078 3041 1399 3099; x_wconf 85' lang='lat' dir='ltr'><strong>Commixtio</strong></span> <span class='ocrx_word' id='word_1_233' title='bbox 1434 3044 1631 3114; x_wconf 87' lang='lat' dir='ltr'><strong>quippe</strong></span> <span class='ocrx_word' id='word_1_234' title='bbox 1665 3043 1951 3113; x_wconf 88' lang='lat' dir='ltr'><strong>conjugum</strong></span> 
     </span>
    </p>
   </div>
   <div class='ocr_carea' id='block_1_32' title="bbox 360 3133 1950 3208">
    <p class='ocr_par' dir='ltr' id='par_1_32' title="bbox 360 3133 1950 3208">
     <span class='ocr_line' id='line_1_32' title="bbox 360 3133 1950 3208; baseline -0.002 -17"><span class='ocrx_word' id='word_1_235' title='bbox 360 3135 675 3208; x_wconf 87' lang='lat' dir='ltr'><strong>procreandi</strong></span> <span class='ocrx_word' id='word_1_236' title='bbox 724 3149 925 3198; x_wconf 87' lang='lat' dir='ltr'><strong>causa,</strong></span> <span class='ocrx_word' id='word_1_237' title='bbox 978 3134 1176 3189; x_wconf 88' lang='lat' dir='ltr'><strong>bonum</strong></span> <span class='ocrx_word' id='word_1_238' title='bbox 1225 3141 1309 3189; x_wconf 88' lang='lat' dir='ltr'><strong>est</strong></span> <span class='ocrx_word' id='word_1_239' title='bbox 1355 3135 1702 3202; x_wconf 89' lang='lat' dir='ltr'><strong>nuptiarum:</strong></span> <span class='ocrx_word' id='word_1_240' title='bbox 1736 3133 1831 3189; x_wconf 90' lang='lat' dir='ltr'><strong>sed</strong></span> <span class='ocrx_word' id='word_1_241' title='bbox 1879 3133 1950 3188; x_wconf 90' lang='lat' dir='ltr'><strong>ita</strong></span> 
     </span>
    </p>
   </div>
   <div class='ocr_carea' id='block_1_33' title="bbox 360 3222 1948 3294">
    <p class='ocr_par' dir='ltr' id='par_1_33' title="bbox 360 3222 1948 3294">
     <span class='ocr_line' id='line_1_33' title="bbox 360 3222 1948 3294; baseline -0.001 -14"><span class='ocrx_word' id='word_1_242' title='bbox 360 3227 494 3280; x_wconf 81' lang='lat' dir='ltr'><strong>ﬁunt</strong></span> <span class='ocrx_word' id='word_1_243' title='bbox 534 3225 784 3279; x_wconf 90' lang='lat' dir='ltr'><strong>nonnulla</strong></span> <span class='ocrx_word' id='word_1_244' title='bbox 826 3239 986 3294; x_wconf 83' lang='lat' dir='ltr'><strong>Opera</strong></span> <span class='ocrx_word' id='word_1_245' title='bbox 1018 3223 1155 3278; x_wconf 89' lang='lat' dir='ltr'><strong>bona</strong></span> <span class='ocrx_word' id='word_1_246' title='bbox 1186 3239 1293 3281; x_wconf 93' lang='lat' dir='ltr'><strong>non</strong></span> <span class='ocrx_word' id='word_1_247' title='bbox 1336 3223 1454 3278; x_wconf 89' lang='lat' dir='ltr'><strong>sine</strong></span> <span class='ocrx_word' id='word_1_248' title='bbox 1499 3224 1641 3278; x_wconf 88' lang='lat' dir='ltr'><strong>malo</strong></span> <span class='ocrx_word' id='word_1_249' title='bbox 1669 3222 1948 3290; x_wconf 90' lang='lat' dir='ltr'><strong>vitiorum,</strong></span> 
     </span>
    </p>
   </div>
   <div class='ocr_carea' id='block_1_34' title="bbox 360 3314 1952 3386">
    <p class='ocr_par' dir='ltr' id='par_1_34' title="bbox 360 3314 1952 3386">
     <span class='ocr_line' id='line_1_34' title="bbox 360 3314 1952 3386; baseline 0.001 -15"><span class='ocrx_word' id='word_1_250' title='bbox 360 3317 499 3372; x_wconf 85' lang='lat' dir='ltr'><strong>sicut</strong></span> <span class='ocrx_word' id='word_1_251' title='bbox 534 3330 696 3386; x_wconf 86' lang='lat' dir='ltr'><strong>opera</strong></span> <span class='ocrx_word' id='word_1_252' title='bbox 724 3316 863 3371; x_wconf 89' lang='lat' dir='ltr'><strong>mala</strong></span> <span class='ocrx_word' id='word_1_253' title='bbox 894 3331 998 3370; x_wconf 94' lang='lat' dir='ltr'><strong>non</strong></span> <span class='ocrx_word' id='word_1_254' title='bbox 1029 3317 1146 3372; x_wconf 88' lang='lat' dir='ltr'><strong>sine</strong></span> <span class='ocrx_word' id='word_1_255' title='bbox 1178 3314 1321 3372; x_wconf 87' lang='lat' dir='ltr'><strong>bono</strong></span> <span class='ocrx_word' id='word_1_256' title='bbox 1360 3315 1744 3372; x_wconf 84' lang='lat' dir='ltr'><strong>membrorum.</strong></span> <span class='ocrx_word' id='word_1_257' title='bbox 1772 3316 1952 3386; x_wconf 87' lang='lat' dir='ltr'><strong>Quan-</strong></span> 
     </span>
    </p>
   </div>
   <div class='ocr_carea' id='block_1_35' title="bbox 363 3407 1952 3478">
    <p class='ocr_par' dir='ltr' id='par_1_35' title="bbox 363 3407 1952 3478">
     <span class='ocr_line' id='line_1_35' title="bbox 363 3407 1952 3478; baseline 0.001 -17"><span class='ocrx_word' id='word_1_258' title='bbox 363 3408 560 3463; x_wconf 90' lang='lat' dir='ltr'><strong>tislibet</strong></span> <span class='ocrx_word' id='word_1_259' title='bbox 586 3415 763 3463; x_wconf 85' lang='lat' dir='ltr'><strong>autem</strong></span> <span class='ocrx_word' id='word_1_260' title='bbox 803 3407 943 3462; x_wconf 91' lang='lat' dir='ltr'><strong>vitiis</strong></span> <span class='ocrx_word' id='word_1_261' title='bbox 960 3414 1204 3476; x_wconf 90' lang='lat' dir='ltr'><strong>turpetur</strong></span> <span class='ocrx_word' id='word_1_262' title='bbox 1238 3422 1587 3478; x_wconf 64' lang='lat' dir='ltr'><strong>quaecumque</strong></span> <span class='ocrx_word' id='word_1_263' title='bbox 1621 3417 1834 3474; x_wconf 87' lang='lat' dir='ltr'><strong>natura,</strong></span> <span class='ocrx_word' id='word_1_264' title='bbox 1865 3409 1952 3463; x_wconf 81' lang='lat' dir='ltr'><strong>in-</strong></span> 
     </span>
    </p>
   </div>
   <div class='ocr_carea' id='block_1_36' title="bbox 364 3497 1952 3568">
    <p class='ocr_par' dir='ltr' id='par_1_36' title="bbox 364 3497 1952 3568">
     <span class='ocr_line' id='line_1_36' title="bbox 364 3497 1952 3568; baseline -0.001 -15"><span class='ocrx_word' id='word_1_265' title='bbox 364 3499 566 3554; x_wconf 90' lang='lat' dir='ltr'><strong>stitutio</strong></span> <span class='ocrx_word' id='word_1_266' title='bbox 604 3498 723 3568; x_wconf 86' lang='lat' dir='ltr'><strong>ejus</strong></span> <span class='ocrx_word' id='word_1_267' title='bbox 769 3512 985 3567; x_wconf 85' lang='lat' dir='ltr'><strong>semper</strong></span> <span class='ocrx_word' id='word_1_268' title='bbox 1030 3506 1113 3553; x_wconf 85' lang='lat' dir='ltr'><strong>est</strong></span> <span class='ocrx_word' id='word_1_269' title='bbox 1159 3498 1319 3553; x_wconf 86' lang='lat' dir='ltr'><strong>bona.</strong></span> <span class='ocrx_word' id='word_1_270' title='bbox 1350 3497 1482 3552; x_wconf 89' lang='lat' dir='ltr'><strong>Nam</strong></span> <span class='ocrx_word' id='word_1_271' title='bbox 1523 3498 1661 3553; x_wconf 90' lang='lat' dir='ltr'><strong>sicut</strong></span> <span class='ocrx_word' id='word_1_272' title='bbox 1689 3498 1952 3553; x_wconf 79' lang='lat' dir='ltr'><strong>institutio</strong></span> 
     </span>
    </p>
   </div>
   <div class='ocr_carea' id='block_1_37' title="bbox 366 3588 1955 3660">
    <p class='ocr_par' dir='ltr' id='par_1_37' title="bbox 366 3588 1955 3660">
     <span class='ocr_line' id='line_1_37' title="bbox 366 3588 1955 3660; baseline 0.001 -18"><span class='ocrx_word' id='word_1_273' title='bbox 366 3589 606 3659; x_wconf 83' lang='lat' dir='ltr'><strong>corporis</strong></span> <span class='ocrx_word' id='word_1_274' title='bbox 659 3588 796 3643; x_wconf 89' lang='lat' dir='ltr'><strong>bona</strong></span> <span class='ocrx_word' id='word_1_275' title='bbox 851 3598 972 3656; x_wconf 88' lang='lat' dir='ltr'><strong>est,</strong></span> <span class='ocrx_word' id='word_1_276' title='bbox 1035 3591 1196 3653; x_wconf 82' lang='lat' dir='ltr'><strong>etiam</strong></span> <span class='ocrx_word' id='word_1_277' title='bbox 1251 3589 1464 3660; x_wconf 88' lang='lat' dir='ltr'><strong>quando</strong></span> <span class='ocrx_word' id='word_1_278' title='bbox 1515 3589 1751 3645; x_wconf 87' lang='lat' dir='ltr'><strong>nascitur</strong></span> <span class='ocrx_word' id='word_1_279' title='bbox 1809 3605 1955 3644; x_wconf 76' lang='lat' dir='ltr'><strong>mor-</strong></span> 
     </span>
    </p>
   </div>
   <div class='ocr_carea' id='block_1_38' title="bbox 366 3679 1954 3751">
    <p class='ocr_par' dir='ltr' id='par_1_38' title="bbox 366 3679 1954 3751">
     <span class='ocr_line' id='line_1_38' title="bbox 366 3679 1954 3751; baseline 0.003 -17"><span class='ocrx_word' id='word_1_280' title='bbox 366 3679 551 3745; x_wconf 89' lang='lat' dir='ltr'><strong>bidus;</strong></span> <span class='ocrx_word' id='word_1_281' title='bbox 591 3687 647 3736; x_wconf 91' lang='lat' dir='ltr'><strong>et</strong></span> <span class='ocrx_word' id='word_1_282' title='bbox 687 3679 946 3735; x_wconf 91' lang='lat' dir='ltr'><strong>institutio</strong></span> <span class='ocrx_word' id='word_1_283' title='bbox 984 3681 1146 3735; x_wconf 89' lang='lat' dir='ltr'><strong>animi</strong></span> <span class='ocrx_word' id='word_1_284' title='bbox 1191 3679 1330 3735; x_wconf 91' lang='lat' dir='ltr'><strong>bona</strong></span> <span class='ocrx_word' id='word_1_285' title='bbox 1374 3688 1489 3744; x_wconf 91' lang='lat' dir='ltr'><strong>est,</strong></span> <span class='ocrx_word' id='word_1_286' title='bbox 1532 3679 1692 3735; x_wconf 90' lang='lat' dir='ltr'><strong>etiam</strong></span> <span class='ocrx_word' id='word_1_287' title='bbox 1740 3680 1954 3751; x_wconf 86' lang='lat' dir='ltr'><strong>quando</strong></span> 
     </span>
    </p>
   </div>
   <div class='ocr_carea' id='block_1_39' title="bbox 366 3769 1953 3840">
    <p class='ocr_par' dir='ltr' id='par_1_39' title="bbox 366 3769 1953 3840">
     <span class='ocr_line' id='line_1_39' title="bbox 366 3769 1953 3840; baseline 0.003 -17"><span class='ocrx_word' id='word_1_288' title='bbox 366 3771 604 3825; x_wconf 86' lang='lat' dir='ltr'><strong>nascitur</strong></span> <span class='ocrx_word' id='word_1_289' title='bbox 646 3769 868 3825; x_wconf 83' lang='lat' dir='ltr'><strong>fatuus:</strong></span> <span class='ocrx_word' id='word_1_290' title='bbox 916 3770 995 3826; x_wconf 90' lang='lat' dir='ltr'><strong>sic</strong></span> <span class='ocrx_word' id='word_1_291' title='bbox 1036 3770 1298 3824; x_wconf 89' lang='lat' dir='ltr'><strong>institutio</strong></span> <span class='ocrx_word' id='word_1_292' title='bbox 1341 3769 1572 3825; x_wconf 84' lang='lat' dir='ltr'><strong>hominis</strong></span> <span class='ocrx_word' id='word_1_293' title='bbox 1611 3771 1774 3840; x_wconf 91' lang='lat' dir='ltr'><strong>ipsius</strong></span> <span class='ocrx_word' id='word_1_294' title='bbox 1814 3770 1953 3827; x_wconf 87' lang='lat' dir='ltr'><strong>bona</strong></span> 
     </span>
    </p>
   </div>
   <div class='ocr_carea' id='block_1_40' title="bbox 365 3860 1954 3932">
    <p class='ocr_par' dir='ltr' id='par_1_40' title="bbox 365 3860 1954 3932">
     <span class='ocr_line' id='line_1_40' title="bbox 365 3860 1954 3932; baseline 0.003 -18"><span class='ocrx_word' id='word_1_295' title='bbox 365 3869 468 3927; x_wconf 91' lang='lat' dir='ltr'><strong>est,</strong></span> <span class='ocrx_word' id='word_1_296' title='bbox 495 3860 708 3930; x_wconf 91' lang='lat' dir='ltr'><strong>quando</strong></span> <span class='ocrx_word' id='word_1_297' title='bbox 734 3860 1297 3930; x_wconf 83' lang='lat' dir='ltr'><strong>nascitur&#39;contagioni</strong></span> <span class='ocrx_word' id='word_1_298' title='bbox 1326 3860 1532 3931; x_wconf 89' lang='lat' dir='ltr'><strong>peccati</strong></span> <span class='ocrx_word' id='word_1_299' title='bbox 1560 3861 1832 3932; x_wconf 83' lang='lat' dir='ltr'><strong>originalis</strong></span> <span class='ocrx_word' id='word_1_300' title='bbox 1857 3862 1954 3919; x_wconf 88' lang='lat' dir='ltr'><strong>ob-</strong></span> 
     </span>
    </p>
   </div>
   <div class='ocr_carea' id='block_1_41' title="bbox 367 3952 577 4007">
    <p class='ocr_par' dir='ltr' id='par_1_41' title="bbox 367 3952 577 4007">
     <span class='ocr_line' id='line_1_41' title="bbox 367 3952 577 4007; baseline 0 -1"><span class='ocrx_word' id='word_1_301' title='bbox 367 3952 577 4007; x_wconf 87' lang='lat' dir='ltr'><strong>noxius.</strong></span> 
     </span>
    </p>
   </div>
   <div class='ocr_carea' id='block_1_42' title="bbox 436 4038 1957 4112">
    <p class='ocr_par' dir='ltr' id='par_1_42' title="bbox 436 4038 1957 4112">
     <span class='ocr_line' id='line_1_42' title="bbox 436 4038 1957 4112; baseline 0.002 -17"><span class='ocrx_word' id='word_1_302' title='bbox 436 4040 621 4095; x_wconf 78' lang='lat' dir='ltr'><strong>CXVI.</strong></span> <span class='ocrx_word' id='word_1_303' title='bbox 646 4039 767 4096; x_wconf 67' lang='lat' dir='ltr'><strong>Jun.</strong></span> <span class='ocrx_word' id='word_1_304' title='bbox 796 4038 947 4107; x_wconf 85' lang='lat' dir='ltr'><strong>Quod</strong></span> <span class='ocrx_word' id='word_1_305' title='bbox 973 4048 1065 4094; x_wconf 89' lang='lat' dir='ltr'><strong>aut</strong></span> <span class='ocrx_word' id='word_1_306' title='bbox 1095 4048 1379 4111; x_wconf 89' lang='lat' dir='ltr'><strong>utrumque</strong></span> <span class='ocrx_word' id='word_1_307' title='bbox 1405 4040 1560 4095; x_wconf 89' lang='lat' dir='ltr'><strong>simul</strong></span> <span class='ocrx_word' id='word_1_308' title='bbox 1593 4051 1835 4112; x_wconf 84' lang='lat' dir='ltr'><strong>negatur,</strong></span> <span class='ocrx_word' id='word_1_309' title='bbox 1864 4051 1957 4098; x_wconf 87' lang='lat' dir='ltr'><strong>aut</strong></span> 
     </span>
    </p>
   </div>
   <div class='ocr_carea' id='block_1_43' title="bbox 366 4129 1956 4201">
    <p class='ocr_par' dir='ltr' id='par_1_43' title="bbox 366 4129 1956 4201">
     <span class='ocr_line' id='line_1_43' title="bbox 366 4129 1956 4201; baseline 0.002 -16"><span class='ocrx_word' id='word_1_310' title='bbox 366 4129 525 4185; x_wconf 84' lang='lat' dir='ltr'><strong>simul</strong></span> <span class='ocrx_word' id='word_1_311' title='bbox 557 4139 839 4200; x_wconf 92' lang='lat' dir='ltr'><strong>utrumque</strong></span> <span class='ocrx_word' id='word_1_312' title='bbox 880 4130 1200 4200; x_wconf 87' lang='lat' dir='ltr'><strong>suscipitur;</strong></span> <span class='ocrx_word' id='word_1_313' title='bbox 1233 4140 1288 4186; x_wconf 92' lang='lat' dir='ltr'><strong>et</strong></span> <span class='ocrx_word' id='word_1_314' title='bbox 1327 4146 1449 4185; x_wconf 91' lang='lat' dir='ltr'><strong>cum</strong></span> <span class='ocrx_word' id='word_1_315' title='bbox 1490 4132 1558 4187; x_wconf 91' lang='lat' dir='ltr'><strong>sit</strong></span> <span class='ocrx_word' id='word_1_316' title='bbox 1599 4131 1652 4185; x_wconf 94' lang='lat' dir='ltr'><strong>in</strong></span> <span class='ocrx_word' id='word_1_317' title='bbox 1697 4141 1956 4201; x_wconf 84' lang='lat' dir='ltr'><strong>potestate</strong></span> 
     </span>
    </p>
   </div>
   <div class='ocr_carea' id='block_1_44' title="bbox 368 4220 1956 4293">
    <p class='ocr_par' dir='ltr' id='par_1_44' title="bbox 368 4220 1956 4293">
     <span class='ocr_line' id='line_1_44' title="bbox 368 4220 1956 4293; baseline 0.004 -19"><span class='ocrx_word' id='word_1_318' title='bbox 368 4220 642 4292; x_wconf 89' lang='lat' dir='ltr'><strong>utriusque</strong></span> <span class='ocrx_word' id='word_1_319' title='bbox 668 4222 889 4293; x_wconf 89' lang='lat' dir='ltr'><strong>rejectio</strong></span> <span class='ocrx_word' id='word_1_320' title='bbox 908 4262 925 4289; x_wconf 95' lang='lat'><strong>,</strong></span> <span class='ocrx_word' id='word_1_321' title='bbox 959 4237 1062 4277; x_wconf 90' lang='lat' dir='ltr'><strong>non</strong></span> <span class='ocrx_word' id='word_1_322' title='bbox 1100 4229 1183 4277; x_wconf 91' lang='lat' dir='ltr'><strong>est</strong></span> <span class='ocrx_word' id='word_1_323' title='bbox 1210 4232 1385 4277; x_wconf 91' lang='lat' dir='ltr'><strong>tamen</strong></span> <span class='ocrx_word' id='word_1_324' title='bbox 1414 4222 1467 4277; x_wconf 93' lang='lat' dir='ltr'><strong>in</strong></span> <span class='ocrx_word' id='word_1_325' title='bbox 1494 4223 1713 4278; x_wconf 90' lang='lat' dir='ltr'><strong>arbitrio</strong></span> <span class='ocrx_word' id='word_1_326' title='bbox 1736 4225 1956 4280; x_wconf 88' lang='lat' dir='ltr'><strong>alterius</strong></span> 
     </span>
    </p>
   </div>
   <div class='ocr_carea' id='block_1_45' title="bbox 369 4310 1956 4382">
    <p class='ocr_par' dir='ltr' id='par_1_45' title="bbox 369 4310 1956 4382">
     <span class='ocr_line' id='line_1_45' title="bbox 369 4310 1956 4382; baseline 0.004 -18"><span class='ocrx_word' id='word_1_327' title='bbox 369 4310 588 4375; x_wconf 90' lang='lat' dir='ltr'><strong>electio;</strong></span> <span class='ocrx_word' id='word_1_328' title='bbox 631 4311 731 4365; x_wconf 81' lang='lat' dir='ltr'><strong>nisi</strong></span> <span class='ocrx_word' id='word_1_329' title='bbox 760 4311 900 4381; x_wconf 87' lang='lat' dir='ltr'><strong>quod</strong></span> <span class='ocrx_word' id='word_1_330' title='bbox 931 4311 1135 4367; x_wconf 83' lang='lat' dir='ltr'><strong>facilius</strong></span> <span class='ocrx_word' id='word_1_331' title='bbox 1173 4321 1342 4382; x_wconf 90' lang='lat' dir='ltr'><strong>potest</strong></span> <span class='ocrx_word' id='word_1_332' title='bbox 1371 4313 1551 4369; x_wconf 90' lang='lat' dir='ltr'><strong>illicita</strong></span> <span class='ocrx_word' id='word_1_333' title='bbox 1579 4315 1956 4371; x_wconf 80' lang='lat' dir='ltr'><strong>commixtione</strong></span> 
     </span>
    </p>
   </div>
   <div class='ocr_carea' id='block_1_46' title="bbox 371 4399 1955 4468">
    <p class='ocr_par' dir='ltr' id='par_1_46' title="bbox 371 4399 1955 4468">
     <span class='ocr_line' id='line_1_46' title="bbox 371 4399 1955 4468; baseline 0.004 -16"><span class='ocrx_word' id='word_1_334' title='bbox 371 4400 580 4468; x_wconf 86' lang='lat' dir='ltr'><strong>gravari</strong></span> <span class='ocrx_word' id='word_1_335' title='bbox 620 4399 751 4453; x_wconf 89' lang='lat' dir='ltr'><strong>vitio</strong></span> <span class='ocrx_word' id='word_1_336' title='bbox 776 4401 1068 4455; x_wconf 88' lang='lat' dir='ltr'><strong>voluntatis</strong></span> <span class='ocrx_word' id='word_1_337' title='bbox 1090 4440 1105 4465; x_wconf 92' lang='lat'><strong>,</strong></span> <span class='ocrx_word' id='word_1_338' title='bbox 1138 4402 1402 4456; x_wconf 90' lang='lat' dir='ltr'><strong>seminum</strong></span> <span class='ocrx_word' id='word_1_339' title='bbox 1445 4410 1620 4458; x_wconf 89' lang='lat' dir='ltr'><strong>tamen</strong></span> <span class='ocrx_word' id='word_1_340' title='bbox 1668 4403 1955 4459; x_wconf 81' lang='lat' dir='ltr'><strong>fructiﬁca-</strong></span> 
     </span>
    </p>
   </div>
   <div class='ocr_carea' id='block_1_47' title="bbox 372 4487 1953 4561">
    <p class='ocr_par' dir='ltr' id='par_1_47' title="bbox 372 4487 1953 4561">
     <span class='ocr_line' id='line_1_47' title="bbox 372 4487 1953 4561; baseline 0.005 -19"><span class='ocrx_word' id='word_1_341' title='bbox 372 4489 517 4543; x_wconf 89' lang='lat' dir='ltr'><strong>tione</strong></span> <span class='ocrx_word' id='word_1_342' title='bbox 545 4489 784 4556; x_wconf 76' lang='lat' dir='ltr'><strong>defensa,</strong></span> <span class='ocrx_word' id='word_1_343' title='bbox 813 4504 970 4559; x_wconf 90' lang='lat' dir='ltr'><strong>quam</strong></span> <span class='ocrx_word' id='word_1_344' title='bbox 998 4487 1261 4545; x_wconf 85' lang='lat' dir='ltr'><strong>fructibus</strong></span> <span class='ocrx_word' id='word_1_345' title='bbox 1288 4491 1404 4561; x_wconf 91' lang='lat' dir='ltr'><strong>ejus</strong></span> <span class='ocrx_word' id='word_1_346' title='bbox 1423 4495 1704 4559; x_wconf 88' lang='lat' dir='ltr'><strong>accusatis,</strong></span> <span class='ocrx_word' id='word_1_347' title='bbox 1731 4510 1953 4552; x_wconf 86' lang='lat' dir='ltr'><strong>sexuum</strong></span> 
     </span>
    </p>
   </div>
   <div class='ocr_carea' id='block_1_48' title="bbox 373 4578 1955 4655">
    <p class='ocr_par' dir='ltr' id='par_1_48' title="bbox 373 4578 1955 4655">
     <span class='ocr_line' id='line_1_48' title="bbox 373 4578 1955 4655; baseline 0.005 -23"><span class='ocrx_word' id='word_1_348' title='bbox 373 4578 646 4648; x_wconf 85' lang='lat' dir='ltr'><strong>negotium</strong></span> <span class='ocrx_word' id='word_1_349' title='bbox 688 4578 983 4634; x_wconf 80' lang='lat' dir='ltr'><strong>vindicari.</strong></span> <span class='ocrx_word' id='word_1_350' title='bbox 1012 4578 1129 4634; x_wconf 90' lang='lat' dir='ltr'><strong>Non</strong></span> <span class='ocrx_word' id='word_1_351' title='bbox 1172 4595 1302 4651; x_wconf 84' lang='lat' dir='ltr'><strong>ergo</strong></span> <span class='ocrx_word' id='word_1_352' title='bbox 1341 4581 1614 4637; x_wconf 82' lang='lat' dir='ltr'><strong>ﬂuctuatio</strong></span> <span class='ocrx_word' id='word_1_353' title='bbox 1643 4591 1754 4651; x_wconf 89' lang='lat' dir='ltr'><strong>tua,</strong></span> <span class='ocrx_word' id='word_1_354' title='bbox 1796 4601 1955 4655; x_wconf 89' lang='lat' dir='ltr'><strong>quam</strong></span> 
     </span>
    </p>
   </div>
   <div class='ocr_carea' id='block_1_49' title="bbox 374 4668 1983 4740">
    <p class='ocr_par' dir='ltr' id='par_1_49' title="bbox 374 4668 1983 4740">
     <span class='ocr_line' id='line_1_49' title="bbox 374 4668 1983 4740; baseline 0.002 -16"><span class='ocrx_word' id='word_1_355' title='bbox 374 4671 513 4724; x_wconf 91' lang='lat' dir='ltr'><strong>inter</strong></span> <span class='ocrx_word' id='word_1_356' title='bbox 552 4668 888 4724; x_wconf 82' lang='lat' dir='ltr'><strong>formidinem</strong></span> <span class='ocrx_word' id='word_1_357' title='bbox 930 4668 1363 4739; x_wconf 89' lang='lat' dir='ltr'><strong>impietatemque</strong></span> <span class='ocrx_word' id='word_1_358' title='bbox 1408 4673 1738 4740; x_wconf 88' lang='lat' dir='ltr'><strong>perpeteris,</strong></span> <span class='ocrx_word' id='word_1_359' title='bbox 1792 4689 1983 4729; x_wconf 63' lang='lat' dir='ltr'><strong>novas~</strong></span> 
     </span>
    </p>
   </div>
   <div class='ocr_carea' id='block_1_50' title="bbox 372 4758 1958 4831">
    <p class='ocr_par' dir='ltr' id='par_1_50' title="bbox 372 4758 1958 4831">
     <span class='ocr_line' id='line_1_50' title="bbox 372 4758 1958 4831; baseline 0.001 -15"><span class='ocrx_word' id='word_1_360' title='bbox 372 4759 677 4831; x_wconf 88' lang='lat' dir='ltr'><strong>disputandi</strong></span> <span class='ocrx_word' id='word_1_361' title='bbox 708 4758 917 4830; x_wconf 88' lang='lat' dir='ltr'><strong>regulas</strong></span> <span class='ocrx_word' id='word_1_362' title='bbox 936 4758 1169 4815; x_wconf 90' lang='lat' dir='ltr'><strong>condere</strong></span> <span class='ocrx_word' id='word_1_363' title='bbox 1197 4760 1409 4828; x_wconf 91' lang='lat' dir='ltr'><strong>valebit,</strong></span> <span class='ocrx_word' id='word_1_364' title='bbox 1433 4770 1489 4815; x_wconf 90' lang='lat' dir='ltr'><strong>ut</strong></span> <span class='ocrx_word' id='word_1_365' title='bbox 1512 4760 1579 4815; x_wconf 90' lang='lat' dir='ltr'><strong>de</strong></span> <span class='ocrx_word' id='word_1_366' title='bbox 1598 4760 1958 4818; x_wconf 89' lang='lat' dir='ltr'><strong>duobus.con-</strong></span> 
     </span>
    </p>
   </div>
   <div class='ocr_carea' id='block_1_51' title="bbox 375 4849 1953 4921">
    <p class='ocr_par' dir='ltr' id='par_1_51' title="bbox 375 4849 1953 4921">
     <span class='ocr_line' id='line_1_51' title="bbox 375 4849 1953 4921; baseline 0 -14"><span class='ocrx_word' id='word_1_367' title='bbox 375 4851 530 4907; x_wconf 90' lang='lat' dir='ltr'><strong>nexis</strong></span> <span class='ocrx_word' id='word_1_368' title='bbox 571 4866 734 4906; x_wconf 90' lang='lat' dir='ltr'><strong>unum</strong></span> <span class='ocrx_word' id='word_1_369' title='bbox 764 4849 1055 4919; x_wconf 88' lang='lat' dir='ltr'><strong>suscipias,</strong></span> <span class='ocrx_word' id='word_1_370' title='bbox 1099 4858 1154 4905; x_wconf 89' lang='lat' dir='ltr'><strong>et</strong></span> <span class='ocrx_word' id='word_1_371' title='bbox 1177 4850 1317 4921; x_wconf 91' lang='lat' dir='ltr'><strong>quod</strong></span> <span class='ocrx_word' id='word_1_372' title='bbox 1343 4851 1391 4906; x_wconf 89' lang='lat' dir='ltr'><strong>ei</strong></span> <span class='ocrx_word' id='word_1_373' title='bbox 1422 4850 1659 4906; x_wconf 66' lang='lat' dir='ltr'><strong>adhaeret</strong></span> <span class='ocrx_word' id='word_1_374' title='bbox 1682 4853 1953 4909; x_wconf 85' lang='lat' dir='ltr'><strong>excludas.</strong></span> 
     </span>
    </p>
   </div>
   <div class='ocr_carea' id='block_1_52' title="bbox 378 4939 1954 5016">
    <p class='ocr_par' dir='ltr' id='par_1_52' title="bbox 378 4939 1954 5016">
     <span class='ocr_line' id='line_1_52' title="bbox 378 4939 1954 5016; baseline 0 -19"><span class='ocrx_word' id='word_1_375' title='bbox 378 4942 517 4998; x_wconf 78' lang='lat' dir='ltr'><strong>Ante</strong></span> <span class='ocrx_word' id='word_1_376' title='bbox 580 4941 724 4997; x_wconf 86' lang='lat' dir='ltr'><strong>leves</strong></span> <span class='ocrx_word' id='word_1_377' title='bbox 780 4948 1063 5010; x_wconf 90' lang='lat' dir='ltr'><strong>pascentur</strong></span> <span class='ocrx_word' id='word_1_378' title='bbox 1131 4939 1185 4994; x_wconf 94' lang='lat' dir='ltr'><strong>in</strong></span> <span class='ocrx_word' id='word_1_379' title='bbox 1254 4940 1456 4996; x_wconf 79' lang='lat' dir='ltr'><strong>aethere</strong></span> <span class='ocrx_word' id='word_1_380' title='bbox 1520 4941 1662 4996; x_wconf 84' lang='lat' dir='ltr'><strong>cervi</strong></span> <span class='ocrx_word' id='word_1_381' title='bbox 1714 4940 1954 5016; x_wconf 82' lang='lat' dir='ltr'><strong>(Virgil.</strong></span> 
     </span>
    </p>
   </div>
   <div class='ocr_carea' id='block_1_53' title="bbox 378 5029 1957 5106">
    <p class='ocr_par' dir='ltr' id='par_1_53' title="bbox 378 5029 1957 5106">
     <span class='ocr_line' id='line_1_53' title="bbox 378 5029 1957 5106; baseline 0.004 -21"><span class='ocrx_word' id='word_1_382' title='bbox 378 5031 574 5103; x_wconf 80' lang='lat' dir='ltr'><strong>Ecloga</strong></span> <span class='ocrx_word' id='word_1_383' title='bbox 600 5033 651 5097; x_wconf 79' lang='lat' dir='ltr'><strong>l,</strong></span> <span class='ocrx_word' id='word_1_384' title='bbox 674 5047 805 5087; x_wconf 79' lang='lat' dir='ltr'><strong>vers.</strong></span> <span class='ocrx_word' id='word_1_385' title='bbox 831 5029 923 5104; x_wconf 81' lang='lat'><strong>59)</strong></span> <span class='ocrx_word' id='word_1_386' title='bbox 943 5072 958 5099; x_wconf 96' lang='lat'><strong>,</strong></span> <span class='ocrx_word' id='word_1_387' title='bbox 987 5046 1147 5102; x_wconf 91' lang='lat' dir='ltr'><strong>quam</strong></span> <span class='ocrx_word' id='word_1_388' title='bbox 1192 5039 1314 5102; x_wconf 84' lang='lat' dir='ltr'><strong>post</strong></span> <span class='ocrx_word' id='word_1_389' title='bbox 1354 5031 1717 5103; x_wconf 71' lang='lat' dir='ltr'><strong>prmjudieium</strong></span> <span class='ocrx_word' id='word_1_390' title='bbox 1760 5035 1957 5106; x_wconf 90' lang='lat' dir='ltr'><strong>sumpti</strong></span> 
     </span>
    </p>
   </div>
   <div class='ocr_carea' id='block_1_54' title="bbox 376 5120 1955 5195">
    <p class='ocr_par' dir='ltr' id='par_1_54' title="bbox 376 5120 1955 5195">
     <span class='ocr_line' id='line_1_54' title="bbox 376 5120 1955 5195; baseline 0.003 -19"><span class='ocrx_word' id='word_1_391' title='bbox 376 5131 600 5192; x_wconf 84' lang='lat' dir='ltr'><strong>negetur</strong></span> <span class='ocrx_word' id='word_1_392' title='bbox 620 5120 848 5177; x_wconf 76' lang='lat' dir='ltr'><strong>effectio.</strong></span> <span class='ocrx_word' id='word_1_393' title='bbox 870 5121 1101 5178; x_wconf 78' lang='lat' dir='ltr'><strong>Exercet</strong></span> <span class='ocrx_word' id='word_1_394' title='bbox 1120 5120 1221 5178; x_wconf 87' lang='lat' dir='ltr'><strong>hoc</strong></span> <span class='ocrx_word' id='word_1_395' title='bbox 1248 5137 1415 5192; x_wconf 86' lang='lat' dir='ltr'><strong>genus</strong></span> <span class='ocrx_word' id='word_1_396' title='bbox 1442 5123 1715 5193; x_wconf 89' lang='lat' dir='ltr'><strong>apostolus</strong></span> <span class='ocrx_word' id='word_1_397' title='bbox 1740 5124 1955 5195; x_wconf 87' lang='lat' dir='ltr'><strong>Paulus,</strong></span> 
     </span>
    </p>
   </div>
   <div class='ocr_carea' id='block_1_55' title="bbox 378 5206 1956 5282">
    <p class='ocr_par' dir='ltr' id='par_1_55' title="bbox 378 5206 1956 5282">
     <span class='ocr_line' id='line_1_55' title="bbox 378 5206 1956 5282; baseline 0.003 -16"><span class='ocrx_word' id='word_1_398' title='bbox 378 5226 500 5267; x_wconf 79' lang='lat' dir='ltr'><strong>cum</strong></span> <span class='ocrx_word' id='word_1_399' title='bbox 527 5210 657 5266; x_wconf 89' lang='lat' dir='ltr'><strong>dicit</strong></span> <span class='ocrx_word' id='word_1_400' title='bbox 680 5228 694 5269; x_wconf 86' lang='lat'><strong>:</strong></span> <span class='ocrx_word' id='word_1_401' title='bbox 720 5211 784 5267; x_wconf 87' lang='lat' dir='ltr'><strong>Si</strong></span> <span class='ocrx_word' id='word_1_402' title='bbox 809 5211 998 5265; x_wconf 80' lang='lat' dir='ltr'><strong>mortui</strong></span> <span class='ocrx_word' id='word_1_403' title='bbox 1025 5227 1125 5266; x_wconf 85' lang='lat' dir='ltr'><strong>non</strong></span> <span class='ocrx_word' id='word_1_404' title='bbox 1142 5206 1445 5282; x_wconf 83' lang='lat' dir='ltr'><strong>resurgunt,</strong></span> <span class='ocrx_word' id='word_1_405' title='bbox 1492 5228 1584 5266; x_wconf 81' lang='lat' dir='ltr'><strong>nec</strong></span> <span class='ocrx_word' id='word_1_406' title='bbox 1610 5211 1840 5269; x_wconf 77' lang='lat' dir='ltr'><strong>Christus</strong></span> <span class='ocrx_word' id='word_1_407' title='bbox 1874 5232 1956 5270; x_wconf 86' lang='lat' dir='ltr'><strong>re-</strong></span> 
     </span>
    </p>
   </div>
   <div class='ocr_carea' id='block_1_56' title="bbox 376 5298 1958 5374">
    <p class='ocr_par' dir='ltr' id='par_1_56' title="bbox 376 5298 1958 5374">
     <span class='ocr_line' id='line_1_56' title="bbox 376 5298 1958 5374; baseline 0.003 -20"><span class='ocrx_word' id='word_1_408' title='bbox 376 5300 617 5354; x_wconf 66' lang='lat' dir='ltr'><strong>surrexit.</strong></span> <span class='ocrx_word' id='word_1_409' title='bbox 640 5298 704 5354; x_wconf 85' lang='lat' dir='ltr'><strong>Si</strong></span> <span class='ocrx_word' id='word_1_410' title='bbox 725 5298 954 5354; x_wconf 75' lang='lat' dir='ltr'><strong>Christus</strong></span> <span class='ocrx_word' id='word_1_411' title='bbox 968 5316 1070 5354; x_wconf 84' lang='lat' dir='ltr'><strong>non</strong></span> <span class='ocrx_word' id='word_1_412' title='bbox 1089 5302 1380 5367; x_wconf 80' lang='lat' dir='ltr'><strong>resurrexit,</strong></span> <span class='ocrx_word' id='word_1_413' title='bbox 1406 5318 1536 5356; x_wconf 81' lang='lat' dir='ltr'><strong>vana</strong></span> <span class='ocrx_word' id='word_1_414' title='bbox 1559 5312 1632 5356; x_wconf 84' lang='lat' dir='ltr'><strong>est</strong></span> <span class='ocrx_word' id='word_1_415' title='bbox 1650 5303 1777 5374; x_wconf 81' lang='lat' dir='ltr'><strong>ﬁdes</strong></span> <span class='ocrx_word' id='word_1_416' title='bbox 1796 5318 1958 5359; x_wconf 76' lang='lat' dir='ltr'><strong>vestra</strong></span> 
     </span>
    </p>
   </div>
   <div class='ocr_carea' id='block_1_57' title="bbox 381 5388 1960 5459">
    <p class='ocr_par' dir='ltr' id='par_1_57' title="bbox 381 5388 1960 5459">
     <span class='ocr_line' id='line_1_57' title="bbox 381 5388 1960 5459; baseline 0.003 -14"><span class='ocrx_word' id='word_1_417' title='bbox 381 5390 424 5459; x_wconf 92' lang='lat' dir='ltr'><strong>(l</strong></span> <span class='ocrx_word' id='word_1_418' title='bbox 440 5389 558 5445; x_wconf 90' lang='lat' dir='ltr'><strong>Cor.</strong></span> <span class='ocrx_word' id='word_1_419' title='bbox 582 5405 670 5456; x_wconf 85' lang='lat' dir='ltr'><strong>xv,</strong></span> <span class='ocrx_word' id='word_1_420' title='bbox 694 5389 807 5458; x_wconf 81' lang='grc'><strong>16).</strong></span> <span class='ocrx_word' id='word_1_421' title='bbox 835 5388 986 5444; x_wconf 90' lang='lat' dir='ltr'><strong>Nunc</strong></span> <span class='ocrx_word' id='word_1_422' title='bbox 1014 5398 1191 5445; x_wconf 89' lang='lat' dir='ltr'><strong>autem</strong></span> <span class='ocrx_word' id='word_1_423' title='bbox 1217 5389 1455 5447; x_wconf 83' lang='lat' dir='ltr'><strong>Christus</strong></span> <span class='ocrx_word' id='word_1_424' title='bbox 1484 5394 1775 5449; x_wconf 81' lang='lat' dir='ltr'><strong>resurrexit</strong></span> <span class='ocrx_word' id='word_1_425' title='bbox 1796 5412 1811 5448; x_wconf 87' lang='lat'><strong><em>:</em></strong></span> <span class='ocrx_word' id='word_1_426' title='bbox 1830 5410 1960 5451; x_wconf 90' lang='lat' dir='ltr'><strong>con-</strong></span> 
     </span>
    </p>
   </div>
   <div class='ocr_carea' id='block_1_58' title="bbox 378 5479 1956 5553">
    <p class='ocr_par' dir='ltr' id='par_1_58' title="bbox 378 5479 1956 5553">
     <span class='ocr_line' id='line_1_58' title="bbox 378 5479 1956 5553; baseline 0.002 -15"><span class='ocrx_word' id='word_1_427' title='bbox 378 5491 486 5538; x_wconf 75' lang='lat' dir='ltr'><strong>stat</strong></span> <span class='ocrx_word' id='word_1_428' title='bbox 521 5495 649 5553; x_wconf 72' lang='lat' dir='ltr'><strong>ergo</strong></span> <span class='ocrx_word' id='word_1_429' title='bbox 677 5480 1011 5537; x_wconf 68' lang='lat' dir='ltr'><strong>l&#39;unctorum‘</strong></span> <span class='ocrx_word' id='word_1_430' title='bbox 1040 5479 1181 5536; x_wconf 89' lang='lat' dir='ltr'><strong>diem</strong></span> <span class='ocrx_word' id='word_1_431' title='bbox 1219 5482 1663 5539; x_wconf 85' lang='lat' dir='ltr'><strong>resurrectionem</strong></span> <span class='ocrx_word' id='word_1_432' title='bbox 1704 5484 1956 5541; x_wconf 79' lang='lat' dir='ltr'><strong>futuram.</strong></span> 
     </span>
    </p>
   </div>
   <div class='ocr_carea' id='block_1_59' title="bbox 381 5556 1957 5647">
    <p class='ocr_par' dir='ltr' id='par_1_59' title="bbox 381 5556 1957 5647">
     <span class='ocr_line' id='line_1_59' title="bbox 381 5556 1957 5647; baseline 0.003 -18"><span class='ocrx_word' id='word_1_433' title='bbox 381 5573 450 5630; x_wconf 82' lang='lat' dir='ltr'><strong>Et</strong></span> <span class='ocrx_word' id='word_1_434' title='bbox 472 5582 532 5629; x_wconf 92' lang='lat' dir='ltr'><strong>ut</strong></span> <span class='ocrx_word' id='word_1_435' title='bbox 555 5571 665 5638; x_wconf 44' lang='lat' dir='ltr'><strong>hoc,</strong></span> <span class='ocrx_word' id='word_1_436' title='bbox 682 5572 853 5643; x_wconf 87' lang='lat' dir='ltr'><strong>ipsum</strong></span> <span class='ocrx_word' id='word_1_437' title='bbox 881 5556 1126 5627; x_wconf 75' lang='lat' dir='ltr'><strong>breviore</strong></span> <span class='ocrx_word' id='word_1_438' title='bbox 1163 5583 1393 5647; x_wconf 84' lang='lat' dir='ltr'><strong>propter</strong></span> <span class='ocrx_word' id='word_1_439' title='bbox 1417 5573 1680 5645; x_wconf 88' lang='lat' dir='ltr'><strong>legentem</strong></span> <span class='ocrx_word' id='word_1_440' title='bbox 1724 5576 1957 5635; x_wconf 86' lang='lat' dir='ltr'><strong>inculce-</strong></span> 
     </span>
    </p>
   </div>
   <div class='ocr_carea' id='block_1_60' title="bbox 451 5681 1897 5753">
    <p class='ocr_par' dir='ltr' id='par_1_60' title="bbox 451 5681 1897 5753">
     <span class='ocr_line' id='line_1_60' title="bbox 451 5681 1897 5753; baseline 0.017 -38"><span class='ocrx_word' id='word_1_441' title='bbox 451 5684 470 5715; x_wconf 77' lang='grc' dir='ltr'>ι</span> <span class='ocrx_word' id='word_1_442' title='bbox 503 5681 624 5733; x_wconf 59' lang='grc' dir='ltr'>κω</span> <span class='ocrx_word' id='word_1_443' title='bbox 644 5693 779 5744; x_wconf 69' lang='grc' dir='ltr'><strong>νοω,</strong></span> <span class='ocrx_word' id='word_1_444' title='bbox 804 5685 1077 5735; x_wconf 64' lang='lat' dir='ltr'><strong>manu</strong></span> <span class='ocrx_word' id='word_1_445' title='bbox 1089 5692 1113 5745; x_wconf 83' lang='lat'><strong><em>;</em></strong></span> <span class='ocrx_word' id='word_1_446' title='bbox 1144 5684 1527 5753; x_wconf 70' lang='lat' dir='ltr'><strong>repugnantibus</strong></span> <span class='ocrx_word' id='word_1_447' title='bbox 1549 5691 1897 5753; x_wconf 85' lang='lat' dir='ltr'><strong>manuscriptis.</strong></span> 
     </span>
    </p>
   </div>
   <div class='ocr_carea' id='block_1_61' title="bbox 1711 288 2283 357">
    <p class='ocr_par' dir='ltr' id='par_1_61' title="bbox 1711 288 2283 357">
     <span class='ocr_line' id='line_1_61' title="bbox 1711 288 2283 357; baseline -0.003 -11"><span class='ocrx_word' id='word_1_448' title='bbox 1711 289 1907 347; x_wconf 73' lang='grc' dir='ltr'><strong>ιιῑιεῐι</strong></span> <span class='ocrx_word' id='word_1_449' title='bbox 1940 288 2283 357; x_wconf 77' lang='lat' dir='ltr'><strong>QUARTUS.</strong></span> 
     </span>
    </p>
   </div>
   <div class='ocr_carea' id='block_1_62' title="bbox 3500 298 3639 357">
    <p class='ocr_par' dir='ltr' id='par_1_62' title="bbox 3500 298 3639 357">
     <span class='ocr_line' id='line_1_62' title="bbox 3500 298 3639 357; baseline 0.014 -2"><span class='ocrx_word' id='word_1_450' title='bbox 3500 298 3639 357; x_wconf 62' lang='lat' dir='ltr'><strong>Ill“)</strong></span> 
     </span>
    </p>
   </div>
   <div class='ocr_carea' id='block_1_63' title="bbox 2061 402 3637 478">
    <p class='ocr_par' dir='ltr' id='par_1_63' title="bbox 2061 402 3637 478">
     <span class='ocr_line' id='line_1_63' title="bbox 2061 402 3637 478; baseline 0.008 -23"><span class='ocrx_word' id='word_1_451' title='bbox 2061 417 2180 457; x_wconf 85' lang='lat' dir='ltr'><strong>mus</strong></span> <span class='ocrx_word' id='word_1_452' title='bbox 2207 402 2453 472; x_wconf 83' lang='lat' dir='ltr'><strong>exemplo</strong></span> <span class='ocrx_word' id='word_1_453' title='bbox 2486 420 2498 457; x_wconf 91' lang='lat'>:</span> <span class='ocrx_word' id='word_1_454' title='bbox 2543 403 2814 460; x_wconf 84' lang='lat' dir='ltr'><strong>dubitetur</strong></span> <span class='ocrx_word' id='word_1_455' title='bbox 2841 413 3015 462; x_wconf 89' lang='lat' dir='ltr'><strong>utrum</strong></span> <span class='ocrx_word' id='word_1_456' title='bbox 3052 408 3252 477; x_wconf 89' lang='lat' dir='ltr'><strong>justum</strong></span> <span class='ocrx_word' id='word_1_457' title='bbox 3292 408 3491 467; x_wconf 87' lang='lat' dir='ltr'><strong>bonum</strong></span> <span class='ocrx_word' id='word_1_458' title='bbox 3528 412 3637 478; x_wconf 85' lang='lat' dir='ltr'><strong>sit;</strong></span> 
     </span>
    </p>
   </div>
   <div class='ocr_carea' id='block_1_64' title="bbox 2058 494 3640 571">
    <p class='ocr_par' dir='ltr' id='par_1_64' title="bbox 2058 494 3640 571">
     <span class='ocr_line' id='line_1_64' title="bbox 2058 494 3640 571; baseline 0.008 -25"><span class='ocrx_word' id='word_1_459' title='bbox 2058 501 2181 562; x_wconf 90' lang='lat' dir='ltr'><strong>peto</strong></span> <span class='ocrx_word' id='word_1_460' title='bbox 2206 533 2222 558; x_wconf 90' lang='lat'><strong>,</strong></span> <span class='ocrx_word' id='word_1_461' title='bbox 2251 508 2317 548; x_wconf 87' lang='lat' dir='ltr'><strong>an</strong></span> <span class='ocrx_word' id='word_1_462' title='bbox 2347 509 2506 549; x_wconf 88' lang='lat' dir='ltr'><strong>omne</strong></span> <span class='ocrx_word' id='word_1_463' title='bbox 2536 494 2737 564; x_wconf 85' lang='lat' dir='ltr'><strong>justum</strong></span> <span class='ocrx_word' id='word_1_464' title='bbox 2757 536 2774 562; x_wconf 95' lang='lat'><strong>,</strong></span> <span class='ocrx_word' id='word_1_465' title='bbox 2803 495 3082 553; x_wconf 86' lang='lat' dir='ltr'><strong>honestum</strong></span> <span class='ocrx_word' id='word_1_466' title='bbox 3117 514 3238 555; x_wconf 86' lang='lat' dir='ltr'><strong>esse</strong></span> <span class='ocrx_word' id='word_1_467' title='bbox 3263 498 3494 558; x_wconf 70' lang='lat' dir='ltr'><strong>fatearis.</strong></span> <span class='ocrx_word' id='word_1_468' title='bbox 3520 500 3640 571; x_wconf 78' lang='lat' dir='ltr'><strong>Quo</strong></span> 
     </span>
    </p>
   </div>
   <div class='ocr_carea' id='block_1_65' title="bbox 2054 582 3640 658">
    <p class='ocr_par' dir='ltr' id='par_1_65' title="bbox 2054 582 3640 658">
     <span class='ocr_line' id='line_1_65' title="bbox 2054 582 3640 658; baseline 0.009 -22"><span class='ocrx_word' id='word_1_469' title='bbox 2054 596 2337 648; x_wconf 89' lang='lat' dir='ltr'><strong>concesso,</strong></span> <span class='ocrx_word' id='word_1_470' title='bbox 2366 582 2506 638; x_wconf 90' lang='lat' dir='ltr'><strong>addo</strong></span> <span class='ocrx_word' id='word_1_471' title='bbox 2533 584 2696 649; x_wconf 89' lang='lat' dir='ltr'><strong>aliud,</strong></span> <span class='ocrx_word' id='word_1_472' title='bbox 2729 594 2904 641; x_wconf 85' lang='lat' dir='ltr'><strong>utrum</strong></span> <span class='ocrx_word' id='word_1_473' title='bbox 2930 603 3088 644; x_wconf 88' lang='lat' dir='ltr'><strong>omne</strong></span> <span class='ocrx_word' id='word_1_474' title='bbox 3113 589 3414 658; x_wconf 79' lang='lat' dir='ltr'><strong>hnnestunt,</strong></span> <span class='ocrx_word' id='word_1_475' title='bbox 3443 590 3640 650; x_wconf 83' lang='lat' dir='ltr'><strong>bonum</strong></span> 
     </span>
    </p>
   </div>
   <div class='ocr_carea' id='block_1_66' title="bbox 2055 676 3641 749">
    <p class='ocr_par' dir='ltr' id='par_1_66' title="bbox 2055 676 3641 749">
     <span class='ocr_line' id='line_1_66' title="bbox 2055 676 3641 749; baseline 0.009 -24"><span class='ocrx_word' id='word_1_476' title='bbox 2055 684 2269 742; x_wconf 88' lang='lat' dir='ltr'><strong>quoque</strong></span> <span class='ocrx_word' id='word_1_477' title='bbox 2296 686 2417 730; x_wconf 87' lang='lat' dir='ltr'><strong>esse</strong></span> <span class='ocrx_word' id='word_1_478' title='bbox 2446 676 2780 743; x_wconf 88' lang='lat' dir='ltr'><strong>pronunties.</strong></span> <span class='ocrx_word' id='word_1_479' title='bbox 2811 676 2925 733; x_wconf 81' lang='lat' dir='ltr'><strong>Hoc</strong></span> <span class='ocrx_word' id='word_1_480' title='bbox 2947 693 3156 749; x_wconf 79' lang='lat' dir='ltr'><strong>quoque</strong></span> <span class='ocrx_word' id='word_1_481' title='bbox 3174 680 3320 748; x_wconf 83' lang='lat' dir='ltr'><strong>dato,</strong></span> <span class='ocrx_word' id='word_1_482' title='bbox 3352 690 3402 737; x_wconf 89' lang='lat' dir='ltr'><strong>te</strong></span> <span class='ocrx_word' id='word_1_483' title='bbox 3429 683 3641 739; x_wconf 82' lang='lat' dir='ltr'><strong>volente</strong></span> 
     </span>
    </p>
   </div>
   <div class='ocr_carea' id='block_1_67' title="bbox 2055 760 3635 840">
    <p class='ocr_par' dir='ltr' id='par_1_67' title="bbox 2055 760 3635 840">
     <span class='ocr_line' id='line_1_67' title="bbox 2055 760 3635 840; baseline 0.011 -26"><span class='ocrx_word' id='word_1_484' title='bbox 2055 760 2291 829; x_wconf 85' lang='lat' dir='ltr'><strong>nolente,</strong></span> <span class='ocrx_word' id='word_1_485' title='bbox 2317 763 2615 819; x_wconf 85' lang='lat' dir='ltr'><strong>concludo:</strong></span> <span class='ocrx_word' id='word_1_486' title='bbox 2642 765 2696 821; x_wconf 92' lang='lat' dir='ltr'><strong>Si</strong></span> <span class='ocrx_word' id='word_1_487' title='bbox 2723 780 2882 822; x_wconf 90' lang='lat' dir='ltr'><strong>omne</strong></span> <span class='ocrx_word' id='word_1_488' title='bbox 2903 767 3102 837; x_wconf 90' lang='lat' dir='ltr'><strong>justum</strong></span> <span class='ocrx_word' id='word_1_489' title='bbox 3126 769 3408 827; x_wconf 80' lang='lat' dir='ltr'><strong>honestum</strong></span> <span class='ocrx_word' id='word_1_490' title='bbox 3429 812 3446 840; x_wconf 96' lang='lat'><strong>,</strong></span> <span class='ocrx_word' id='word_1_491' title='bbox 3474 789 3635 831; x_wconf 87' lang='lat' dir='ltr'><strong>omne</strong></span> 
     </span>
    </p>
   </div>
   <div class='ocr_carea' id='block_1_68' title="bbox 2054 850 3636 931">
    <p class='ocr_par' dir='ltr' id='par_1_68' title="bbox 2054 850 3636 931">
     <span class='ocr_line' id='line_1_68' title="bbox 2054 850 3636 931; baseline 0.01 -26"><span class='ocrx_word' id='word_1_492' title='bbox 2054 850 2336 909; x_wconf 86' lang='lat' dir='ltr'><strong>honestum</strong></span> <span class='ocrx_word' id='word_1_493' title='bbox 2380 854 2613 921; x_wconf 84' lang='lat' dir='ltr'><strong>bonum;</strong></span> <span class='ocrx_word' id='word_1_494' title='bbox 2642 872 2804 914; x_wconf 87' lang='lat' dir='ltr'><strong>omne</strong></span> <span class='ocrx_word' id='word_1_495' title='bbox 2842 859 3001 931; x_wconf 85' lang='lat' dir='ltr'><strong>igitur</strong></span> <span class='ocrx_word' id='word_1_496' title='bbox 3043 862 3245 931; x_wconf 90' lang='lat' dir='ltr'><strong>justum</strong></span> <span class='ocrx_word' id='word_1_497' title='bbox 3297 864 3491 919; x_wconf 88' lang='lat' dir='ltr'><strong>bonum</strong></span> <span class='ocrx_word' id='word_1_498' title='bbox 3531 874 3636 921; x_wconf 85' lang='lat' dir='ltr'><strong>est.</strong></span> 
     </span>
    </p>
   </div>
   <div class='ocr_carea' id='block_1_69' title="bbox 2055 944 3641 1024">
    <p class='ocr_par' dir='ltr' id='par_1_69' title="bbox 2055 944 3641 1024">
     <span class='ocr_line' id='line_1_69' title="bbox 2055 944 3641 1024; baseline 0.009 -26"><span class='ocrx_word' id='word_1_499' title='bbox 2055 944 2188 999; x_wconf 86' lang='lat' dir='ltr'><strong>Huic</strong></span> <span class='ocrx_word' id='word_1_500' title='bbox 2227 946 2419 1002; x_wconf 82' lang='lat' dir='ltr'><strong>eﬂ‘ccto</strong></span> <span class='ocrx_word' id='word_1_501' title='bbox 2461 949 2779 1019; x_wconf 88' lang='lat' dir='ltr'><strong>quicumque</strong></span> <span class='ocrx_word' id='word_1_502' title='bbox 2808 960 2929 1020; x_wconf 92' lang='lat' dir='ltr'><strong>post</strong></span> <span class='ocrx_word' id='word_1_503' title='bbox 2956 952 3121 1022; x_wconf 89' lang='lat' dir='ltr'><strong>prima</strong></span> <span class='ocrx_word' id='word_1_504' title='bbox 3164 962 3373 1024; x_wconf 87' lang='lat' dir='ltr'><strong>sumpta</strong></span> <span class='ocrx_word' id='word_1_505' title='bbox 3414 955 3641 1011; x_wconf 84' lang='lat' dir='ltr'><strong>voluerit</strong></span> 
     </span>
    </p>
   </div>
   <div class='ocr_carea' id='block_1_70' title="bbox 2052 1035 3640 1115">
    <p class='ocr_par' dir='ltr' id='par_1_70' title="bbox 2052 1035 3640 1115">
     <span class='ocr_line' id='line_1_70' title="bbox 2052 1035 3640 1115; baseline 0.011 -30"><span class='ocrx_word' id='word_1_506' title='bbox 2052 1035 2218 1089; x_wconf 70' lang='lat' dir='ltr'><strong>obniti</strong></span> <span class='ocrx_word' id='word_1_507' title='bbox 2242 1078 2256 1097; x_wconf 90' lang='lat'><strong>,</strong></span> <span class='ocrx_word' id='word_1_508' title='bbox 2301 1053 2406 1090; x_wconf 85' lang='lat' dir='ltr'><strong>non</strong></span> <span class='ocrx_word' id='word_1_509' title='bbox 2438 1038 2719 1094; x_wconf 72' lang='lat' dir='ltr'><strong>cediliciutu</strong></span> <span class='ocrx_word' id='word_1_510' title='bbox 2771 1041 2989 1096; x_wconf 86' lang='lat' dir='ltr'><strong>rationis</strong></span> <span class='ocrx_word' id='word_1_511' title='bbox 3026 1042 3256 1113; x_wconf 67' lang='lat' dir='ltr'><strong>quatiti,</strong></span> <span class='ocrx_word' id='word_1_512' title='bbox 3287 1044 3380 1098; x_wconf 86' lang='lat' dir='ltr'><strong>sed</strong></span> <span class='ocrx_word' id='word_1_513' title='bbox 3425 1045 3539 1115; x_wconf 88' lang='lat' dir='ltr'><strong>ipse</strong></span> <span class='ocrx_word' id='word_1_514' title='bbox 3578 1060 3640 1101; x_wconf 86' lang='lat' dir='ltr'><strong>se</strong></span> 
     </span>
    </p>
   </div>
   <div class='ocr_carea' id='block_1_71' title="bbox 2052 1126 3641 1203">
    <p class='ocr_par' dir='ltr' id='par_1_71' title="bbox 2052 1126 3641 1203">
     <span class='ocr_line' id='line_1_71' title="bbox 2052 1126 3641 1203; baseline 0.008 -26"><span class='ocrx_word' id='word_1_515' title='bbox 2052 1126 2271 1194; x_wconf 84' lang='lat' dir='ltr'><strong>exponit</strong></span> <span class='ocrx_word' id='word_1_516' title='bbox 2292 1126 2490 1182; x_wconf 87' lang='lat' dir='ltr'><strong>irrisui.</strong></span> <span class='ocrx_word' id='word_1_517' title='bbox 2526 1128 2589 1183; x_wconf 86' lang='lat' dir='ltr'><strong>Ut</strong></span> <span class='ocrx_word' id='word_1_518' title='bbox 2616 1143 2744 1196; x_wconf 78' lang='lat' dir='ltr'><strong>ergo</strong></span> <span class='ocrx_word' id='word_1_519' title='bbox 2768 1130 2834 1184; x_wconf 90' lang='lat' dir='ltr'><strong>ad</strong></span> <span class='ocrx_word' id='word_1_520' title='bbox 2861 1147 3075 1186; x_wconf 88' lang='lat' dir='ltr'><strong>causam</strong></span> <span class='ocrx_word' id='word_1_521' title='bbox 3101 1135 3428 1203; x_wconf 84' lang='lat' dir='ltr'><strong>comparatio</strong></span> <span class='ocrx_word' id='word_1_522' title='bbox 3455 1150 3641 1191; x_wconf 66' lang='lat' dir='ltr'><strong>recuro</strong></span> 
     </span>
    </p>
   </div>
   <div class='ocr_carea' id='block_1_72' title="bbox 2059 1216 3637 1293">
    <p class='ocr_par' dir='ltr' id='par_1_72' title="bbox 2059 1216 3637 1293">
     <span class='ocr_line' id='line_1_72' title="bbox 2059 1216 3637 1293; baseline 0.007 -26"><span class='ocrx_word' id='word_1_523' title='bbox 2059 1223 2164 1279; x_wconf 90' lang='lat' dir='ltr'><strong>rat,</strong></span> <span class='ocrx_word' id='word_1_524' title='bbox 2195 1216 2450 1284; x_wconf 73' lang='lat' dir='ltr'><strong>qua-ritur</strong></span> <span class='ocrx_word' id='word_1_525' title='bbox 2475 1228 2652 1271; x_wconf 91' lang='lat' dir='ltr'><strong>utrum</strong></span> <span class='ocrx_word' id='word_1_526' title='bbox 2680 1219 2749 1273; x_wconf 91' lang='lat' dir='ltr'><strong>sit</strong></span> <span class='ocrx_word' id='word_1_527' title='bbox 2791 1220 2844 1274; x_wconf 92' lang='lat' dir='ltr'><strong>in</strong></span> <span class='ocrx_word' id='word_1_528' title='bbox 2889 1229 3073 1275; x_wconf 86' lang='lat' dir='ltr'><strong>natura</strong></span> <span class='ocrx_word' id='word_1_529' title='bbox 3102 1231 3377 1292; x_wconf 85' lang='lat' dir='ltr'><strong>peccatum</strong></span> <span class='ocrx_word' id='word_1_530' title='bbox 3409 1240 3422 1277; x_wconf 92' lang='lat'><strong>:</strong></span> <span class='ocrx_word' id='word_1_531' title='bbox 3454 1224 3637 1293; x_wconf 87' lang='lat' dir='ltr'><strong>petivi,</strong></span> 
     </span>
    </p>
   </div>
   <div class='ocr_carea' id='block_1_73' title="bbox 2053 1304 3637 1382">
    <p class='ocr_par' dir='ltr' id='par_1_73' title="bbox 2053 1304 3637 1382">
     <span class='ocr_line' id='line_1_73' title="bbox 2053 1304 3637 1382; baseline 0.007 -24"><span class='ocrx_word' id='word_1_532' title='bbox 2053 1304 2446 1361; x_wconf 81' lang='lat' dir='ltr'><strong>concederesne</strong></span> <span class='ocrx_word' id='word_1_533' title='bbox 2474 1308 2675 1361; x_wconf 86' lang='lat' dir='ltr'><strong>nullum</strong></span> <span class='ocrx_word' id='word_1_534' title='bbox 2707 1324 2826 1363; x_wconf 82' lang='lat' dir='ltr'><strong>esse</strong></span> <span class='ocrx_word' id='word_1_535' title='bbox 2853 1310 2969 1365; x_wconf 90' lang='lat' dir='ltr'><strong>sine</strong></span> <span class='ocrx_word' id='word_1_536' title='bbox 3010 1312 3278 1368; x_wconf 85' lang='lat' dir='ltr'><strong>voluntate</strong></span> <span class='ocrx_word' id='word_1_537' title='bbox 3317 1322 3590 1382; x_wconf 80' lang='lat' dir='ltr'><strong>peccatum</strong></span> <span class='ocrx_word' id='word_1_538' title='bbox 3621 1332 3637 1369; x_wconf 87' lang='lat'><strong>:</strong></span> 
     </span>
    </p>
   </div>
   <div class='ocr_carea' id='block_1_74' title="bbox 2052 1397 3638 1470">
    <p class='ocr_par' dir='ltr' id='par_1_74' title="bbox 2052 1397 3638 1470">
     <span class='ocr_line' id='line_1_74' title="bbox 2052 1397 3638 1470; baseline 0.008 -23"><span class='ocrx_word' id='word_1_539' title='bbox 2052 1408 2305 1449; x_wconf 89' lang='lat' dir='ltr'><strong>assensus</strong></span> <span class='ocrx_word' id='word_1_540' title='bbox 2347 1411 2404 1450; x_wconf 92' lang='lat' dir='ltr'><strong>es</strong></span> <span class='ocrx_word' id='word_1_541' title='bbox 2424 1437 2438 1462; x_wconf 93' lang='lat'><strong>,</strong></span> <span class='ocrx_word' id='word_1_542' title='bbox 2471 1397 2607 1452; x_wconf 91' lang='lat' dir='ltr'><strong>sicut</strong></span> <span class='ocrx_word' id='word_1_543' title='bbox 2636 1407 2721 1453; x_wconf 91' lang='lat' dir='ltr'><strong>tua</strong></span> <span class='ocrx_word' id='word_1_544' title='bbox 2748 1399 2888 1454; x_wconf 90' lang='lat' dir='ltr'><strong>dicta</strong></span> <span class='ocrx_word' id='word_1_545' title='bbox 2930 1409 3207 1457; x_wconf 83' lang='lat' dir='ltr'><strong>testantur.</strong></span> <span class='ocrx_word' id='word_1_546' title='bbox 3238 1403 3464 1470; x_wconf 81' lang='lat' dir='ltr'><strong>Addidi,</strong></span> <span class='ocrx_word' id='word_1_547' title='bbox 3491 1420 3557 1459; x_wconf 84' lang='lat' dir='ltr'><strong>an</strong></span> <span class='ocrx_word' id='word_1_548' title='bbox 3584 1405 3638 1461; x_wconf 90' lang='lat' dir='ltr'><strong>in</strong></span> 
     </span>
    </p>
   </div>
   <div class='ocr_carea' id='block_1_75' title="bbox 2054 1485 3640 1555">
    <p class='ocr_par' dir='ltr' id='par_1_75' title="bbox 2054 1485 3640 1555">
     <span class='ocr_line' id='line_1_75' title="bbox 2054 1485 3640 1555; baseline 0.009 -19"><span class='ocrx_word' id='word_1_549' title='bbox 2054 1485 2275 1555; x_wconf 88' lang='lat' dir='ltr'><strong>parvulo</strong></span> <span class='ocrx_word' id='word_1_550' title='bbox 2321 1494 2531 1554; x_wconf 88' lang='lat' dir='ltr'><strong>putares</strong></span> <span class='ocrx_word' id='word_1_551' title='bbox 2574 1502 2694 1543; x_wconf 88' lang='lat' dir='ltr'><strong>esse</strong></span> <span class='ocrx_word' id='word_1_552' title='bbox 2738 1490 3105 1546; x_wconf 88' lang='lat' dir='ltr'><strong>voluntatem:</strong></span> <span class='ocrx_word' id='word_1_553' title='bbox 3138 1491 3240 1547; x_wconf 90' lang='lat' dir='ltr'><strong>hoc</strong></span> <span class='ocrx_word' id='word_1_554' title='bbox 3281 1494 3440 1548; x_wconf 85' lang='lat' dir='ltr'><strong>etiam</strong></span> <span class='ocrx_word' id='word_1_555' title='bbox 3469 1494 3640 1550; x_wconf 82' lang='lat' dir='ltr'><strong>dene-</strong></span> 
     </span>
    </p>
   </div>
   <div class='ocr_carea' id='block_1_76' title="bbox 2052 1573 3640 1645">
    <p class='ocr_par' dir='ltr' id='par_1_76' title="bbox 2052 1573 3640 1645">
     <span class='ocr_line' id='line_1_76' title="bbox 2052 1573 3640 1645; baseline 0.008 -18"><span class='ocrx_word' id='word_1_556' title='bbox 2052 1573 2209 1645; x_wconf 88' lang='lat' dir='ltr'><strong>gasti.</strong></span> <span class='ocrx_word' id='word_1_557' title='bbox 2232 1573 2368 1641; x_wconf 86' lang='lat' dir='ltr'><strong>Quid</strong></span> <span class='ocrx_word' id='word_1_558' title='bbox 2393 1576 2633 1644; x_wconf 91' lang='lat' dir='ltr'><strong>sequitur</strong></span> <span class='ocrx_word' id='word_1_559' title='bbox 2658 1578 2894 1643; x_wconf 89' lang='lat' dir='ltr'><strong>tertium,</strong></span> <span class='ocrx_word' id='word_1_560' title='bbox 2920 1579 2965 1633; x_wconf 91' lang='lat' dir='ltr'><strong>si</strong></span> <span class='ocrx_word' id='word_1_561' title='bbox 2992 1596 3097 1634; x_wconf 92' lang='lat' dir='ltr'><strong>non</strong></span> <span class='ocrx_word' id='word_1_562' title='bbox 3123 1591 3208 1636; x_wconf 88' lang='lat' dir='ltr'><strong>est</strong></span> <span class='ocrx_word' id='word_1_563' title='bbox 3229 1582 3345 1637; x_wconf 89' lang='lat' dir='ltr'><strong>sine</strong></span> <span class='ocrx_word' id='word_1_564' title='bbox 3366 1584 3640 1641; x_wconf 75' lang='lat' dir='ltr'><strong>voluntate</strong></span> 
     </span>
    </p>
   </div>
   <div class='ocr_carea' id='block_1_77' title="bbox 2053 1667 3641 1743">
    <p class='ocr_par' dir='ltr' id='par_1_77' title="bbox 2053 1667 3641 1743">
     <span class='ocr_line' id='line_1_77' title="bbox 2053 1667 3641 1743; baseline 0.008 -24"><span class='ocrx_word' id='word_1_565' title='bbox 2053 1667 2361 1736; x_wconf 87' lang='lat' dir='ltr'><strong>peccatum?</strong></span> <span class='ocrx_word' id='word_1_566' title='bbox 2388 1667 2498 1723; x_wconf 87' lang='lat' dir='ltr'><strong>Hoc</strong></span> <span class='ocrx_word' id='word_1_567' title='bbox 2513 1677 2620 1723; x_wconf 91' lang='lat' dir='ltr'><strong>tam</strong></span> <span class='ocrx_word' id='word_1_568' title='bbox 2640 1677 2843 1725; x_wconf 89' lang='lat' dir='ltr'><strong>certum</strong></span> <span class='ocrx_word' id='word_1_569' title='bbox 2864 1679 2948 1727; x_wconf 91' lang='lat' dir='ltr'><strong>est</strong></span> <span class='ocrx_word' id='word_1_570' title='bbox 2971 1669 3067 1743; x_wconf 84' lang='grc' dir='ltr'><strong>(α),</strong></span> <span class='ocrx_word' id='word_1_571' title='bbox 3091 1681 3146 1727; x_wconf 93' lang='lat' dir='ltr'><strong>ut</strong></span> <span class='ocrx_word' id='word_1_572' title='bbox 3174 1688 3274 1728; x_wconf 85' lang='lat' dir='ltr'><strong>nec</strong></span> <span class='ocrx_word' id='word_1_573' title='bbox 3288 1674 3356 1729; x_wconf 90' lang='lat' dir='ltr'><strong>ab</strong></span> <span class='ocrx_word' id='word_1_574' title='bbox 3366 1675 3641 1731; x_wconf 80' lang='lat' dir='ltr'><strong>Academi-</strong></span> 
     </span>
    </p>
   </div>
   <div class='ocr_carea' id='block_1_78' title="bbox 2053 1756 3677 1830">
    <p class='ocr_par' dir='ltr' id='par_1_78' title="bbox 2053 1756 3677 1830">
     <span class='ocr_line' id='line_1_78' title="bbox 2053 1756 3677 1830; baseline 0.006 -20"><span class='ocrx_word' id='word_1_575' title='bbox 2053 1756 2131 1810; x_wconf 90' lang='lat' dir='ltr'><strong>cis</strong></span> <span class='ocrx_word' id='word_1_576' title='bbox 2146 1756 2330 1812; x_wconf 88' lang='lat' dir='ltr'><strong>vcnire</strong></span> <span class='ocrx_word' id='word_1_577' title='bbox 2355 1758 2521 1827; x_wconf 90' lang='lat' dir='ltr'><strong>possit</strong></span> <span class='ocrx_word' id='word_1_578' title='bbox 2545 1761 2597 1812; x_wconf 87' lang='lat' dir='ltr'><strong>in</strong></span> <span class='ocrx_word' id='word_1_579' title='bbox 2612 1758 2849 1825; x_wconf 88' lang='lat' dir='ltr'><strong>dubium,</strong></span> <span class='ocrx_word' id='word_1_580' title='bbox 2876 1775 3101 1830; x_wconf 87' lang='lat' dir='ltr'><strong>quorum</strong></span> <span class='ocrx_word' id='word_1_581' title='bbox 3126 1761 3323 1817; x_wconf 73' lang='lat' dir='ltr'><strong>divitia:</strong></span> <span class='ocrx_word' id='word_1_582' title='bbox 3345 1770 3471 1818; x_wconf 87' lang='lat' dir='ltr'><strong>sunt</strong></span> <span class='ocrx_word' id='word_1_583' title='bbox 3508 1763 3641 1820; x_wconf 80' lang='lat' dir='ltr'><strong>nihil</strong></span> <span class='ocrx_word' id='word_1_584' title='bbox 3661 1775 3677 1793; x_wconf 83' lang='lat'><strong><em>&#39;</em></strong></span> 
     </span>
    </p>
   </div>
   <div class='ocr_carea' id='block_1_79' title="bbox 2051 1848 3637 1925">
    <p class='ocr_par' dir='ltr' id='par_1_79' title="bbox 2051 1848 3637 1925">
     <span class='ocr_line' id='line_1_79' title="bbox 2051 1848 3637 1925; baseline 0.008 -25"><span class='ocrx_word' id='word_1_585' title='bbox 2051 1856 2259 1901; x_wconf 91' lang='lat' dir='ltr'><strong>certum</strong></span> <span class='ocrx_word' id='word_1_586' title='bbox 2294 1858 2494 1903; x_wconf 89' lang='lat' dir='ltr'><strong>tenere.</strong></span> <span class='ocrx_word' id='word_1_587' title='bbox 2523 1848 2603 1904; x_wconf 87' lang='lat' dir='ltr'><strong>Tu</strong></span> <span class='ocrx_word' id='word_1_588' title='bbox 2630 1864 2757 1920; x_wconf 84' lang='lat' dir='ltr'><strong>ergo</strong></span> <span class='ocrx_word' id='word_1_589' title='bbox 2780 1865 2901 1905; x_wconf 92' lang='lat' dir='ltr'><strong>eum</strong></span> <span class='ocrx_word' id='word_1_590' title='bbox 2933 1861 3051 1921; x_wconf 89' lang='lat' dir='ltr'><strong>post</strong></span> <span class='ocrx_word' id='word_1_591' title='bbox 3076 1851 3182 1908; x_wconf 80' lang='lat' dir='ltr'><strong>duo</strong></span> <span class='ocrx_word' id='word_1_592' title='bbox 3207 1856 3375 1923; x_wconf 89' lang='lat' dir='ltr'><strong>prima</strong></span> <span class='ocrx_word' id='word_1_593' title='bbox 3403 1864 3637 1925; x_wconf 81' lang='lat' dir='ltr'><strong>sumpta,</strong></span> 
     </span>
    </p>
   </div>
   <div class='ocr_carea' id='block_1_80' title="bbox 2055 1936 3639 2011">
    <p class='ocr_par' dir='ltr' id='par_1_80' title="bbox 2055 1936 3639 2011">
     <span class='ocr_line' id='line_1_80' title="bbox 2055 1936 3639 2011; baseline 0.004 -18"><span class='ocrx_word' id='word_1_594' title='bbox 2055 1936 2269 1993; x_wconf 86' lang='lat' dir='ltr'><strong>tertium</strong></span> <span class='ocrx_word' id='word_1_595' title='bbox 2309 1953 2470 2009; x_wconf 84' lang='lat' dir='ltr'><strong>negas</strong></span> <span class='ocrx_word' id='word_1_596' title='bbox 2489 1980 2506 2006; x_wconf 94' lang='lat'><strong>,</strong></span> <span class='ocrx_word' id='word_1_597' title='bbox 2547 1939 2601 1993; x_wconf 90' lang='lat' dir='ltr'><strong>in</strong></span> <span class='ocrx_word' id='word_1_598' title='bbox 2629 1954 2737 2009; x_wconf 89' lang='lat' dir='ltr'><strong>quo</strong></span> <span class='ocrx_word' id='word_1_599' title='bbox 2762 1949 2845 1996; x_wconf 87' lang='lat' dir='ltr'><strong>est</strong></span> <span class='ocrx_word' id='word_1_600' title='bbox 2869 1939 3093 1997; x_wconf 71' lang='lat' dir='ltr'><strong>enectus</strong></span> <span class='ocrx_word' id='word_1_601' title='bbox 3118 1944 3343 2000; x_wconf 88' lang='lat' dir='ltr'><strong>duorum</strong></span> <span class='ocrx_word' id='word_1_602' title='bbox 3362 1984 3380 2011; x_wconf 94' lang='lat'><strong>,</strong></span> <span class='ocrx_word' id='word_1_603' title='bbox 3410 1960 3517 2003; x_wconf 88' lang='lat' dir='ltr'><strong>non</strong></span> <span class='ocrx_word' id='word_1_604' title='bbox 3547 1961 3639 2000; x_wconf 84' lang='lat' dir='ltr'><strong>ra-</strong></span> 
     </span>
    </p>
   </div>
   <div class='ocr_carea' id='block_1_81' title="bbox 2054 2026 3637 2105">
    <p class='ocr_par' dir='ltr' id='par_1_81' title="bbox 2054 2026 3637 2105">
     <span class='ocr_line' id='line_1_81' title="bbox 2054 2026 3637 2105; baseline 0.005 -24"><span class='ocrx_word' id='word_1_605' title='bbox 2054 2028 2212 2082; x_wconf 85' lang='lat' dir='ltr'><strong>tionis</strong></span> <span class='ocrx_word' id='word_1_606' title='bbox 2232 2026 2575 2085; x_wconf 82' lang='lat' dir='ltr'><strong>t‘undamenta</strong></span> <span class='ocrx_word' id='word_1_607' title='bbox 2596 2031 2868 2098; x_wconf 85' lang='lat' dir='ltr'><strong>convellis,</strong></span> <span class='ocrx_word' id='word_1_608' title='bbox 2894 2031 2989 2087; x_wconf 92' lang='lat' dir='ltr'><strong>sed</strong></span> <span class='ocrx_word' id='word_1_609' title='bbox 3011 2040 3159 2089; x_wconf 88' lang='lat' dir='ltr'><strong>tuum</strong></span> <span class='ocrx_word' id='word_1_610' title='bbox 3174 2034 3357 2105; x_wconf 83' lang='lat' dir='ltr'><strong>prodis</strong></span> <span class='ocrx_word' id='word_1_611' title='bbox 3375 2033 3637 2091; x_wconf 82' lang='lat' dir='ltr'><strong>furorem.</strong></span> 
     </span>
    </p>
   </div>
   <div class='ocr_carea' id='block_1_82' title="bbox 2121 2118 3640 2193">
    <p class='ocr_par' dir='ltr' id='par_1_82' title="bbox 2121 2118 3640 2193">
     <span class='ocr_line' id='line_1_82' title="bbox 2121 2118 3640 2193; baseline 0.005 -20"><span class='ocrx_word' id='word_1_612' title='bbox 2121 2119 2259 2175; x_wconf 81' lang='lat' dir='ltr'><strong>Anc.</strong></span> <span class='ocrx_word' id='word_1_613' title='bbox 2302 2118 2448 2176; x_wconf 90' lang='lat' dir='ltr'><strong>Itane</strong></span> <span class='ocrx_word' id='word_1_614' title='bbox 2483 2134 2545 2176; x_wconf 91' lang='lat' dir='ltr'><strong>es</strong></span> <span class='ocrx_word' id='word_1_615' title='bbox 2573 2120 2862 2191; x_wconf 87' lang='lat' dir='ltr'><strong>insipiens,</strong></span> <span class='ocrx_word' id='word_1_616' title='bbox 2904 2131 2965 2176; x_wconf 93' lang='lat' dir='ltr'><strong>ut</strong></span> <span class='ocrx_word' id='word_1_617' title='bbox 3006 2132 3158 2193; x_wconf 82' lang='lat' dir='ltr'><strong>putes</strong></span> <span class='ocrx_word' id='word_1_618' title='bbox 3201 2124 3254 2180; x_wconf 92' lang='lat' dir='ltr'><strong>in</strong></span> <span class='ocrx_word' id='word_1_619' title='bbox 3301 2133 3492 2180; x_wconf 84' lang='lat' dir='ltr'><strong>natura</strong></span> <span class='ocrx_word' id='word_1_620' title='bbox 3531 2139 3640 2182; x_wconf 90' lang='lat' dir='ltr'><strong>non</strong></span> 
     </span>
    </p>
   </div>
   <div class='ocr_carea' id='block_1_83' title="bbox 2052 2212 3642 2281">
    <p class='ocr_par' dir='ltr' id='par_1_83' title="bbox 2052 2212 3642 2281">
     <span class='ocr_line' id='line_1_83' title="bbox 2052 2212 3642 2281; baseline 0.004 -16"><span class='ocrx_word' id='word_1_621' title='bbox 2052 2223 2174 2265; x_wconf 87' lang='lat' dir='ltr'><strong>esse</strong></span> <span class='ocrx_word' id='word_1_622' title='bbox 2199 2218 2499 2279; x_wconf 88' lang='lat' dir='ltr'><strong>peccatum,</strong></span> <span class='ocrx_word' id='word_1_623' title='bbox 2529 2225 2650 2265; x_wconf 89' lang='lat' dir='ltr'><strong>cum</strong></span> <span class='ocrx_word' id='word_1_624' title='bbox 2678 2212 2897 2266; x_wconf 88' lang='lat' dir='ltr'><strong>omnino</strong></span> <span class='ocrx_word' id='word_1_625' title='bbox 2926 2222 3204 2281; x_wconf 87' lang='lat' dir='ltr'><strong>peccatum</strong></span> <span class='ocrx_word' id='word_1_626' title='bbox 3235 2213 3337 2269; x_wconf 90' lang='lat' dir='ltr'><strong>nisi</strong></span> <span class='ocrx_word' id='word_1_627' title='bbox 3366 2215 3418 2269; x_wconf 93' lang='lat' dir='ltr'><strong>in</strong></span> <span class='ocrx_word' id='word_1_628' title='bbox 3455 2223 3642 2271; x_wconf 75' lang='lat' dir='ltr'><strong>natura</strong></span> 
     </span>
    </p>
   </div>
   <div class='ocr_carea' id='block_1_84' title="bbox 2053 2300 3642 2372">
    <p class='ocr_par' dir='ltr' id='par_1_84' title="bbox 2053 2300 3642 2372">
     <span class='ocr_line' id='line_1_84' title="bbox 2053 2300 3642 2372; baseline 0.004 -19"><span class='ocrx_word' id='word_1_629' title='bbox 2053 2312 2173 2354; x_wconf 90' lang='lat' dir='ltr'><strong>esse</strong></span> <span class='ocrx_word' id='word_1_630' title='bbox 2194 2314 2299 2354; x_wconf 93' lang='lat' dir='ltr'><strong>non</strong></span> <span class='ocrx_word' id='word_1_631' title='bbox 2318 2300 2517 2369; x_wconf 87' lang='lat' dir='ltr'><strong>possit?</strong></span> <span class='ocrx_word' id='word_1_632' title='bbox 2536 2300 2664 2354; x_wconf 84' lang='lat' dir='ltr'><strong>Nam</strong></span> <span class='ocrx_word' id='word_1_633' title='bbox 2682 2302 2764 2356; x_wconf 88' lang='lat' dir='ltr'><strong>vel</strong></span> <span class='ocrx_word' id='word_1_634' title='bbox 2790 2300 2843 2355; x_wconf 90' lang='lat' dir='ltr'><strong>in</strong></span> <span class='ocrx_word' id='word_1_635' title='bbox 2863 2302 3054 2372; x_wconf 88' lang='lat' dir='ltr'><strong>angelo</strong></span> <span class='ocrx_word' id='word_1_636' title='bbox 3078 2311 3183 2369; x_wconf 89' lang='lat' dir='ltr'><strong>est,</strong></span> <span class='ocrx_word' id='word_1_637' title='bbox 3208 2304 3295 2358; x_wconf 87' lang='lat' dir='ltr'><strong>vel</strong></span> <span class='ocrx_word' id='word_1_638' title='bbox 3321 2304 3375 2360; x_wconf 88' lang='lat' dir='ltr'><strong>in</strong></span> <span class='ocrx_word' id='word_1_639' title='bbox 3404 2304 3642 2371; x_wconf 85' lang='lat' dir='ltr'><strong>homine,</strong></span> 
     </span>
    </p>
   </div>
   <div class='ocr_carea' id='block_1_85' title="bbox 2035 2388 3645 2463">
    <p class='ocr_par' dir='ltr' id='par_1_85' title="bbox 2035 2388 3645 2463">
     <span class='ocr_line' id='line_1_85' title="bbox 2035 2388 3645 2463; baseline 0.004 -20"><span class='ocrx_word' id='word_1_640' title='bbox 2035 2403 2174 2457; x_wconf 64' lang='lat' dir='ltr'><strong>.qutc</strong></span> <span class='ocrx_word' id='word_1_641' title='bbox 2200 2388 2318 2443; x_wconf 88' lang='lat' dir='ltr'><strong>sine</strong></span> <span class='ocrx_word' id='word_1_642' title='bbox 2342 2388 2677 2445; x_wconf 82' lang='lat' dir='ltr'><strong>dubitatione</strong></span> <span class='ocrx_word' id='word_1_643' title='bbox 2707 2399 2912 2445; x_wconf 80' lang='lat' dir='ltr'><strong>natura:</strong></span> <span class='ocrx_word' id='word_1_644' title='bbox 2938 2400 3064 2446; x_wconf 92' lang='lat' dir='ltr'><strong>sunt</strong></span> <span class='ocrx_word' id='word_1_645' title='bbox 3087 2409 3101 2446; x_wconf 87' lang='lat'><strong>:</strong></span> <span class='ocrx_word' id='word_1_646' title='bbox 3124 2392 3170 2446; x_wconf 92' lang='lat' dir='ltr'><strong>si</strong></span> <span class='ocrx_word' id='word_1_647' title='bbox 3211 2406 3340 2463; x_wconf 90' lang='lat' dir='ltr'><strong>ergo</strong></span> <span class='ocrx_word' id='word_1_648' title='bbox 3368 2401 3645 2461; x_wconf 84' lang='lat' dir='ltr'><strong>peccatum</strong></span> 
     </span>
    </p>
   </div>
   <div class='ocr_carea' id='block_1_86' title="bbox 2054 2477 3645 2555">
    <p class='ocr_par' dir='ltr' id='par_1_86' title="bbox 2054 2477 3645 2555">
     <span class='ocr_line' id='line_1_86' title="bbox 2054 2477 3645 2555; baseline 0.003 -18"><span class='ocrx_word' id='word_1_649' title='bbox 2054 2477 2108 2537; x_wconf 87' lang='lat' dir='ltr'><strong>in</strong></span> <span class='ocrx_word' id='word_1_650' title='bbox 2136 2480 2279 2534; x_wconf 92' lang='lat' dir='ltr'><strong>nulla</strong></span> <span class='ocrx_word' id='word_1_651' title='bbox 2301 2480 2737 2536; x_wconf 77' lang='lat' dir='ltr'><strong>istarum‘natura</strong></span> <span class='ocrx_word' id='word_1_652' title='bbox 2765 2490 2926 2547; x_wconf 88' lang='lat' dir='ltr'><strong>esset,</strong></span> <span class='ocrx_word' id='word_1_653' title='bbox 2950 2483 3188 2552; x_wconf 81' lang='lat' dir='ltr'><strong>profecto</strong></span> <span class='ocrx_word' id='word_1_654' title='bbox 3206 2499 3466 2555; x_wconf 87' lang='lat' dir='ltr'><strong>nusquam</strong></span> <span class='ocrx_word' id='word_1_655' title='bbox 3481 2495 3645 2541; x_wconf 86' lang='lat' dir='ltr'><strong>esset.</strong></span> 
     </span>
    </p>
   </div>
   <div class='ocr_carea' id='block_1_87' title="bbox 2054 2570 3645 2643">
    <p class='ocr_par' dir='ltr' id='par_1_87' title="bbox 2054 2570 3645 2643">
     <span class='ocr_line' id='line_1_87' title="bbox 2054 2570 3645 2643; baseline 0.006 -18"><span class='ocrx_word' id='word_1_656' title='bbox 2054 2570 2133 2626; x_wconf 82' lang='lat' dir='ltr'><strong>Ac</strong></span> <span class='ocrx_word' id='word_1_657' title='bbox 2159 2586 2252 2641; x_wconf 89' lang='lat' dir='ltr'><strong>per</strong></span> <span class='ocrx_word' id='word_1_658' title='bbox 2275 2570 2377 2627; x_wconf 90' lang='lat' dir='ltr'><strong>hoc</strong></span> <span class='ocrx_word' id='word_1_659' title='bbox 2396 2612 2412 2637; x_wconf 93' lang='lat'><strong>,</strong></span> <span class='ocrx_word' id='word_1_660' title='bbox 2445 2573 2714 2642; x_wconf 82' lang='lat' dir='ltr'><strong>proposita</strong></span> <span class='ocrx_word' id='word_1_661' title='bbox 2741 2573 3038 2643; x_wconf 66' lang='lat' dir='ltr'><strong>quaestione</strong></span> <span class='ocrx_word' id='word_1_662' title='bbox 3075 2584 3254 2629; x_wconf 89' lang='lat' dir='ltr'><strong>utrum</strong></span> <span class='ocrx_word' id='word_1_663' title='bbox 3280 2575 3350 2631; x_wconf 91' lang='lat' dir='ltr'><strong>sit</strong></span> <span class='ocrx_word' id='word_1_664' title='bbox 3377 2575 3429 2630; x_wconf 91' lang='lat' dir='ltr'><strong>in</strong></span> <span class='ocrx_word' id='word_1_665' title='bbox 3454 2586 3645 2634; x_wconf 78' lang='lat' dir='ltr'><strong>natura</strong></span> 
     </span>
    </p>
   </div>
   <div class='ocr_carea' id='block_1_88' title="bbox 2054 2660 3646 2736">
    <p class='ocr_par' dir='ltr' id='par_1_88' title="bbox 2054 2660 3646 2736">
     <span class='ocr_line' id='line_1_88' title="bbox 2054 2660 3646 2736; baseline 0.005 -21"><span class='ocrx_word' id='word_1_666' title='bbox 2054 2669 2354 2735; x_wconf 88' lang='lat' dir='ltr'><strong>peccatum,</strong></span> <span class='ocrx_word' id='word_1_667' title='bbox 2381 2660 2579 2718; x_wconf 90' lang='lat' dir='ltr'><strong>docere</strong></span> <span class='ocrx_word' id='word_1_668' title='bbox 2609 2662 2914 2719; x_wconf 87' lang='lat' dir='ltr'><strong>intenderas</strong></span> <span class='ocrx_word' id='word_1_669' title='bbox 2942 2663 2996 2718; x_wconf 94' lang='lat' dir='ltr'><strong>in</strong></span> <span class='ocrx_word' id='word_1_670' title='bbox 3024 2672 3211 2719; x_wconf 90' lang='lat' dir='ltr'><strong>natura</strong></span> <span class='ocrx_word' id='word_1_671' title='bbox 3237 2679 3342 2720; x_wconf 90' lang='lat' dir='ltr'><strong>non</strong></span> <span class='ocrx_word' id='word_1_672' title='bbox 3369 2680 3490 2722; x_wconf 89' lang='lat' dir='ltr'><strong>esse</strong></span> <span class='ocrx_word' id='word_1_673' title='bbox 3518 2681 3646 2736; x_wconf 87' lang='lat' dir='ltr'><strong>pce-</strong></span> 
     </span>
    </p>
   </div>
   <div class='ocr_carea' id='block_1_89' title="bbox 2055 2752 3647 2822">
    <p class='ocr_par' dir='ltr' id='par_1_89' title="bbox 2055 2752 3647 2822">
     <span class='ocr_line' id='line_1_89' title="bbox 2055 2752 3647 2822; baseline 0.004 -17"><span class='ocrx_word' id='word_1_674' title='bbox 2055 2760 2232 2805; x_wconf 87' lang='lat' dir='ltr'><strong>catum</strong></span> <span class='ocrx_word' id='word_1_675' title='bbox 2262 2769 2276 2805; x_wconf 89' lang='lat'><strong>:</strong></span> <span class='ocrx_word' id='word_1_676' title='bbox 2304 2767 2493 2806; x_wconf 91' lang='lat' dir='ltr'><strong>vanam</strong></span> <span class='ocrx_word' id='word_1_677' title='bbox 2530 2767 2658 2822; x_wconf 90' lang='lat' dir='ltr'><strong>ergo</strong></span> <span class='ocrx_word' id='word_1_678' title='bbox 2695 2752 2861 2809; x_wconf 81' lang='lat' dir='ltr'><strong>fuisse</strong></span> <span class='ocrx_word' id='word_1_679' title='bbox 2906 2753 3257 2811; x_wconf 84' lang='lat' dir='ltr'><strong>intentionem</strong></span> <span class='ocrx_word' id='word_1_680' title='bbox 3288 2764 3456 2821; x_wconf 75' lang='lat' dir='ltr'><strong>tuam,</strong></span> <span class='ocrx_word' id='word_1_681' title='bbox 3502 2765 3558 2812; x_wconf 84' lang='lat' dir='ltr'><strong>et</strong></span> <span class='ocrx_word' id='word_1_682' title='bbox 3594 2757 3647 2812; x_wconf 91' lang='lat' dir='ltr'><strong>in</strong></span> 
     </span>
    </p>
   </div>
   <div class='ocr_carea' id='block_1_90' title="bbox 2055 2842 3651 2912">
    <p class='ocr_par' dir='ltr' id='par_1_90' title="bbox 2055 2842 3651 2912">
     <span class='ocr_line' id='line_1_90' title="bbox 2055 2842 3651 2912; baseline 0.006 -19"><span class='ocrx_word' id='word_1_683' title='bbox 2055 2855 2254 2898; x_wconf 88' lang='lat' dir='ltr'><strong>vanum</strong></span> <span class='ocrx_word' id='word_1_684' title='bbox 2298 2848 2351 2896; x_wconf 88' lang='lat' dir='ltr'><strong>te</strong></span> <span class='ocrx_word' id='word_1_685' title='bbox 2397 2842 2555 2896; x_wconf 87' lang='lat' dir='ltr'><strong>istam</strong></span> <span class='ocrx_word' id='word_1_686' title='bbox 2604 2843 2943 2912; x_wconf 89' lang='lat' dir='ltr'><strong>proposuisse</strong></span> <span class='ocrx_word' id='word_1_687' title='bbox 2972 2844 3350 2912; x_wconf 62' lang='lat' dir='ltr'><strong>quarstionein,</strong></span> <span class='ocrx_word' id='word_1_688' title='bbox 3380 2846 3427 2901; x_wconf 90' lang='lat' dir='ltr'><strong>si</strong></span> <span class='ocrx_word' id='word_1_689' title='bbox 3456 2861 3562 2900; x_wconf 86' lang='lat' dir='ltr'><strong>non</strong></span> <span class='ocrx_word' id='word_1_690' title='bbox 3586 2860 3651 2902; x_wconf 86' lang='lat' dir='ltr'><strong>es</strong></span> 
     </span>
    </p>
   </div>
   <div class='ocr_carea' id='block_1_91' title="bbox 2056 2931 3645 3007">
    <p class='ocr_par' dir='ltr' id='par_1_91' title="bbox 2056 2931 3645 3007">
     <span class='ocr_line' id='line_1_91' title="bbox 2056 2931 3645 3007; baseline 0.003 -23"><span class='ocrx_word' id='word_1_691' title='bbox 2056 2931 2279 2985; x_wconf 86' lang='lat' dir='ltr'><strong>nimium</strong></span> <span class='ocrx_word' id='word_1_692' title='bbox 2307 2945 2506 2998; x_wconf 86' lang='lat' dir='ltr'><strong>vanus,</strong></span> <span class='ocrx_word' id='word_1_693' title='bbox 2539 2932 2813 3002; x_wconf 87' lang='lat' dir='ltr'><strong>intelligis.</strong></span> <span class='ocrx_word' id='word_1_694' title='bbox 2839 2933 2978 2988; x_wconf 87' lang='lat' dir='ltr'><strong>Ecce</strong></span> <span class='ocrx_word' id='word_1_695' title='bbox 2992 2933 3221 2991; x_wconf 65' lang='lat' dir='ltr'><strong>rationis</strong></span> <span class='ocrx_word' id='word_1_696' title='bbox 3250 2943 3373 2998; x_wconf 67' lang='lat' dir='ltr'><strong>tua),</strong></span> <span class='ocrx_word' id='word_1_697' title='bbox 3399 2936 3645 3007; x_wconf 78' lang='lat' dir='ltr'><strong>quoniam</strong></span> 
     </span>
    </p>
   </div>
   <div class='ocr_carea' id='block_1_92' title="bbox 2056 3020 3647 3091">
    <p class='ocr_par' dir='ltr' id='par_1_92' title="bbox 2056 3020 3647 3091">
     <span class='ocr_line' id='line_1_92' title="bbox 2056 3020 3647 3091; baseline 0.006 -17"><span class='ocrx_word' id='word_1_698' title='bbox 2056 3020 2197 3075; x_wconf 87' lang='lat' dir='ltr'><strong>ratio</strong></span> <span class='ocrx_word' id='word_1_699' title='bbox 2219 3036 2345 3075; x_wconf 90' lang='lat' dir='ltr'><strong>vera</strong></span> <span class='ocrx_word' id='word_1_700' title='bbox 2376 3036 2481 3076; x_wconf 93' lang='lat' dir='ltr'><strong>non</strong></span> <span class='ocrx_word' id='word_1_701' title='bbox 2509 3030 2613 3086; x_wconf 84' lang='lat' dir='ltr'><strong>est,</strong></span> <span class='ocrx_word' id='word_1_702' title='bbox 2639 3020 2978 3077; x_wconf 82' lang='lat' dir='ltr'><strong>fundamenta</strong></span> <span class='ocrx_word' id='word_1_703' title='bbox 3004 3025 3276 3091; x_wconf 87' lang='lat' dir='ltr'><strong>convello;</strong></span> <span class='ocrx_word' id='word_1_704' title='bbox 3309 3041 3409 3083; x_wconf 91' lang='lat' dir='ltr'><strong>nec</strong></span> <span class='ocrx_word' id='word_1_705' title='bbox 3446 3037 3647 3091; x_wconf 85' lang='lat' dir='ltr'><strong>tamen.</strong></span> 
     </span>
    </p>
   </div>
   <div class='ocr_carea' id='block_1_93' title="bbox 2058 3109 3652 3180">
    <p class='ocr_par' dir='ltr' id='par_1_93' title="bbox 2058 3109 3652 3180">
     <span class='ocr_line' id='line_1_93' title="bbox 2058 3109 3652 3180; baseline 0.005 -17"><span class='ocrx_word' id='word_1_706' title='bbox 2058 3110 2198 3164; x_wconf 87' lang='lat' dir='ltr'><strong>sicut</strong></span> <span class='ocrx_word' id='word_1_707' title='bbox 2225 3109 2562 3176; x_wconf 89' lang='lat' dir='ltr'><strong>conviciaris,</strong></span> <span class='ocrx_word' id='word_1_708' title='bbox 2597 3110 2767 3180; x_wconf 90' lang='lat' dir='ltr'><strong>prodo</strong></span> <span class='ocrx_word' id='word_1_709' title='bbox 2792 3127 2967 3166; x_wconf 92' lang='lat' dir='ltr'><strong>meum</strong></span> <span class='ocrx_word' id='word_1_710' title='bbox 2988 3113 3242 3180; x_wconf 82' lang='lat' dir='ltr'><strong>furorem,</strong></span> <span class='ocrx_word' id='word_1_711' title='bbox 3266 3114 3363 3170; x_wconf 88' lang='lat' dir='ltr'><strong>sed</strong></span> <span class='ocrx_word' id='word_1_712' title='bbox 3389 3123 3535 3170; x_wconf 90' lang='lat' dir='ltr'><strong>tuum</strong></span> <span class='ocrx_word' id='word_1_713' title='bbox 3561 3130 3652 3171; x_wconf 87' lang='lat' dir='ltr'><strong>er-</strong></span> 
     </span>
    </p>
   </div>
   <div class='ocr_carea' id='block_1_94' title="bbox 2057 3197 3644 3272">
    <p class='ocr_par' dir='ltr' id='par_1_94' title="bbox 2057 3197 3644 3272">
     <span class='ocr_line' id='line_1_94' title="bbox 2057 3197 3644 3272; baseline 0.006 -20"><span class='ocrx_word' id='word_1_714' title='bbox 2057 3212 2257 3253; x_wconf 88' lang='lat' dir='ltr'><strong>rorem.</strong></span> <span class='ocrx_word' id='word_1_715' title='bbox 2282 3197 2566 3254; x_wconf 86' lang='lat' dir='ltr'><strong>Concessis</strong></span> <span class='ocrx_word' id='word_1_716' title='bbox 2600 3200 2741 3254; x_wconf 90' lang='lat' dir='ltr'><strong>enim</strong></span> <span class='ocrx_word' id='word_1_717' title='bbox 2772 3200 2980 3256; x_wconf 90' lang='lat' dir='ltr'><strong>duobus</strong></span> <span class='ocrx_word' id='word_1_718' title='bbox 3003 3218 3121 3272; x_wconf 82' lang='lat' dir='ltr'><strong>quae</strong></span> <span class='ocrx_word' id='word_1_719' title='bbox 3146 3203 3314 3259; x_wconf 88' lang='lat' dir='ltr'><strong>sumis</strong></span> <span class='ocrx_word' id='word_1_720' title='bbox 3338 3246 3354 3272; x_wconf 93' lang='lat'><strong>,</strong></span> <span class='ocrx_word' id='word_1_721' title='bbox 3386 3204 3507 3260; x_wconf 84' lang='lat' dir='ltr'><strong>ideo</strong></span> <span class='ocrx_word' id='word_1_722' title='bbox 3532 3214 3644 3262; x_wconf 69' lang='lat' dir='ltr'><strong>ter~</strong></span> 
     </span>
    </p>
   </div>
   <div class='ocr_carea' id='block_1_95' title="bbox 2056 3289 3648 3364">
    <p class='ocr_par' dir='ltr' id='par_1_95' title="bbox 2056 3289 3648 3364">
     <span class='ocr_line' id='line_1_95' title="bbox 2056 3289 3648 3364; baseline 0.006 -22"><span class='ocrx_word' id='word_1_723' title='bbox 2056 3289 2188 3343; x_wconf 89' lang='lat' dir='ltr'><strong>tium</strong></span> <span class='ocrx_word' id='word_1_724' title='bbox 2220 3303 2378 3359; x_wconf 85' lang='lat' dir='ltr'><strong>nego,</strong></span> <span class='ocrx_word' id='word_1_725' title='bbox 2408 3289 2530 3359; x_wconf 92' lang='lat' dir='ltr'><strong>quia</strong></span> <span class='ocrx_word' id='word_1_726' title='bbox 2559 3304 2665 3344; x_wconf 90' lang='lat' dir='ltr'><strong>non</strong></span> <span class='ocrx_word' id='word_1_727' title='bbox 2694 3299 2778 3345; x_wconf 91' lang='lat' dir='ltr'><strong>est</strong></span> <span class='ocrx_word' id='word_1_728' title='bbox 2805 3291 2857 3345; x_wconf 90' lang='lat' dir='ltr'><strong>in</strong></span> <span class='ocrx_word' id='word_1_729' title='bbox 2883 3307 2969 3359; x_wconf 91' lang='lat' dir='ltr'><strong>eo,</strong></span> <span class='ocrx_word' id='word_1_730' title='bbox 2998 3294 3136 3349; x_wconf 85' lang='lat' dir='ltr'><strong>sicut</strong></span> <span class='ocrx_word' id='word_1_731' title='bbox 3159 3308 3280 3349; x_wconf 90' lang='lat' dir='ltr'><strong>esse</strong></span> <span class='ocrx_word' id='word_1_732' title='bbox 3305 3302 3479 3364; x_wconf 89' lang='lat' dir='ltr'><strong>putas,</strong></span> <span class='ocrx_word' id='word_1_733' title='bbox 3509 3295 3648 3352; x_wconf 83' lang='lat' dir='ltr'><strong>dno-</strong></span> 
     </span>
    </p>
   </div>
   <div class='ocr_carea' id='block_1_96' title="bbox 2057 3378 3649 3453">
    <p class='ocr_par' dir='ltr' id='par_1_96' title="bbox 2057 3378 3649 3453">
     <span class='ocr_line' id='line_1_96' title="bbox 2057 3378 3649 3453; baseline 0.006 -19"><span class='ocrx_word' id='word_1_734' title='bbox 2057 3395 2177 3434; x_wconf 89' lang='lat' dir='ltr'><strong>rum</strong></span> <span class='ocrx_word' id='word_1_735' title='bbox 2204 3378 2678 3435; x_wconf 82' lang='lat' dir='ltr'><strong>etl‘ectusillorum.</strong></span> <span class='ocrx_word' id='word_1_736' title='bbox 2707 3381 2831 3437; x_wconf 91' lang='lat' dir='ltr'><strong>ldeo</strong></span> <span class='ocrx_word' id='word_1_737' title='bbox 2873 3382 3069 3453; x_wconf 88' lang='lat' dir='ltr'><strong>quippe</strong></span> <span class='ocrx_word' id='word_1_738' title='bbox 3109 3385 3345 3441; x_wconf 89' lang='lat' dir='ltr'><strong>concedo</strong></span> <span class='ocrx_word' id='word_1_739' title='bbox 3386 3402 3490 3442; x_wconf 90' lang='lat' dir='ltr'><strong>non</strong></span> <span class='ocrx_word' id='word_1_740' title='bbox 3526 3403 3649 3445; x_wconf 86' lang='lat' dir='ltr'><strong>esse</strong></span> 
     </span>
    </p>
   </div>
   <div class='ocr_carea' id='block_1_97' title="bbox 2059 3471 3648 3551">
    <p class='ocr_par' dir='ltr' id='par_1_97' title="bbox 2059 3471 3648 3551">
     <span class='ocr_line' id='line_1_97' title="bbox 2059 3471 3648 3551; baseline 0.006 -25"><span class='ocrx_word' id='word_1_741' title='bbox 2059 3472 2176 3527; x_wconf 90' lang='lat' dir='ltr'><strong>sine</strong></span> <span class='ocrx_word' id='word_1_742' title='bbox 2202 3471 2472 3528; x_wconf 89' lang='lat' dir='ltr'><strong>voluntate</strong></span> <span class='ocrx_word' id='word_1_743' title='bbox 2506 3481 2802 3543; x_wconf 89' lang='lat' dir='ltr'><strong>peccatum,</strong></span> <span class='ocrx_word' id='word_1_744' title='bbox 2830 3474 2953 3545; x_wconf 90' lang='lat' dir='ltr'><strong>quia</strong></span> <span class='ocrx_word' id='word_1_745' title='bbox 2978 3476 3094 3531; x_wconf 91' lang='lat' dir='ltr'><strong>sine</strong></span> <span class='ocrx_word' id='word_1_746' title='bbox 3115 3478 3386 3532; x_wconf 84' lang='lat' dir='ltr'><strong>voluntate</strong></span> <span class='ocrx_word' id='word_1_747' title='bbox 3411 3494 3519 3534; x_wconf 92' lang='lat' dir='ltr'><strong>non</strong></span> <span class='ocrx_word' id='word_1_748' title='bbox 3549 3496 3648 3551; x_wconf 86' lang='lat' dir='ltr'><strong>po-</strong></span> 
     </span>
    </p>
   </div>
   <div class='ocr_carea' id='block_1_98' title="bbox 2058 3562 3651 3638">
    <p class='ocr_par' dir='ltr' id='par_1_98' title="bbox 2058 3562 3651 3638">
     <span class='ocr_line' id='line_1_98' title="bbox 2058 3562 3651 3638; baseline 0.007 -20"><span class='ocrx_word' id='word_1_749' title='bbox 2058 3570 2164 3618; x_wconf 88' lang='lat' dir='ltr'><strong>test</strong></span> <span class='ocrx_word' id='word_1_750' title='bbox 2185 3562 2320 3618; x_wconf 78' lang='lat' dir='ltr'><strong>tieri.</strong></span> <span class='ocrx_word' id='word_1_751' title='bbox 2349 3562 2455 3618; x_wconf 88' lang='lat' dir='ltr'><strong>Sed</strong></span> <span class='ocrx_word' id='word_1_752' title='bbox 2483 3564 2584 3618; x_wconf 87' lang='lat' dir='ltr'><strong>alia</strong></span> <span class='ocrx_word' id='word_1_753' title='bbox 2614 3565 2823 3620; x_wconf 85' lang='lat' dir='ltr'><strong>ratione</strong></span> <span class='ocrx_word' id='word_1_754' title='bbox 2860 3581 3047 3622; x_wconf 89' lang='lat' dir='ltr'><strong>rursus</strong></span> <span class='ocrx_word' id='word_1_755' title='bbox 3077 3578 3223 3625; x_wconf 89' lang='lat' dir='ltr'><strong>recte</strong></span> <span class='ocrx_word' id='word_1_756' title='bbox 3260 3569 3487 3638; x_wconf 89' lang='lat' dir='ltr'><strong>dicitur,</strong></span> <span class='ocrx_word' id='word_1_757' title='bbox 3527 3588 3651 3630; x_wconf 85' lang='lat' dir='ltr'><strong>esse</strong></span> 
     </span>
    </p>
   </div>
   <div class='ocr_carea' id='block_1_99' title="bbox 2058 3656 3648 3734">
    <p class='ocr_par' dir='ltr' id='par_1_99' title="bbox 2058 3656 3648 3734">
     <span class='ocr_line' id='line_1_99' title="bbox 2058 3656 3648 3734; baseline 0.006 -22"><span class='ocrx_word' id='word_1_758' title='bbox 2058 3657 2175 3713; x_wconf 90' lang='lat' dir='ltr'><strong>sine</strong></span> <span class='ocrx_word' id='word_1_759' title='bbox 2200 3656 2475 3712; x_wconf 89' lang='lat' dir='ltr'><strong>voluntate</strong></span> <span class='ocrx_word' id='word_1_760' title='bbox 2500 3666 2807 3728; x_wconf 90' lang='lat' dir='ltr'><strong>peccatum,</strong></span> <span class='ocrx_word' id='word_1_761' title='bbox 2838 3658 2961 3729; x_wconf 89' lang='lat' dir='ltr'><strong>quia</strong></span> <span class='ocrx_word' id='word_1_762' title='bbox 3010 3668 3210 3728; x_wconf 90' lang='lat' dir='ltr'><strong>manet,</strong></span> <span class='ocrx_word' id='word_1_763' title='bbox 3245 3663 3495 3734; x_wconf 87' lang='lat' dir='ltr'><strong>quamdiu</strong></span> <span class='ocrx_word' id='word_1_764' title='bbox 3537 3680 3648 3721; x_wconf 75' lang='lat' dir='ltr'><strong>non</strong></span> 
     </span>
    </p>
   </div>
   <div class='ocr_carea' id='block_1_100' title="bbox 2059 3749 3646 3827">
    <p class='ocr_par' dir='ltr' id='par_1_100' title="bbox 2059 3749 3646 3827">
     <span class='ocr_line' id='line_1_100' title="bbox 2059 3749 3646 3827; baseline 0.008 -24"><span class='ocrx_word' id='word_1_765' title='bbox 2059 3749 2370 3816; x_wconf 89' lang='lat' dir='ltr'><strong>remittitur,</strong></span> <span class='ocrx_word' id='word_1_766' title='bbox 2400 3749 2563 3805; x_wconf 88' lang='lat' dir='ltr'><strong>etiam</strong></span> <span class='ocrx_word' id='word_1_767' title='bbox 2587 3749 2879 3807; x_wconf 90' lang='lat' dir='ltr'><strong>desistente</strong></span> <span class='ocrx_word' id='word_1_768' title='bbox 2905 3754 3174 3812; x_wconf 87' lang='lat' dir='ltr'><strong>voluntate</strong></span> <span class='ocrx_word' id='word_1_769' title='bbox 3193 3772 3296 3827; x_wconf 91' lang='lat' dir='ltr'><strong>qua</strong></span> <span class='ocrx_word' id='word_1_770' title='bbox 3325 3757 3518 3815; x_wconf 83' lang='lat' dir='ltr'><strong>factum</strong></span> <span class='ocrx_word' id='word_1_771' title='bbox 3541 3770 3646 3815; x_wconf 88' lang='lat' dir='ltr'><strong>est.</strong></span> 
     </span>
    </p>
   </div>
   <div class='ocr_carea' id='block_1_101' title="bbox 2062 3839 3648 3922">
    <p class='ocr_par' dir='ltr' id='par_1_101' title="bbox 2062 3839 3648 3922">
     <span class='ocr_line' id='line_1_101' title="bbox 2062 3839 3648 3922; baseline 0.008 -27"><span class='ocrx_word' id='word_1_772' title='bbox 2062 3839 2197 3906; x_wconf 77' lang='lat' dir='ltr'><strong>item</strong></span> <span class='ocrx_word' id='word_1_773' title='bbox 2226 3840 2467 3897; x_wconf 91' lang='lat' dir='ltr'><strong>concedo</strong></span> <span class='ocrx_word' id='word_1_774' title='bbox 2493 3856 2599 3898; x_wconf 85' lang='lat' dir='ltr'><strong>non</strong></span> <span class='ocrx_word' id='word_1_775' title='bbox 2624 3857 2744 3898; x_wconf 89' lang='lat' dir='ltr'><strong>esse</strong></span> <span class='ocrx_word' id='word_1_776' title='bbox 2767 3843 2882 3900; x_wconf 82' lang='lat' dir='ltr'><strong>sine</strong></span> <span class='ocrx_word' id='word_1_777' title='bbox 2908 3846 3178 3902; x_wconf 85' lang='lat' dir='ltr'><strong>voluntate</strong></span> <span class='ocrx_word' id='word_1_778' title='bbox 3199 3859 3494 3916; x_wconf 80' lang='lat' dir='ltr'><strong>peccatum,</strong></span> <span class='ocrx_word' id='word_1_779' title='bbox 3523 3853 3648 3922; x_wconf 81' lang='lat' dir='ltr'><strong>quia</strong></span> 
     </span>
    </p>
   </div>
   <div class='ocr_carea' id='block_1_102' title="bbox 2061 3928 3650 4005">
    <p class='ocr_par' dir='ltr' id='par_1_102' title="bbox 2061 3928 3650 4005">
     <span class='ocr_line' id='line_1_102' title="bbox 2061 3928 3650 4005; baseline 0.008 -18"><span class='ocrx_word' id='word_1_780' title='bbox 2061 3943 2114 3988; x_wconf 89' lang='lat' dir='ltr'><strong>et</strong></span> <span class='ocrx_word' id='word_1_781' title='bbox 2139 3932 2398 4004; x_wconf 88' lang='lat' dir='ltr'><strong>originale</strong></span> <span class='ocrx_word' id='word_1_782' title='bbox 2425 3928 2699 4005; x_wconf 88' lang='lat' dir='ltr'><strong>peccatum</strong></span> <span class='ocrx_word' id='word_1_783' title='bbox 2741 3935 2858 3991; x_wconf 90' lang='lat' dir='ltr'><strong>sine</strong></span> <span class='ocrx_word' id='word_1_784' title='bbox 2897 3938 3167 3994; x_wconf 88' lang='lat' dir='ltr'><strong>voluntate</strong></span> <span class='ocrx_word' id='word_1_785' title='bbox 3209 3954 3313 3994; x_wconf 93' lang='lat' dir='ltr'><strong>non</strong></span> <span class='ocrx_word' id='word_1_786' title='bbox 3345 3940 3538 3999; x_wconf 82' lang='lat' dir='ltr'><strong>factum</strong></span> <span class='ocrx_word' id='word_1_787' title='bbox 3565 3954 3650 4000; x_wconf 86' lang='lat' dir='ltr'><strong>est</strong></span> 
     </span>
    </p>
   </div>
   <div class='ocr_carea' id='block_1_103' title="bbox 2062 4023 3650 4096">
    <p class='ocr_par' dir='ltr' id='par_1_103' title="bbox 2062 4023 3650 4096">
     <span class='ocr_line' id='line_1_103' title="bbox 2062 4023 3650 4096; baseline 0.007 -17"><span class='ocrx_word' id='word_1_788' title='bbox 2062 4023 2196 4094; x_wconf 89' lang='lat' dir='ltr'><strong>ejus,</strong></span> <span class='ocrx_word' id='word_1_789' title='bbox 2229 4038 2257 4078; x_wconf 92' lang='lat' dir='ltr'><strong>a</strong></span> <span class='ocrx_word' id='word_1_790' title='bbox 2300 4039 2406 4095; x_wconf 90' lang='lat' dir='ltr'><strong>quo</strong></span> <span class='ocrx_word' id='word_1_791' title='bbox 2454 4030 2566 4095; x_wconf 89' lang='lat' dir='ltr'><strong>ipsa</strong></span> <span class='ocrx_word' id='word_1_792' title='bbox 2611 4025 2761 4095; x_wconf 88' lang='lat' dir='ltr'><strong>origo</strong></span> <span class='ocrx_word' id='word_1_793' title='bbox 2808 4028 3034 4096; x_wconf 91' lang='lat' dir='ltr'><strong>sumpsit</strong></span> <span class='ocrx_word' id='word_1_794' title='bbox 3076 4030 3374 4085; x_wconf 83' lang='lat' dir='ltr'><strong>exordium.</strong></span> <span class='ocrx_word' id='word_1_795' title='bbox 3420 4032 3650 4091; x_wconf 87' lang='lat' dir='ltr'><strong>Proinde</strong></span> 
     </span>
    </p>
   </div>
   <div class='ocr_carea' id='block_1_104' title="bbox 2061 4113 3649 4187">
    <p class='ocr_par' dir='ltr' id='par_1_104' title="bbox 2061 4113 3649 4187">
     <span class='ocr_line' id='line_1_104' title="bbox 2061 4113 3649 4187; baseline 0.008 -19"><span class='ocrx_word' id='word_1_796' title='bbox 2061 4114 2182 4168; x_wconf 71' lang='lat' dir='ltr'><strong>cu&#39;m</strong></span> <span class='ocrx_word' id='word_1_797' title='bbox 2209 4113 2367 4168; x_wconf 90' lang='lat' dir='ltr'><strong>etiam</strong></span> <span class='ocrx_word' id='word_1_798' title='bbox 2394 4113 2522 4167; x_wconf 83' lang='lat' dir='ltr'><strong>illud</strong></span> <span class='ocrx_word' id='word_1_799' title='bbox 2544 4114 2801 4180; x_wconf 90' lang='lat' dir='ltr'><strong>concedo,</strong></span> <span class='ocrx_word' id='word_1_800' title='bbox 2825 4116 2966 4186; x_wconf 90' lang='lat' dir='ltr'><strong>quod</strong></span> <span class='ocrx_word' id='word_1_801' title='bbox 2997 4119 3245 4187; x_wconf 84' lang='lat' dir='ltr'><strong>peccandi</strong></span> <span class='ocrx_word' id='word_1_802' title='bbox 3273 4121 3518 4177; x_wconf 78' lang='lat' dir='ltr'><strong>voluntas</strong></span> <span class='ocrx_word' id='word_1_803' title='bbox 3540 4138 3649 4180; x_wconf 89' lang='lat' dir='ltr'><strong>non</strong></span> 
     </span>
    </p>
   </div>
   <div class='ocr_carea' id='block_1_105' title="bbox 2062 4203 3645 4282">
    <p class='ocr_par' dir='ltr' id='par_1_105' title="bbox 2062 4203 3645 4282">
     <span class='ocr_line' id='line_1_105' title="bbox 2062 4203 3645 4282; baseline 0.006 -24"><span class='ocrx_word' id='word_1_804' title='bbox 2062 4203 2133 4258; x_wconf 94' lang='lat' dir='ltr'><strong>sit</strong></span> <span class='ocrx_word' id='word_1_805' title='bbox 2170 4204 2221 4257; x_wconf 94' lang='lat' dir='ltr'><strong>in</strong></span> <span class='ocrx_word' id='word_1_806' title='bbox 2252 4205 2492 4273; x_wconf 88' lang='lat' dir='ltr'><strong>parvulo,</strong></span> <span class='ocrx_word' id='word_1_807' title='bbox 2524 4220 2630 4259; x_wconf 93' lang='lat' dir='ltr'><strong>non</strong></span> <span class='ocrx_word' id='word_1_808' title='bbox 2657 4220 2725 4260; x_wconf 82' lang='lat' dir='ltr'><strong>ex</strong></span> <span class='ocrx_word' id='word_1_809' title='bbox 2754 4205 2838 4260; x_wconf 88' lang='lat' dir='ltr'><strong>bis</strong></span> <span class='ocrx_word' id='word_1_810' title='bbox 2865 4206 3072 4263; x_wconf 89' lang='lat' dir='ltr'><strong>duobus</strong></span> <span class='ocrx_word' id='word_1_811' title='bbox 3098 4210 3381 4266; x_wconf 81' lang='lat' dir='ltr'><strong>coniicitur</strong></span> <span class='ocrx_word' id='word_1_812' title='bbox 3406 4213 3645 4282; x_wconf 83' lang='lat' dir='ltr'><strong>tertium,</strong></span> 
     </span>
    </p>
   </div>
   <div class='ocr_carea' id='block_1_106' title="bbox 2062 4294 3648 4367">
    <p class='ocr_par' dir='ltr' id='par_1_106' title="bbox 2062 4294 3648 4367">
     <span class='ocr_line' id='line_1_106' title="bbox 2062 4294 3648 4367; baseline 0.01 -22"><span class='ocrx_word' id='word_1_813' title='bbox 2062 4294 2202 4363; x_wconf 87' lang='lat' dir='ltr'><strong>quod</strong></span> <span class='ocrx_word' id='word_1_814' title='bbox 2244 4303 2517 4365; x_wconf 89' lang='lat' dir='ltr'><strong>peccatum</strong></span> <span class='ocrx_word' id='word_1_815' title='bbox 2546 4310 2651 4349; x_wconf 89' lang='lat' dir='ltr'><strong>non</strong></span> <span class='ocrx_word' id='word_1_816' title='bbox 2695 4296 2764 4349; x_wconf 90' lang='lat' dir='ltr'><strong>sit</strong></span> <span class='ocrx_word' id='word_1_817' title='bbox 2791 4296 2842 4350; x_wconf 91' lang='lat' dir='ltr'><strong>in</strong></span> <span class='ocrx_word' id='word_1_818' title='bbox 2884 4298 3126 4367; x_wconf 89' lang='lat' dir='ltr'><strong>parvulo.</strong></span> <span class='ocrx_word' id='word_1_819' title='bbox 3157 4297 3519 4359; x_wconf 82' lang='lat' dir='ltr'><strong>Conticeretur</strong></span> <span class='ocrx_word' id='word_1_820' title='bbox 3550 4319 3648 4360; x_wconf 82' lang='lat' dir='ltr'><strong>au-</strong></span> 
     </span>
    </p>
   </div>
   <div class='ocr_carea' id='block_1_107' title="bbox 2063 4383 3648 4463">
    <p class='ocr_par' dir='ltr' id='par_1_107' title="bbox 2063 4383 3648 4463">
     <span class='ocr_line' id='line_1_107' title="bbox 2063 4383 3648 4463; baseline 0.009 -26"><span class='ocrx_word' id='word_1_821' title='bbox 2063 4391 2194 4451; x_wconf 74' lang='lat' dir='ltr'><strong>tem,</strong></span> <span class='ocrx_word' id='word_1_822' title='bbox 2246 4383 2291 4438; x_wconf 91' lang='lat' dir='ltr'><strong>si</strong></span> <span class='ocrx_word' id='word_1_823' title='bbox 2340 4385 2787 4454; x_wconf 89' lang='lat' dir='ltr'><strong>quemadmodum</strong></span> <span class='ocrx_word' id='word_1_824' title='bbox 2812 4388 3050 4443; x_wconf 90' lang='lat' dir='ltr'><strong>concedo</strong></span> <span class='ocrx_word' id='word_1_825' title='bbox 3088 4405 3195 4444; x_wconf 91' lang='lat' dir='ltr'><strong>non</strong></span> <span class='ocrx_word' id='word_1_826' title='bbox 3222 4405 3648 4463; x_wconf 74' lang='lat' dir='ltr'><strong>esse-peccatum</strong></span> 
     </span>
    </p>
   </div>
   <div class='ocr_carea' id='block_1_108' title="bbox 2062 4474 3652 4558">
    <p class='ocr_par' dir='ltr' id='par_1_108' title="bbox 2062 4474 3652 4558">
     <span class='ocr_line' id='line_1_108' title="bbox 2062 4474 3652 4558; baseline 0.011 -31"><span class='ocrx_word' id='word_1_827' title='bbox 2062 4474 2180 4528; x_wconf 88' lang='lat' dir='ltr'><strong>sine</strong></span> <span class='ocrx_word' id='word_1_828' title='bbox 2228 4475 2537 4542; x_wconf 88' lang='lat' dir='ltr'><strong>voluntate,</strong></span> <span class='ocrx_word' id='word_1_829' title='bbox 2571 4477 2641 4531; x_wconf 89' lang='lat' dir='ltr'><strong>ita</strong></span> <span class='ocrx_word' id='word_1_830' title='bbox 2683 4478 3032 4543; x_wconf 84' lang='lat' dir='ltr'><strong>concederem</strong></span> <span class='ocrx_word' id='word_1_831' title='bbox 3080 4497 3186 4537; x_wconf 89' lang='lat' dir='ltr'><strong>non</strong></span> <span class='ocrx_word' id='word_1_832' title='bbox 3238 4498 3358 4539; x_wconf 86' lang='lat' dir='ltr'><strong>esse</strong></span> <span class='ocrx_word' id='word_1_833' title='bbox 3390 4485 3652 4558; x_wconf 79' lang='lat' dir='ltr'><strong>cujusque</strong></span> 
     </span>
    </p>
   </div>
   <div class='ocr_carea' id='block_1_109' title="bbox 2063 4565 3649 4647">
    <p class='ocr_par' dir='ltr' id='par_1_109' title="bbox 2063 4565 3649 4647">
     <span class='ocr_line' id='line_1_109' title="bbox 2063 4565 3649 4647; baseline 0.01 -30"><span class='ocrx_word' id='word_1_834' title='bbox 2063 4574 2339 4633; x_wconf 87' lang='lat' dir='ltr'><strong>peccatum</strong></span> <span class='ocrx_word' id='word_1_835' title='bbox 2366 4565 2482 4620; x_wconf 90' lang='lat' dir='ltr'><strong>sine</strong></span> <span class='ocrx_word' id='word_1_836' title='bbox 2507 4566 2677 4635; x_wconf 89' lang='lat' dir='ltr'><strong>ipsius</strong></span> <span class='ocrx_word' id='word_1_837' title='bbox 2702 4570 2914 4638; x_wconf 89' lang='lat' dir='ltr'><strong>pr0pria</strong></span> <span class='ocrx_word' id='word_1_838' title='bbox 2943 4570 3232 4627; x_wconf 85' lang='lat' dir='ltr'><strong>voluntate.</strong></span> <span class='ocrx_word' id='word_1_839' title='bbox 3262 4573 3494 4631; x_wconf 84' lang='lat' dir='ltr'><strong>Proinde</strong></span> <span class='ocrx_word' id='word_1_840' title='bbox 3519 4592 3649 4647; x_wconf 85' lang='lat' dir='ltr'><strong>pec-</strong></span> 
     </span>
    </p>
   </div>
   <div class='ocr_carea' id='block_1_110' title="bbox 2063 4654 3651 4736">
    <p class='ocr_par' dir='ltr' id='par_1_110' title="bbox 2063 4654 3651 4736">
     <span class='ocr_line' id='line_1_110' title="bbox 2063 4654 3651 4736; baseline 0.01 -30"><span class='ocrx_word' id='word_1_841' title='bbox 2063 4654 2166 4706; x_wconf 82' lang='lat' dir='ltr'><strong>cati</strong></span> <span class='ocrx_word' id='word_1_842' title='bbox 2197 4655 2412 4723; x_wconf 91' lang='lat' dir='ltr'><strong>quidem</strong></span> <span class='ocrx_word' id='word_1_843' title='bbox 2440 4656 2762 4710; x_wconf 87' lang='lat' dir='ltr'><strong>voluntatem</strong></span> <span class='ocrx_word' id='word_1_844' title='bbox 2787 4660 3036 4727; x_wconf 89' lang='lat' dir='ltr'><strong>parvulus</strong></span> <span class='ocrx_word' id='word_1_845' title='bbox 3060 4676 3164 4715; x_wconf 88' lang='lat' dir='ltr'><strong>non</strong></span> <span class='ocrx_word' id='word_1_846' title='bbox 3194 4661 3374 4726; x_wconf 88' lang='lat' dir='ltr'><strong>habet,</strong></span> <span class='ocrx_word' id='word_1_847' title='bbox 3399 4665 3494 4721; x_wconf 88' lang='lat' dir='ltr'><strong>sed</strong></span> <span class='ocrx_word' id='word_1_848' title='bbox 3525 4682 3651 4736; x_wconf 82' lang='lat' dir='ltr'><strong>pee-</strong></span> 
     </span>
    </p>
   </div>
   <div class='ocr_carea' id='block_1_111' title="bbox 2063 4742 3649 4821">
    <p class='ocr_par' dir='ltr' id='par_1_111' title="bbox 2063 4742 3649 4821">
     <span class='ocr_line' id='line_1_111' title="bbox 2063 4742 3649 4821; baseline 0.011 -27"><span class='ocrx_word' id='word_1_849' title='bbox 2063 4751 2237 4795; x_wconf 90' lang='lat' dir='ltr'><strong>catum</strong></span> <span class='ocrx_word' id='word_1_850' title='bbox 2269 4758 2375 4796; x_wconf 91' lang='lat' dir='ltr'><strong>non</strong></span> <span class='ocrx_word' id='word_1_851' title='bbox 2406 4742 2647 4808; x_wconf 90' lang='lat' dir='ltr'><strong>haberet,</strong></span> <span class='ocrx_word' id='word_1_852' title='bbox 2683 4745 2780 4798; x_wconf 86' lang='lat' dir='ltr'><strong>nisi</strong></span> <span class='ocrx_word' id='word_1_853' title='bbox 2810 4748 2896 4800; x_wconf 90' lang='lat' dir='ltr'><strong>ille</strong></span> <span class='ocrx_word' id='word_1_854' title='bbox 2920 4788 2933 4810; x_wconf 93' lang='lat'><strong>,</strong></span> <span class='ocrx_word' id='word_1_855' title='bbox 2962 4747 3030 4802; x_wconf 92' lang='lat' dir='ltr'><strong>de</strong></span> <span class='ocrx_word' id='word_1_856' title='bbox 3067 4763 3172 4818; x_wconf 94' lang='lat' dir='ltr'><strong>quo</strong></span> <span class='ocrx_word' id='word_1_857' title='bbox 3201 4749 3250 4804; x_wconf 90' lang='lat' dir='ltr'><strong>id</strong></span> <span class='ocrx_word' id='word_1_858' title='bbox 3275 4754 3524 4821; x_wconf 78' lang='lat' dir='ltr'><strong>attraxit,</strong></span> <span class='ocrx_word' id='word_1_859' title='bbox 3548 4770 3649 4811; x_wconf 80' lang='lat' dir='ltr'><strong>vo-</strong></span> 
     </span>
    </p>
   </div>
   <div class='ocr_carea' id='block_1_112' title="bbox 2064 4827 3647 4911">
    <p class='ocr_par' dir='ltr' id='par_1_112' title="bbox 2064 4827 3647 4911">
     <span class='ocr_line' id='line_1_112' title="bbox 2064 4827 3647 4911; baseline 0.011 -29"><span class='ocrx_word' id='word_1_860' title='bbox 2064 4827 2264 4884; x_wconf 87' lang='lat' dir='ltr'><strong>luntate</strong></span> <span class='ocrx_word' id='word_1_861' title='bbox 2284 4841 2574 4899; x_wconf 90' lang='lat' dir='ltr'><strong>peccasset.</strong></span> <span class='ocrx_word' id='word_1_862' title='bbox 2604 4832 2732 4885; x_wconf 87' lang='lat' dir='ltr'><strong>Nam</strong></span> <span class='ocrx_word' id='word_1_863' title='bbox 2755 4833 2820 4888; x_wconf 90' lang='lat' dir='ltr'><strong>de</strong></span> <span class='ocrx_word' id='word_1_864' title='bbox 2845 4834 2955 4903; x_wconf 89' lang='lat' dir='ltr'><strong>ipsa</strong></span> <span class='ocrx_word' id='word_1_865' title='bbox 2988 4836 3214 4892; x_wconf 85' lang='lat' dir='ltr'><strong>hominis</strong></span> <span class='ocrx_word' id='word_1_866' title='bbox 3229 4854 3437 4911; x_wconf 89' lang='lat' dir='ltr'><strong>quoque</strong></span> <span class='ocrx_word' id='word_1_867' title='bbox 3453 4845 3647 4900; x_wconf 84' lang='lat' dir='ltr'><strong>nativi-</strong></span> 
     </span>
    </p>
   </div>
   <div class='ocr_carea' id='block_1_113' title="bbox 2067 4919 3648 4999">
    <p class='ocr_par' dir='ltr' id='par_1_113' title="bbox 2067 4919 3648 4999">
     <span class='ocr_line' id='line_1_113' title="bbox 2067 4919 3648 4999; baseline 0.012 -26"><span class='ocrx_word' id='word_1_868' title='bbox 2067 4927 2172 4974; x_wconf 89' lang='lat' dir='ltr'><strong>tate</strong></span> <span class='ocrx_word' id='word_1_869' title='bbox 2212 4919 2313 4974; x_wconf 88' lang='lat' dir='ltr'><strong>tale</strong></span> <span class='ocrx_word' id='word_1_870' title='bbox 2337 4919 2534 4990; x_wconf 87' lang='lat' dir='ltr'><strong>aliquid</strong></span> <span class='ocrx_word' id='word_1_871' title='bbox 2565 4921 2668 4976; x_wconf 87' lang='lat' dir='ltr'><strong>dici</strong></span> <span class='ocrx_word' id='word_1_872' title='bbox 2698 4931 2871 4991; x_wconf 87' lang='lat' dir='ltr'><strong>potest</strong></span> <span class='ocrx_word' id='word_1_873' title='bbox 2899 4941 2912 4979; x_wconf 89' lang='lat'><strong>:</strong></span> <span class='ocrx_word' id='word_1_874' title='bbox 2945 4924 2991 4980; x_wconf 93' lang='lat' dir='ltr'><strong>si</strong></span> <span class='ocrx_word' id='word_1_875' title='bbox 3021 4926 3161 4980; x_wconf 88' lang='lat' dir='ltr'><strong>enim</strong></span> <span class='ocrx_word' id='word_1_876' title='bbox 3192 4927 3397 4985; x_wconf 88' lang='lat' dir='ltr'><strong>diceres</strong></span> <span class='ocrx_word' id='word_1_877' title='bbox 3418 4973 3434 4999; x_wconf 92' lang='lat'><strong>,</strong></span> <span class='ocrx_word' id='word_1_878' title='bbox 3476 4933 3648 4992; x_wconf 86' lang='lat' dir='ltr'><strong>Nemo</strong></span> 
     </span>
    </p>
   </div>
   <div class='ocr_carea' id='block_1_114' title="bbox 2065 5007 3644 5082">
    <p class='ocr_par' dir='ltr' id='par_1_114' title="bbox 2065 5007 3644 5082">
     <span class='ocr_line' id='line_1_114' title="bbox 2065 5007 3644 5082; baseline 0.013 -21"><span class='ocrx_word' id='word_1_879' title='bbox 2065 5007 2299 5063; x_wconf 89' lang='lat' dir='ltr'><strong>nascitur</strong></span> <span class='ocrx_word' id='word_1_880' title='bbox 2335 5009 2437 5064; x_wconf 83' lang='lat' dir='ltr'><strong>nisi</strong></span> <span class='ocrx_word' id='word_1_881' title='bbox 2463 5024 2529 5065; x_wconf 80' lang='lat' dir='ltr'><strong>ex</strong></span> <span class='ocrx_word' id='word_1_882' title='bbox 2554 5011 2850 5079; x_wconf 86' lang='lat' dir='ltr'><strong>voluntate;</strong></span> <span class='ocrx_word' id='word_1_883' title='bbox 2899 5030 3003 5069; x_wconf 90' lang='lat' dir='ltr'><strong>non</strong></span> <span class='ocrx_word' id='word_1_884' title='bbox 3041 5015 3158 5072; x_wconf 91' lang='lat' dir='ltr'><strong>sine</strong></span> <span class='ocrx_word' id='word_1_885' title='bbox 3199 5021 3407 5077; x_wconf 87' lang='lat' dir='ltr'><strong>ratione</strong></span> <span class='ocrx_word' id='word_1_886' title='bbox 3446 5038 3644 5082; x_wconf 67' lang='lat' dir='ltr'><strong>coneeo</strong></span> 
     </span>
    </p>
   </div>
   <div class='ocr_carea' id='block_1_115' title="bbox 2064 5088 3649 5187">
    <p class='ocr_par' dir='ltr' id='par_1_115' title="bbox 2064 5088 3649 5187">
     <span class='ocr_line' id='line_1_115' title="bbox 2064 5088 3649 5187; baseline 0.014 -34"><span class='ocrx_word' id='word_1_887' title='bbox 2064 5088 2246 5154; x_wconf 79' lang='lat' dir='ltr'><strong>dereni</strong></span> <span class='ocrx_word' id='word_1_888' title='bbox 2267 5116 2280 5153; x_wconf 93' lang='lat'><strong>:</strong></span> <span class='ocrx_word' id='word_1_889' title='bbox 2299 5099 2342 5154; x_wconf 93' lang='lat' dir='ltr'><strong>si</strong></span> <span class='ocrx_word' id='word_1_890' title='bbox 2355 5110 2530 5157; x_wconf 91' lang='lat' dir='ltr'><strong>autem</strong></span> <span class='ocrx_word' id='word_1_891' title='bbox 2547 5102 2773 5170; x_wconf 88' lang='lat' dir='ltr'><strong>diceres,</strong></span> <span class='ocrx_word' id='word_1_892' title='bbox 2795 5104 2961 5161; x_wconf 82' lang='lat' dir='ltr'><strong>Nemo</strong></span> <span class='ocrx_word' id='word_1_893' title='bbox 2982 5108 3217 5164; x_wconf 87' lang='lat' dir='ltr'><strong>nascitur</strong></span> <span class='ocrx_word' id='word_1_894' title='bbox 3232 5111 3329 5167; x_wconf 89' lang='lat' dir='ltr'><strong>nisi</strong></span> <span class='ocrx_word' id='word_1_895' title='bbox 3347 5128 3413 5170; x_wconf 91' lang='lat' dir='ltr'><strong>cx</strong></span> <span class='ocrx_word' id='word_1_896' title='bbox 3430 5119 3649 5187; x_wconf 81' lang='lat' dir='ltr'><strong>propria</strong></span> 
     </span>
    </p>
   </div>
   <div class='ocr_carea' id='block_1_116' title="bbox 2064 5190 3648 5279">
    <p class='ocr_par' dir='ltr' id='par_1_116' title="bbox 2064 5190 3648 5279">
     <span class='ocr_line' id='line_1_116' title="bbox 2064 5190 3648 5279; baseline 0.015 -35"><span class='ocrx_word' id='word_1_897' title='bbox 2064 5204 2159 5245; x_wconf 89' lang='lat' dir='ltr'><strong>sua</strong></span> <span class='ocrx_word' id='word_1_898' title='bbox 2184 5190 2476 5259; x_wconf 88' lang='lat' dir='ltr'><strong>voluntate,</strong></span> <span class='ocrx_word' id='word_1_899' title='bbox 2495 5208 2601 5248; x_wconf 88' lang='lat' dir='ltr'><strong>non</strong></span> <span class='ocrx_word' id='word_1_900' title='bbox 2612 5193 2981 5252; x_wconf 89' lang='lat' dir='ltr'><strong>concederem.</strong></span> <span class='ocrx_word' id='word_1_901' title='bbox 3002 5196 3108 5254; x_wconf 91' lang='lat' dir='ltr'><strong>lsto</strong></span> <span class='ocrx_word' id='word_1_902' title='bbox 3128 5200 3306 5273; x_wconf 90' lang='lat' dir='ltr'><strong>itaque</strong></span> <span class='ocrx_word' id='word_1_903' title='bbox 3320 5206 3501 5274; x_wconf 89' lang='lat' dir='ltr'><strong>modo,</strong></span> <span class='ocrx_word' id='word_1_904' title='bbox 3521 5209 3648 5279; x_wconf 82' lang='lat' dir='ltr'><strong>quia</strong></span> 
     </span>
    </p>
   </div>
   <div class='ocr_carea' id='block_1_117' title="bbox 2064 5279 3650 5369">
    <p class='ocr_par' dir='ltr' id='par_1_117' title="bbox 2064 5279 3650 5369">
     <span class='ocr_line' id='line_1_117' title="bbox 2064 5279 3650 5369; baseline 0.015 -35"><span class='ocrx_word' id='word_1_905' title='bbox 2064 5279 2133 5335; x_wconf 89' lang='lat' dir='ltr'><strong>de</strong></span> <span class='ocrx_word' id='word_1_906' title='bbox 2153 5290 2370 5350; x_wconf 91' lang='lat' dir='ltr'><strong>peccato</strong></span> <span class='ocrx_word' id='word_1_907' title='bbox 2381 5283 2585 5353; x_wconf 89' lang='lat' dir='ltr'><strong>agimus</strong></span> <span class='ocrx_word' id='word_1_908' title='bbox 2597 5284 2822 5354; x_wconf 85' lang='lat' dir='ltr'><strong>parvuli,</strong></span> <span class='ocrx_word' id='word_1_909' title='bbox 2844 5286 2916 5341; x_wconf 90' lang='lat' dir='ltr'><strong>ita</strong></span> <span class='ocrx_word' id='word_1_910' title='bbox 2936 5288 3193 5360; x_wconf 87' lang='lat' dir='ltr'><strong>originale</strong></span> <span class='ocrx_word' id='word_1_911' title='bbox 3213 5305 3487 5365; x_wconf 85' lang='lat' dir='ltr'><strong>peceatum</strong></span> <span class='ocrx_word' id='word_1_912' title='bbox 3504 5298 3650 5369; x_wconf 85' lang='lat' dir='ltr'><strong>ejus,</strong></span> 
     </span>
    </p>
   </div>
   <div class='ocr_carea' id='block_1_118' title="bbox 2066 5371 3654 5460">
    <p class='ocr_par' dir='ltr' id='par_1_118' title="bbox 2066 5371 3654 5460">
     <span class='ocr_line' id='line_1_118' title="bbox 2066 5371 3654 5460; baseline 0.014 -36"><span class='ocrx_word' id='word_1_913' title='bbox 2066 5371 2203 5425; x_wconf 84' lang='lat' dir='ltr'><strong>sicut</strong></span> <span class='ocrx_word' id='word_1_914' title='bbox 2243 5372 2357 5442; x_wconf 89' lang='lat' dir='ltr'><strong>ipse</strong></span> <span class='ocrx_word' id='word_1_915' title='bbox 2397 5385 2546 5429; x_wconf 91' lang='lat' dir='ltr'><strong>ortus</strong></span> <span class='ocrx_word' id='word_1_916' title='bbox 2579 5374 2730 5444; x_wconf 89' lang='lat' dir='ltr'><strong>ejus,</strong></span> <span class='ocrx_word' id='word_1_917' title='bbox 2765 5375 2884 5432; x_wconf 88' lang='lat' dir='ltr'><strong>sine</strong></span> <span class='ocrx_word' id='word_1_918' title='bbox 2929 5379 3202 5439; x_wconf 88' lang='lat' dir='ltr'><strong>voluntate</strong></span> <span class='ocrx_word' id='word_1_919' title='bbox 3247 5398 3366 5441; x_wconf 89' lang='lat' dir='ltr'><strong>esse</strong></span> <span class='ocrx_word' id='word_1_920' title='bbox 3405 5402 3510 5444; x_wconf 90' lang='lat' dir='ltr'><strong>non</strong></span> <span class='ocrx_word' id='word_1_921' title='bbox 3549 5404 3654 5460; x_wconf 84' lang='lat' dir='ltr'><strong>pe-</strong></span> 
     </span>
    </p>
   </div>
   <div class='ocr_carea' id='block_1_119' title="bbox 2065 5462 2624 5535">
    <p class='ocr_par' dir='ltr' id='par_1_119' title="bbox 2065 5462 2624 5535">
     <span class='ocr_line' id='line_1_119' title="bbox 2065 5462 2624 5535; baseline 0.007 -19"><span class='ocrx_word' id='word_1_922' title='bbox 2065 5463 2165 5516; x_wconf 88' lang='lat' dir='ltr'><strong>tuit</strong></span> <span class='ocrx_word' id='word_1_923' title='bbox 2187 5503 2202 5527; x_wconf 93' lang='lat'><strong>,</strong></span> <span class='ocrx_word' id='word_1_924' title='bbox 2234 5462 2328 5518; x_wconf 90' lang='lat' dir='ltr'><strong>sed</strong></span> <span class='ocrx_word' id='word_1_925' title='bbox 2349 5477 2454 5519; x_wconf 90' lang='lat' dir='ltr'><strong>non</strong></span> <span class='ocrx_word' id='word_1_926' title='bbox 2483 5464 2624 5535; x_wconf 91' lang='lat' dir='ltr'><strong>ejus.</strong></span> 
     </span>
    </p>
   </div>
   <div class='ocr_carea' id='block_1_120' title="bbox 2129 5571 3048 5644">
    <p class='ocr_par' dir='ltr' id='par_1_120' title="bbox 2129 5571 3048 5644">
     <span class='ocr_line' id='line_1_120' title="bbox 2129 5571 3048 5644; baseline 0.014 -25"><span class='ocrx_word' id='word_1_927' title='bbox 2129 5575 2147 5644; x_wconf 65' lang='grc' dir='ltr'><strong>ξ</strong></span> <span class='ocrx_word' id='word_1_928' title='bbox 2182 5571 2534 5644; x_wconf 58' lang='lat' dir='ltr'><strong>pditi,qut_crit.</strong></span> <span class='ocrx_word' id='word_1_929' title='bbox 2558 5575 2721 5644; x_wconf 70' lang='lat' dir='ltr'><strong>Aptius</strong></span> <span class='ocrx_word' id='word_1_930' title='bbox 2736 5583 2862 5644; x_wconf 60' lang='lat' dir='ltr'><strong>Mss,</strong></span> <span class='ocrx_word' id='word_1_931' title='bbox 2881 5579 3048 5644; x_wconf 82' lang='lat' dir='ltr'><strong>quatit.</strong></span> 
     </span>
    </p>
   </div>
   <div class='ocr_carea' id='block_1_121' title="bbox 2128 5632 3646 5707">
    <p class='ocr_par' dir='ltr' id='par_1_121' title="bbox 2128 5632 3646 5707">
     <span class='ocr_line' id='line_1_121' title="bbox 2128 5632 3646 5707; baseline 0.011 -28"><span class='ocrx_word' id='word_1_932' title='bbox 2128 5632 2202 5707; x_wconf 67' lang='lat' dir='ltr'><strong>(ri)</strong></span> <span class='ocrx_word' id='word_1_933' title='bbox 2233 5632 2370 5707; x_wconf 75' lang='lat' dir='ltr'><strong>Forte</strong></span> <span class='ocrx_word' id='word_1_934' title='bbox 2392 5633 2552 5700; x_wconf 83' lang='lat' dir='ltr'><strong>deest,</strong></span> <span class='ocrx_word' id='word_1_935' title='bbox 2577 5632 2757 5691; x_wconf 68' lang='lat' dir='ltr'><strong>scilicet</strong></span> <span class='ocrx_word' id='word_1_936' title='bbox 2791 5632 2859 5691; x_wconf 62' lang='grc' dir='ltr'><strong>ὑί</strong></span> <span class='ocrx_word' id='word_1_937' title='bbox 2880 5632 3054 5692; x_wconf 66' lang='lat' dir='ltr'><strong>natura</strong></span> <span class='ocrx_word' id='word_1_938' title='bbox 3090 5642 3273 5705; x_wconf 67' lang='lat' dir='ltr'><strong>(vel‘t‘n</strong></span> <span class='ocrx_word' id='word_1_939' title='bbox 3305 5642 3527 5707; x_wconf 80' lang='lat' dir='ltr'><strong>parvulo)</strong></span> <span class='ocrx_word' id='word_1_940' title='bbox 3550 5657 3646 5696; x_wconf 77' lang='lat' dir='ltr'><strong>non</strong></span> 
     </span>
    </p>
   </div>
   <div class='ocr_carea' id='block_1_122' title="bbox 2070 5701 2453 5758">
    <p class='ocr_par' dir='ltr' id='par_1_122' title="bbox 2070 5701 2453 5758">
     <span class='ocr_line' id='line_1_122' title="bbox 2070 5701 2453 5758; baseline 0.005 -14"><span class='ocrx_word' id='word_1_941' title='bbox 2070 5705 2172 5744; x_wconf 79' lang='lat' dir='ltr'><strong>esse</strong></span> <span class='ocrx_word' id='word_1_942' title='bbox 2190 5701 2453 5758; x_wconf 77' lang='lat' dir='ltr'><strong>peccatum.</strong></span> 
     </span>
    </p>
   </div>
  </div>
