4124 6500
527 291 654 348 “ll

591 401 797 457 CXV".
827 399 944 455 IUL.
977 399 1116 468 Ergo
1143 397 1186 452 si
1217 396 1461 450 audirent
1487 393 1562 449 illi
1591 391 1898 448 sacerdotes
1924 431 1937 455 ,
1970 403 2107 460 quo-

519 511 638 551 rum
667 509 808 548 nunc
831 493 970 548 dicta
995 490 1265 546 doluimus
1289 531 1304 555 ,
1336 486 1565 542 dubitari
1595 495 1772 540 utrum
1803 481 2112 539 commixtio

523 588 814 658 ronjugalis
835 587 972 642 bona
999 591 1162 650 esset,
1181 592 1340 653 atque
1364 581 1430 637 ab
1451 580 1528 636 eis
1555 587 1789 650 peterem
1813 588 2110 647 corporane

521 685 550 722 θ
583 681 691 732 beo
722 673 1442 746 informatafa),faterentur.
1473 671 1690 740 llocque
1717 683 1992 734 concesso,
2013 665 2110 720 ad-

522 770 704 822 derem
734 777 908 820 utrum
933 765 1174 834 conjugia
1197 779 1226 818 a
1251 765 1360 818 Deo
1381 767 1678 816 annuerent
1701 759 1966 813 ordinata.
1995 757 2112 824 Quo

521 857 768 912 similiter
809 855 1156 920 confirmato,
1215 862 1450 924 peterem
1501 851 1678 906 denuo
1706 893 1721 918 ,
1749 858 1927 904 utrum
1971 855 2115 903 esset

523 950 639 1004 sine
673 949 1052 1004 commixtione
1083 948 1268 1001 fetura.
1321 945 1534 1014 llocque
1561 943 1844 1013 denegato,
1870 940 1996 1012 quid
2023 955 2112 994 se-

523 1041 820 1110 quebatur?
843 1040 1117 1105 Videlicet,
1137 1040 1181 1094 si
1203 1037 1412 1092 nonnisi
1437 1052 1532 1106 per
1555 1037 1719 1090 Deum
1748 1049 1959 1105 corpus,
1987 1047 2116 1086 non-

525 1130 627 1186 nisi
663 1147 758 1200 per
793 1145 986 1202 corpus
1029 1129 1334 1184 commixtio
1355 1169 1370 1194 ,
1398 1126 1612 1182 nonnisi
1645 1141 1744 1196 per
1771 1123 2114 1179 commixtio-

527 1237 648 1277 nem
679 1221 834 1284 fctus,
879 1221 944 1274 ad
989 1219 1232 1275 eumdem
1267 1229 1540 1272 auctorem
1573 1218 1840 1286 pertinere
1867 1223 1922 1271 et
1951 1215 2114 1270 fetum

526 1320 578 1366 ct
603 1310 1060 1376 commixtionem,
1093 1309 1157 1363 ad
1184 1323 1338 1378 quem
1367 1322 1590 1377 corpora
1621 1307 1968 1376 pertinerent.

597 1405 735 1458 A06.
787 1401 1048 1472 Numquid
1097 1401 1212 1454 hate
1259 1400 1396 1454 inter
1443 1413 1539 1454 nos
1585 1399 1812 1454 vertitur
1851 1397 2114 1468 quarstio,

526 1504 701 1550 utrum
733 1493 872 1549 bona
904 1495 974 1548 sit
1015 1492 1323 1547 commixtio
1359 1490 1690 1561 conjugalis?
1717 1505 1838 1544 cum
1865 1505 1983 1544 eam
2016 1489 2116 1543 bo-

533 1601 655 1641 nam
693 1585 902 1654 utrique
927 1585 1184 1639 dicamus.
1216 1583 1353 1650 Quid
1391 1591 1474 1637 est
1511 1597 1639 1652 ergo
1664 1581 1804 1652 quod
1837 1591 1942 1634 tam
1979 1580 2117 1634 male

531 1677 698 1732 sentis
719 1676 786 1730 de
811 1675 914 1729 illis
939 1674 1324 1740 sacerdotibus,
1355 1689 1577 1743 quorum
1606 1687 1734 1736 non,
1765 1679 1824 1725 ut
1853 1669 2114 1735 mentiris,

527 1765 698 1820 deluis
745 1764 908 1829 dicta,
956 1763 1050 1819 sed
1093 1763 1315 1834 polluis,
1345 1773 1404 1816 ut
1441 1762 1519 1818 eis
1561 1761 1710 1832 quasi
1753 1760 2118 1815 dubitantibus

529 1857 666 1912 velis
687 1855 1030 1924 persuadere,
1077 1855 1219 1909 unde
1265 1869 1366 1908 nec
1404 1853 1556 1919 illos,
1605 1867 1704 1907 nec
1743 1866 1840 1906 nos
1879 1851 2120 1905 dubitare

526 1947 836 2002 convincis?
867 1947 1010 2001 Bona
1056 1955 1140 2000 est
1183 1943 1493 2000 commixtio
1540 1941 1861 2013 conjugalis,
1907 1957 2026 2011 qua:
2064 1940 2122 1994 fit

525 2055 684 2096 causa
725 2037 1061 2109 procreandi.
1089 2037 1194 2094 Sed
1221 2037 1536 2092 Ambrosius
1556 2076 1570 2100 ,
1599 2035 1686 2105 qui
1717 2034 1848 2088 dixit
1874 2047 1938 2088 ex
1972 2048 2121 2088 com-

529 2132 788 2186 mixtione
809 2130 1084 2200 utriusque
1105 2143 1266 2184 sexus
1295 2129 1561 2182 neminem
1589 2141 1706 2181 esse
1731 2133 2001 2195 expertem
2027 2123 2121 2178 de-

527 2222 636 2276 licti
657 2263 672 2286 ,
701 2235 807 2276 non
837 2219 1271 2275 commixtiouem
1318 2218 1585 2287 redarguit
1611 2215 1979 2286 conjugalem;
2025 2213 2121 2269 sed

529 2313 660 2368 vidit
685 2313 905 2378 malum,
935 2311 1086 2381 cujus
1116 2311 1256 2366 bono
1283 2325 1382 2364 usu
1411 2311 1470 2363 lit
1497 2307 1643 2373 illud,
1674 2307 1813 2379 quod
1841 2323 2000 2362 nemo
2027 2323 2121 2362 ca-

533 2405 761 2460 tholicus
805 2403 1013 2458 dubitat
1051 2417 1170 2458 esse
1213 2417 1348 2471 opus
1377 2401 1595 2456 bonum.
1643 2399 1824 2456 Inania
1854 2399 2126 2470 loqueris:

536 2496 818 2567 superfluis
855 2505 1066 2566 tempus
1095 2495 1357 2565 impendis
1391 2513 1404 2550 :
1437 2493 1578 2565 quod
1616 2493 1788 2564 agitur
1817 2492 2038 2556 deseris,
2071 2499 2127 2547 et

537 2588 678 2644 unde
705 2602 809 2642 non
834 2586 1142 2654 dubitatur,
1193 2594 1440 2656 tanquam
1490 2585 1780 2652 dubitetur,
1829 2583 1915 2639 vel
1967 2583 2125 2638 etiam

537 2689 777 2751 negetur,
806 2679 1002 2736 docere
1044 2678 1271 2733 moliris.
1310 2677 1447 2745 Quid
1475 2691 1603 2746 ergo
1631 2675 1825 2730 mirum
1851 2683 1953 2742 est,
1983 2673 2126 2746 quod

539 2781 646 2827 tam
674 2772 868 2826 multos
891 2771 1056 2826 libros
1077 2779 1290 2840 tamque
1317 2785 1482 2824 vanos
1507 2769 1676 2824 facis?

607 2863 840 2920 CXVIII.
885 2864 1005 2920 Jun.
1054 2863 1188 2918 Iluic
1241 2863 1432 2918 effecto
1475 2861 1592 2916 sine
1634 2860 1796 2916 dubio
1837 2859 2126 2931 prudentes

538 2957 638 3011 viri
668 2955 912 3011 catholici
942 2963 1240 3009 annuereut
1265 2953 1588 3016 sacerdotes,
1621 2951 1968 3020 videntesque
1994 2947 2128 3026 nihil

541 3051 593 3105 in
620 3050 864 3105 sensibus
905 3048 1082 3103 carnis
1101 3089 1116 3114 ,
1160 3047 1288 3101 nihil
1317 3047 1370 3100 in
1399 3045 1590 3100 felibus
1619 3059 1870 3108 sexuum,
1901 3043 2126 3097 alterum

538 3142 836 3213 quempiam
867 3149 1062 3211 prteter
1089 3141 1256 3195 Deum
1293 3153 1476 3193 verum
1517 3137 1740 3202 fecisse;
1779 3135 1910 3189 nihil
1952 3143 2128 3188 autem

539 3235 701 3288 Deum
735 3233 924 3289 fecisse
951 3230 1092 3302 quod
1115 3230 1310 3284 malum
1337 3237 1511 3295 esset;
1537 3229 1839 3298 malumque
1860 3225 1989 3281 nihil
2011 3241 2131 3282 esse

539 3323 682 3379 aliud
725 3339 882 3396 quam
923 3323 1252 3378 voluntatem
1295 3321 1512 3386 malam,
1560 3319 1675 3374 sine
1727 3320 1903 3390 aliquo
1943 3328 2131 3372 coactu

543 3416 861 3470 naturalium
924 3413 1371 3483 deliuqucntcm;
1423 3412 1835 3482 pronuntiarent
1891 3407 2132 3479 profecto

540 3507 860 3562 Manicharos
903 3515 959 3561 et
1002 3504 1367 3560 Traducianos
1407 3501 1806 3572 splendentibus
1855 3499 2133 3554 catholica:

541 3600 762 3655 rationis
790 3599 1086 3653 dissiluisse
1115 3597 1442 3651 fulminibus.

612 3691 747 3746 Avo.
785 3689 894 3744 Cur
920 3703 1047 3759 ergo
1073 3701 1288 3752 eorum,
1323 3701 1456 3756 quos
1497 3683 1785 3754 prudentes
1813 3683 1956 3738 viros
2000 3682 2134 3738 dicis

541 3791 592 3836 et
621 3780 915 3835 catholicos
941 3777 1267 3842 sacerdotes,
1300 3786 1350 3831 te
1376 3776 1515 3830 dicta
1540 3774 1827 3830 defendere
1855 3783 2012 3844 atque
2036 3773 2134 3828 de-

545 3877 692 3927 luere
717 3873 832 3926 sine
862 3871 970 3924 ullo
999 3869 1200 3939 pudore
1230 3867 1504 3934 mentiris,
1534 3867 1578 3919 si
1622 3875 1676 3921 et
1706 3867 1828 3936 ipsa
1869 3863 2138 3919 dissiliunt

546 3963 856 4018 fulminibus
885 3962 1026 4016 tuis?
1055 3961 1113 4015 Si
1145 3969 1322 4014 autem
1343 3957 1700 4013 defenduntur
1726 3967 1882 4026 atque
1910 3955 2136 4010 deluun-

548 4065 634 4110 tur
653 4096 668 4120 ,
693 4063 751 4110 et
776 4055 846 4109 ob
875 4053 977 4107 hoc
999 4061 1218 4106 manent
1252 4051 1485 4120 integra,
1517 4051 1643 4120 ipsis
1671 4059 1724 4104 tu
1753 4049 1927 4120 potius
1957 4047 2136 4103 fulmi-

549 4145 716 4202 naris.
757 4144 888 4200 Nam
937 4143 1079 4216 quod
1128 4144 1203 4198 ait
1257 4143 1604 4208 Ambrosius,
1654 4157 1719 4196 ex
1759 4139 2138 4196 commixtione

551 4253 711 4294 sexus
753 4239 1027 4307 utriusque
1061 4244 1376 4306 conceptum
1424 4243 1694 4304 expertem
1725 4233 1989 4286 neminem
2017 4247 2138 4285 esse

554 4329 761 4396 delicti,
807 4339 898 4383 aut
937 4327 1126 4384 falsum
1176 4336 1293 4392 cst,
1334 4337 1422 4382 aut
1451 4342 1658 4382 verum.
1694 4325 1748 4380 Si
1785 4325 1974 4380 falsmn
2018 4339 2140 4379 esse

556 4422 719 4487 dicis;
749 4435 1022 4491 oppugnas
1061 4433 1189 4489 ergo
1219 4417 1557 4488 prudentium
1600 4418 1837 4471 virorum
1869 4424 1922 4470 et
1950 4415 2140 4470 catho-

557 4512 801 4578 licorum,
831 4511 970 4564 sicut
998 4519 1050 4563 tu
1081 4509 1282 4575 fateris,
1312 4507 1644 4562 sacerdotum
1692 4507 1856 4572 dicta,
1901 4521 2007 4559 non
2047 4505 2142 4559 dc-

557 4601 729 4659 fendis
747 4617 808 4657 ac
833 4601 1020 4657 deluis.
1048 4601 1101 4656 Si
1128 4609 1304 4655 autem
1325 4609 1382 4654 ut
1402 4601 1590 4654 merito
1614 4599 1964 4654 defendamur
1982 4607 2142 4668 atque

556 4695 858 4758 deluantur,
891 4693 994 4748 hoc
1024 4708 1204 4748 verum
1237 4707 1354 4746 esse
1381 4691 1663 4756 concedis;
1697 4700 1749 4744 tu
1780 4691 1958 4760 potius
1987 4689 2144 4744 dictis

551 4787 930 4844 catholicorum
983 4785 1277 4840 antistitum
1327 4783 1638 4838 fulminaris.
1691 4781 1828 4850 Quid
1879 4789 1964 4836 est
2015 4796 2144 4851 ergo

553 4879 694 4951 quod
723 4887 775 4934 te
800 4879 966 4949 jactas
1011 4887 1065 4932 et
1106 4877 1237 4932 dicis
1277 4875 1396 4930 illos
1440 4876 1776 4931 beatissimos
1805 4881 1860 4929 et
1900 4873 2146 4928 doctissi-

558 4987 672 5028 mos
696 4972 840 5026 viros
862 5013 876 5038 ,
909 4971 952 5026 si
983 4970 1254 5026 audissent
1281 4969 1768 5041 syllogismos-tuos
1787 5010 1802 5031 ,
1833 4965 2146 5035 pronuntia-

523 5073 707 5120 -’turos
736 5063 929 5130 fuisse,
959 5079 1077 5131 nos,
1107 5077 1241 5133 quos
1269 5062 1502 5132 appellas
1537 5080 1555 5111 ι
1585 5057 1906 5114 Mauicbaeos
1929 5065 1984 5111 ct
2009 5057 2146 5110 Tra—

559 5157 842 5222 ducianos,
871 5153 1271 5224 Splcudcntibus
1304 5151 1579 5206 catholica:
1605 5147 1828 5204 rationis
1853 5147 2150 5202 dissiluisse

559 5243 910 5301 fulminibus?
941 5261 961 5295 ι
991 5243 1405 5297 I‘rouuutiarent
1431 5241 1588 5310 igitur
1611 5247 1795 5294 contra
1822 5253 1882 5292 se
1911 5237 2075 5308 ipsos,
2095 5243 2153 5292 et

560 5353 620 5393 se
646 5337 791 5406 ipsos
817 5333 1092 5388 uobiscum
1121 5333 1415 5388 dissiluisse
1455 5343 1508 5387 te
1546 5330 1858 5385 fulminante
1885 5337 2152 5384 monstra-

560 5435 704 5482 rent.
755 5424 865 5479 Cur
906 5423 1136 5478 directe‘r
1157 5439 1262 5478 non
1309 5422 1474 5476 audes
1516 5420 1717 5484 dicere,
1758 5421 1896 5488 quod
1937 5421 2153 5491 oblique

564 5513 900 5571 convinccris
929 5511 1145 5567 dicere?
1173 5511 1446 5581 Originale
1478 5519 1750 5579 peccatum
1777 5525 1894 5564 cum
1921 5512 2152 5567 Ambro-

569 5605 650 5661 sio
669 5601 991 5660 confitcmur
1011 5641 1028 5666 ,
1055 5609 1108 5655 et
1133 5609 1187 5656 tu
1217 5607 1360 5655 tanta
1387 5599 1618 5669 potentia
1646 5597 1858 5654 fulmina
1879 5602 2150 5672 jacularis,

631 5711 703 5779 (α)
737 5714 895 5777 Forte,
922 5711 1149 5776 formata.

1191 281 1436 340 OPERIS
1476 278 1888 336 IMPERFECTI
1927 275 2201 332 CONTRA
2241 275 2600 346 JULIANUM,
2644 279 2702 335 S.
2743 279 3106 337 AUGUSTIXI

3667 287 3793 339 Illi

2221 399 2277 444 ut
2305 401 2520 462 propter
2549 392 2662 448 hmo
2685 393 2822 448 dicta
2855 393 3007 449 nobis
3035 394 3214 466 illique
3241 397 3538 451 comnumia
3558 440 3572 461 ,
3603 411 3698 452 nos
3725 401 3793 454 eis

2219 481 2542 540 dissiliamus
2564 527 2579 551 ,
2613 486 2702 541 ille
2730 486 3013 542 deluatur?
3043 487 3221 542 Vanus
3247 503 3305 543 es
3332 507 3346 544 :
3379 505 3482 544 non
3527 506 3646 545 eum
3688 489 3787 544 dis-

2221 576 2415 646 tinguis
2451 592 2482 630 a
2513 577 2699 644 nobis;
2745 586 2799 634 ct
2842 593 2939 633 nos
2967 593 3183 647 prorsus
3226 594 3445 635 accusas
3490 590 3544 635 et
3585 580 3792 650 ipsum:

2219 683 2322 724 nec
2349 677 2523 724 tamen
2545 669 2795 724 fulminas
2815 681 2902 724 aut
2927 687 3044 738 nos,
3073 679 3162 724 aut
3189 671 3382 742 ipsum,
3406 672 3450 726 si
3473 672 3668 728 violare
3695 687 3790 728 nou

2217 760 2303 816 vis
2331 761 2690 816 testimonium
2717 761 2914 832 Pelagii
2939 761 3172 816 doctoris
3195 763 3287 828 tui,
3308 762 3395 833 qui
3422 761 3554 816 dixit
3579 761 3791 816 Ambro-

2219 854 2282 908 sii
2312 854 2466 910 fidem
2497 865 2549 910 et
2580 855 2920 925 purissimum
2965 858 3014 909 in
3054 855 3339 928 Scripturis
3369 872 3581 912 sensum
3611 873 3678 912 ne
3705 857 3794 911 int-

2219 945 2416 999 micum
2443 945 2653 1015 quidem
2679 961 2863 1000 ausum
2905 946 3066 1003 fuisse
3092 947 3478 1018 reprehendere
3509 949 3610 1016 (De
3631 949 3792 1002 Gratia

2221 1035 2428 1104 Christi,
2461 1054 2550 1091 nn.
2582 1039 2672 1104 46,
2708 1035 2821 1109 47).
2853 1037 3006 1093 Unde
3034 1047 3086 1093 et
3111 1048 3165 1092 tu
3195 1055 3314 1093 cum
3345 1039 3464 1094 fidei
3494 1039 3609 1109 ejus
3635 1049 3685 1094 et
3709 1055 3796 1109 puo

2219 1127 2432 1182 rissimo
2457 1127 2509 1182 in
2538 1127 2828 1198 Scripturis
2851 1129 3029 1183 sensui
3055 1131 3183 1184 satis
3209 1127 3520 1200 iutelligaris
3541 1129 3792 1196 inimicus,

2220 1232 2326 1272 non
2365 1233 2486 1274 eum
2519 1227 2695 1273 tamen
2736 1219 2900 1274 audes
2940 1221 3366 1290 reprehendere;
3408 1219 3502 1274 sed
3529 1220 3652 1290 quid
3683 1221 3794 1274 mali

2221 1307 2403 1374 dicat,
2449 1323 2538 1363 me
2583 1308 3026 1380 reprehendendo
3050 1350 3064 1373 ,
3098 1319 3149 1365 te
3195 1309 3468 1365 arbitraris
3505 1311 3795 1366 ostendere.

2224 1399 2395 1454 llomo
2409 1398 2676 1467 confosso,
2696 1409 2868 1455 etnon
2889 1399 3152 1466 confesso,
3171 1415 3360 1472 magna
3382 1400 3429 1453 vi
3451 1400 3652 1470 cogeris
3679 1401 3798 1455 cali-

2221 1493 2436 1563 ginosas
2465 1491 2716 1548 anhelare
2737 1493 2971 1548 fallacias
3005 1510 3018 1546 :
3052 1493 3244 1547 frustra
3276 1493 3426 1564 lingis
3455 1492 3679 1562 impetus
3705 1492 3798 1546 lul-

2225 1585 2502 1652 minantis,
2535 1601 2655 1641 cum
2708 1587 2877 1657 spires
2923 1585 3122 1640 fumum
3170 1585 3346 1655 potius
3385 1583 3661 1640 fulminati.
3701 1585 3796 1640 Ista

2223 1685 2349 1731 sunt
2399 1687 2583 1746 certe,
2634 1693 2731 1748 per
2781 1693 2900 1749 qua)
2954 1678 3146 1734 docere
3193 1677 3403 1733 conaris
3447 1677 3796 1744 Ambrosium,

2223 1769 2462 1840 aliosque
2481 1769 2728 1824 doctores
2753 1769 2929 1824 socios
2957 1769 3093 1840 ejus,
3123 1785 3230 1824 non
3255 1784 3376 1824 esse
3405 1767 3657 1839 originale
3679 1783 3800 1838 pec-

2225 1869 2430 1928 catum,
2471 1879 2490 1912 ι
2519 1859 2661 1932 quod
2691 1861 2833 1916 Deus
2859 1859 3164 1915 formaverit
3189 1875 3432 1930 corpora,
3463 1859 3802 1915 ordinaverit-

2226 1967 2330 2021 que
2367 1953 2635 2022 conjugia,
2673 1950 2818 2022 quod
2860 1965 2966 2006 non
3010 1959 3153 2006 esset
3193 1949 3308 2004 sine
3335 1947 3704 2004 commixtione
3729 1949 3804 2004 fe-

2228 2047 2365 2094 tura.
2397 2059 2415 2092 »
2442 2041 2819 2096 Conceduntur
2844 2041 2987 2104 lucc;
3013 2039 3375 2095 conceduntur
3393 2041 3552 2094 etiam
3579 2039 3664 2094 illa
3689 2055 3802 2110 quat

2226 2132 2491 2202 adjuugis,
2521 2151 2539 2184 ι
2565 2131 2732 2187 fetum
2759 2151 2777 2185 ι
2801 2133 3005 2187 scilicet
3025 2150 3042 2183 t
3072 2142 3127 2186 ct
3148 2131 3574 2186 commixtiouem
3599 2129 3663 2184 ad
3690 2145 3804 2185 eum

2227 2226 2498 2296 pertinere
2521 2233 2818 2291 auctorem,
2850 2223 2918 2278 ad
2943 2238 3099 2294 quem
3125 2223 3394 2294 pertinent
3420 2237 3675 2292 corpora;
3711 2239 3730 2273 ι
3762 2221 3804 2274 si

2229 2326 2404 2372 tamen
2451 2316 2884 2370 commixtionem
2923 2315 3257 2385 conjugalem
3295 2315 3504 2368 voluisti
3557 2313 3802 2384 intelligi,

2228 2423 2348 2462 cum
2373 2408 2476 2462 hoc
2501 2407 2727 2462 diceres.
2751 2405 3004 2476 Quamvis
3025 2407 3076 2460 id
3099 2421 3192 2476 per
3212 2421 3270 2461 se
3297 2406 3467 2476 ipsum
3490 2421 3669 2460 verum
3690 2419 3805 2459 esse

2232 2507 2485 2554 noscatur
2509 2540 2524 2566 ,
2576 2513 2683 2552 non
2735 2507 2823 2552 tua
2879 2497 3284 2552 ratiocinatione
3332 2495 3400 2550 sit
3442 2509 3804 2565 consequens:

2230 2591 2465 2660 alioquin
2497 2599 2548 2644 te
2577 2588 2810 2656 dicente,
2865 2607 2883 2639 ι
2909 2587 2968 2643 Si
3015 2587 3224 2642 nonnisi
3271 2602 3366 2657 per
3408 2587 3570 2641 Deum
3601 2600 3807 2654 corpus,

2231 2683 2444 2740 nonnisi
2491 2698 2587 2753 per
2631 2697 2828 2753 corpus
2873 2681 3218 2748 commixtio;
3257 2699 3275 2732 ι
3307 2689 3360 2735 et
3387 2695 3452 2734 ex
3481 2679 3581 2735 hoc
3605 2679 3810 2734 volente

2231 2775 2528 2841 conficere,
2567 2793 2584 2826 ι
2614 2774 2680 2828 ad
2721 2789 2842 2829 eum
2869 2783 3140 2829 auctorem
3183 2773 3449 2846 pertinere
3489 2772 3812 2828 commixtio-

2231 2879 2356 2920 nem
2383 2865 2423 2932 ¹,
2452 2864 2518 2919 ad
2549 2879 2708 2935 quem
2739 2879 2964 2935 corpora
2995 2865 3292 2934 pertinent;
3342 2873 3516 2933 potest
3556 2863 3689 2918 alius
3729 2863 3810 2917 di—

2232 2972 2356 3013 cere
2375 2998 2392 3025 ,
2421 2958 2476 3012 Si
2504 2957 2715 3011 nonnisi
2747 2973 2840 3028 per
2867 2957 3031 3011 Deum
3062 2971 3277 3026 corpus,
3327 2955 3532 3013 nonnisi
3572 2971 3668 3026 per
3697 2969 3812 3009 cor-

2232 3063 2332 3120 pus
2385 3047 2742 3113 adulterium,
2799 3047 2864 3101 ad
2909 3063 3029 3102 eum
3078 3057 3350 3100 auctorem
3398 3045 3621 3116 pertinet
3662 3044 3810 3098 adul-

2237 3141 2455 3206 terium,
2478 3140 2543 3194 ad
2577 3155 2732 3209 quem
2761 3139 2994 3210 pertinet
3021 3154 3216 3209 corpus
3249 3157 3260 3190 :
3291 3137 3432 3209 quod
3461 3137 3604 3191 vides
3629 3145 3815 3206 quanta

2235 3231 2442 3285 dicatur
2469 3231 2658 3300 injuria
2693 3231 2825 3297 Dei,
2867 3239 2922 3285 et
2959 3239 3211 3300 quantum
3240 3229 3363 3284 ntali
3403 3227 3626 3282 doceant
3661 3229 3816 3300 syllo-

2235 3323 2389 3393 gismi
2421 3323 2517 3377 tui.
2551 3323 2699 3377 Sicut
2737 3337 2863 3391 ergo
2891 3339 2995 3377 non
3027 3323 3266 3392 sequitur
3288 3365 3302 3388 ,
3333 3331 3388 3376 ut
3419 3321 3534 3375 ideo
3569 3321 3818 3374 tribuatur

2237 3417 2554 3473 adulterium
2585 3418 2715 3481 Deo,
2749 3417 2873 3486 quia
2904 3433 3008 3470 non
3050 3416 3108 3470 fit
3145 3415 3246 3469 nisi
3289 3432 3382 3484 per
3423 3427 3632 3483 corpus,
3673 3411 3817 3482 cujus

2238 3518 2422 3564 auctor
2450 3518 2534 3563 est
2561 3508 2706 3562 Deus
2734 3525 2747 3560 :
2775 3507 2847 3562 ita
2879 3523 2982 3561 non
3007 3507 3264 3576 sequitur,
3297 3513 3354 3559 ut
3379 3505 3496 3559 ideo
3520 3501 3818 3559 commixtio

2239 3601 2503 3656 tribuatur
2533 3599 2661 3663 Deo,
2687 3599 2806 3670 quia
2833 3615 2938 3653 non
2967 3599 3023 3653 fit
3053 3599 3152 3654 nisi
3181 3613 3276 3668 per
3315 3613 3526 3668 corpus,
3556 3597 3702 3665 cujus
3729 3611 3818 3649 au-

2239 3699 2356 3745 ctor
2377 3699 2458 3745 est
2487 3690 2686 3744 Deus'.
2705 3689 2810 3745 Sed
2841 3697 3013 3743 tamen
3033 3689 3377 3744 eonccdimus
3399 3685 3816 3742 commixtiouem

2241 3781 2495 3837 duntaxat
2524 3781 2856 3851 conjugalem
2883 3823 2896 3847 ,
2930 3797 3050 3850 qua:
3083 3781 3139 3833 fit
3168 3795 3324 3834 causa
3359 3777 3684 3849 procreandi,
3715 3777 3819 3831 Deo

2242 3873 2446 3927 auctori
2490 3885 2610 3927 esse
2641 3871 3006 3937 tribuendam;
3041 3887 3146 3925 non
3191 3871 3313 3940 quia
3360 3871 3460 3924 hoc
3502 3877 3587 3922 tua
3618 3880 3819 3938 sumpta

2242 3965 2482 4033 sequitur
2501 4006 2516 4031 ,
2547 3963 2640 4018 sed
2673 3963 2796 4033 quia
2825 3963 3030 4018 ratione
3057 3963 3157 4016 alia
3188 3961 3576 4016 consideratam
3600 4003 3614 4028 ,
3640 3975 3818 4014 verum

2243 4071 2361 4111 esse
2381 4055 2719 4126 pchpicitur.
2739 4054 2888 4122 Quod
2910 4069 3038 4109 vero
3060 4069 3123 4109 ex
3151 4055 3251 4108 hoc
3268 4053 3458 4124 qumris
3478 4053 3706 4116 efficere,
3725 4065 3818 4106 nec

2244 4149 2483 4219 sequitur
2531 4149 2616 4203 illa
2665 4147 2966 4217 superiora,
2998 4163 3098 4201 nec
3125 4162 3306 4200 verum
3335 4155 3432 4200 cst.
3459 4144 3634 4213 Neque
3659 4146 3819 4206 enim,

2247 4239 2366 4309 quia
2394 4241 2534 4295 Deus
2570 4237 2695 4293 fecit
2722 4254 2936 4308 corpus,
2969 4237 3111 4292 Deus
3143 4235 3637 4306 instituituctmjugia
3657 4275 3671 4298 ,
3700 4247 3824 4302 quo-

2247 4345 2361 4383 rum
2384 4329 2768 4384 commixtione
2791 4329 2927 4382 fctus
2949 4331 3168 4394 oriatur,
3198 4329 3335 4398 Deus
3360 4335 3506 4381 creat
3531 4325 3670 4396 ipsos
3697 4324 3828 4376 fetus

2247 4423 2616 4488 animantium,
2649 4421 2767 4476 ideo
2796 4437 2979 4478 verum
3008 4431 3090 4475 est
3118 4421 3258 4490 quod
3286 4418 3548 4488 adjungis,
3583 4435 3601 4468 ‹
3631 4415 3752 4468 nihil
3778 4415 3828 4466 in

2248 4515 2492 4568 sensibus
2537 4513 2731 4578 carnis,
2779 4512 2908 4566 nihil
2959 4511 3010 4565 in
3061 4510 3252 4566 fetibus
3301 4525 3557 4572 sexuum,
3609 4505 3829 4559 alterum

2250 4607 2554 4676 quempiam
2597 4614 2792 4674 prmtcr
2822 4605 2984 4658 Deum
3019 4619 3200 4656 verum
3235 4601 3443 4656 fecisse.
3477 4619 3494 4652 ι
3545 4597 3646 4654 Ubi
3689 4597 3826 4651 enim

2249 4697 2374 4752 fecit
2399 4697 2660 4760 diabolus,
2690 4695 2828 4765 quod
2860 4695 2982 4748 mali
3011 4693 3134 4747 fecit
3157 4710 3275 4747 cum
3304 4693 3604 4746 hominibus
3632 4689 3830 4760 primis,

2251 4789 2352 4844 nisi
2381 4787 2448 4844 "et
2477 4789 2531 4841 in
2575 4788 2820 4842 sensibus
2849 4785 3025 4840 carius
3053 4784 3303 4840 illorum?
3329 4783 3459 4837 Mala
3487 4781 3676 4852 quippe
3717 4794 3834 4834 sua-

2251 4883 2404 4937 sione
2448 4889 2729 4948 corruptus
2771 4887 2853 4933 est
2897 4891 3105 4940 sensus,
3141 4875 3352 4946 quando
3380 4882 3463 4929 est
3505 4873 3572 4926 ad
3620 4885 3836 4941 peccau-

2253 4973 2379 5028 dum
2406 4971 2576 5026 factus
2600 4985 2871 5024 assensus.
2899 4969 2964 5024 Et
2992 4967 3080 5022 ubi
3109 4967 3250 5029 fecit,
3279 4963 3530 5036 quidquid
3551 4963 3668 5016 mali
3691 4969 3834 5030 post-

2255 5065 2469 5120 modum
2497 5062 2680 5134 generi
2709 5061 2942 5116 humano
2975 5059 3098 5114 fecit
3122 5101 3136 5126 ,
3167 5057 3268 5112 nisi
3307 5057 3358 5112 in
3387 5055 3576 5111 fetibus
3599 5069 3835 5114 sexuum,

2256 5155 2306 5210 id
2327 5163 2427 5221 est,
2455 5154 2574 5209 filiis
2601 5151 2915 5208 hominum?
2939 5147 3219 5218 Quomodo
3244 5157 3420 5203 autem
3446 5147 3597 5213 dicis,
3631 5163 3650 5197 ‹
3675 5143 3838 5200 Deum

2259 5246 2388 5301 nihil
2429 5246 2618 5300 fecisse
2655 5245 2796 5314 quod
2849 5245 3047 5326 malum
3095 5241 3222 5298 est?
3257 5259 3278 5294 ι
3322 5241 3509 5294 Annon
3541 5245 3620 5292 est
3647 5235 3837 5290 malum

2258 5337 2499 5408 gehenna
2529 5334 2832 5390 damnatis?
2857 5323 2976 5390 1am
3005 5348 3133 5388 vero
3167 5331 3258 5403 qui
3299 5329 3390 5386 tibi
3417 5327 3612 5386 dicenti
3645 5323 3837 5387 credit,

2323 5471 2340 5542 ξ
2375 5469 2478 5541 Itic,
2501 5465 2884 5518 commixtionem
2905 5499 2920 5527 ,
2953 5465 3240 5516 auctoritate
3281 5469 3388 5512 Mss.
3419 5467 3530 5510 Mar.
3569 5455 3689 5507 chr.
3719 5461 3841 5502 Port.

2635 5589 2726 5640 hoc
2769 5589 3038 5638 membrum
3075 5586 3351 5645 sententias,
3384 5593 3562 5644 nempe
3583 5590 3612 5628 a
3647 5574 3834 5645 verbis.

2262 5653 2331 5704 ita
2353 5637 2451 5702 non
2466 5637 2720 5716 scaeui;
2731 5637 2890 5713 usque
2921 5651 2987 5716 ad
3001 5651 3170 5712 verba,
3187 5637 3352 5698 auctor
3373 5649 3443 5697 est
3465 5637 3614 5698 licus,
3632 5637 3841 5690 κακω-

2267 5728 2376 5766 mus
2395 5728 2454 5766 ex
2479 5713 2908 5776 manuscripterum
2930 5713 3044 5760 ωε.
