4124 6510
377 292 507 353 ιιιδ

376 425 395 459 ι
430 400 627 459 malum
682 394 813 452 nihil
872 408 992 450 esse
1045 389 1188 448 aliud
1240 402 1400 459 quam
1458 385 1783 439 voluntatem
1837 396 1954 436 ma-

371 497 498 561 lam,
536 492 654 547 sine
677 488 858 557 aliquo
885 492 1073 541 coactu
1097 481 1418 538 naturalium
1455 477 1848 547 dclinqueutem
1878 492 1892 528 :
1932 492 1952 525 ι

370 596 430 641 ut
478 577 884 638 innumerabilia
932 576 1071 630 mala
1118 582 1361 637 taceam,
1389 585 1508 639 qua:
1550 568 1674 624 mali
1703 566 1879 637 angeli
1907 574 1961 620 ct

371 674 619 732 homines
649 671 921 743 patiuntur
946 666 1125 732 inviti;
1149 666 1322 736 ipsum
1351 672 1609 718 aeternum
1640 660 1960 731 supplicium

378 782 486 822 non
511 762 801 827 timchitnr,
831 758 972 831 quod
998 765 1054 814 et
1076 755 1365 812 maximum
1405 753 1605 807 malum
1634 760 1738 815 est,
1770 759 1826 805 et
1852 761 1960 804 non

324 868 336 874 ‘
376 866 461 920 est
496 854 743 910 voluntas
779 850 918 905 mala
942 889 959 916 ,
1002 846 1098 904 sed
1139 860 1299 917 paena
1339 842 1625 897 voluntatis
1666 840 1838 895 malae.
1870 838 1963 894 Hae

375 955 503 1011 sunt
527 942 962 999 ratiocinationes
1007 947 1110 994 tute
1156 936 1346 1008 quibus
1388 943 1545 1004 putas
1591 931 1793 988 fulmen
1844 944 1966 987 esse

375 1035 597 1092 verbum
627 1042 797 1099 tuum,
826 1046 947 1087 eum
970 1029 1039 1084 sit
1063 1028 1198 1085 cinis
1224 1042 1323 1086 cor,
1339 1034 1510 1081 tuum.

446 1121 635 1182 CXIX.
660 1122 781 1178 Jun.
805 1121 999 1177 Desine
1022 1120 1203 1189 itaque
1240 1116 1383 1172 viros
1408 1113 1524 1173 sani
1570 1112 1758 1183 capitis
1782 1120 1836 1168 ct
1860 1111 1967 1167 Ec-

377 1216 659 1273 clesiarum
705 1212 970 1269 antistites
1015 1207 1287 1265 criminari
1317 1225 1332 1262 :
1361 1221 1468 1261 non
1508 1204 1855 1275 subjiciantur
1877 1203 1967 1273 ju-

379 1302 920 1377 dicioucgligentiora
950 1307 1289 1358 commenta:
1321 1312 1496 1369 neque
1513 1297 1656 1352 enim
1678 1296 1810 1351 iram
1834 1310 1969 1351 cun-

380 1396 546 1463 elatio
567 1396 765 1464 brevis,
794 1395 889 1451 sed
918 1393 1159 1464 pertinax
1184 1389 1679 1447 mereturiutentio.
1699 1387 1973 1444 Imitemur

384 1503 514 1544 sane
567 1501 751 1544 eorum
780 1484 909 1541 illud
957 1483 1227 1548 studium,
1273 1482 1379 1553 quo
1411 1480 1632 1553 populos
1669 1479 1971 1535 aedificave-

384 1588 512 1644 runt
544 1576 911 1644 exhortando,
937 1574 1305 1643 obsecrando,
1332 1573 1670 1644 coarguendo
1703 1590 1716 1627 :
1745 1588 1973 1644 quorum

389 1685 516 1724 num
549 1669 835 1740 quidquam
864 1666 1143 1735 fecissent,
1171 1666 1218 1721 si
1247 1675 1426 1721 vestro
1445 1680 1595 1721 more
1624 1672 1840 1738 peccata
1866 1679 1974 1720 non

388 1760 688 1821 voluntaria
707 1799 725 1827 ,
752 1758 848 1814 sed
875 1758 1136 1815 naturalia
1159 1757 1548 1814 credidissent?

459 1854 597 1908 Acc.
625 1851 693 1906 Et
717 1865 816 1905 nos
840 1865 937 1921 pro
975 1849 1191 1905 modulo
1236 1858 1421 1905 nostro
1466 1848 1690 1922 populos
1741 1848 1977 1905 adifica-

389 1957 539 2009 mus,
579 1941 874 2008 hortando,
899 1940 1262 2006 obsecrando,
1305 1939 1613 2012 arguendo,
1666 1939 1809 2011 quod
1853 1938 1981 1996 fecit

391 2034 745 2107 Ambrosius;
771 2041 828 2089 ct
850 2041 1027 2089 tamen
1051 2031 1122 2088 de
1147 2031 1390 2103 originali
1438 2038 1656 2103 peccato
1685 2033 1786 2088 hoc
1810 2031 1980 2088 senti-

394 2141 515 2182 mus
538 2134 594 2181 et
619 2124 847 2180 dicimus
863 2164 882 2193 ,
908 2121 1052 2194 quod
1081 2125 1253 2180 sensit
1273 2132 1330 2179 et
1351 2122 1486 2179 dixit
1508 2123 1855 2187 Ambrosius,
1880 2135 1982 2177 nec

392 2218 572 2285 solus,
612 2216 705 2274 sed
730 2232 854 2273 cum
895 2216 1018 2273 aliis
1040 2215 1249 2287 magnis
1287 2215 1626 2272 consortibus
1660 2215 1793 2271 suis.
1834 2214 1981 2283 Quos

398 2327 418 2361 ι
455 2309 719 2365 antistites
744 2308 1102 2365 Ecclesiarum
1137 2326 1157 2361 ι
1188 2322 1310 2363 cum
1345 2325 1366 2360 ι
1395 2308 1540 2363 viros
1587 2306 1705 2362 sani
1722 2307 1919 2377 capitis
1953 2324 1975 2359 ι

391 2399 574 2466 dicas;
608 2407 663 2455 tu
684 2399 831 2472 quali
856 2398 1033 2471 capite
1060 2398 1161 2454 ista
1179 2439 1196 2466 ,
1221 2413 1342 2469 qua:
1366 2397 1442 2453 illi
1460 2397 1736 2453 notissima
1754 2412 1985 2453 consen-

392 2490 547 2547 sione
567 2490 866 2547 didicerunt
908 2497 1069 2561 atque
1110 2489 1439 2556 docuerunt,
1469 2487 1815 2559 reprehendis
1839 2495 1985 2543 atro-

393 2581 557 2651 citer,
585 2581 931 2652 defendisque
954 2580 1241 2653 fallaciter;
1271 2587 1328 2637 et
1358 2596 1446 2636 me
1468 2581 1647 2652 arguis
1673 2580 1859 2637 dicens
1884 2594 1983 2637 eo-

395 2686 512 2726 rum
525 2685 648 2727 esse
673 2671 1066 2728 criminatorem
1082 2710 1099 2737 ,
1128 2686 1249 2727 cum
1264 2670 1447 2726 videas
1471 2686 1657 2727 eorum
1682 2679 1866 2726 contra
1896 2679 1984 2725 tua

395 2760 649 2828 crimina,
676 2776 798 2832 qua:
843 2775 909 2816 ex
937 2759 1155 2830 obliquo
1193 2759 1300 2814 illis
1325 2761 1514 2830 objicis
1535 2801 1550 2826 ,
1602 2759 1984 2816 defensorem?

400 2852 542 2908 Dicis
567 2866 754 2920 eorum
789 2868 810 2903 ι
844 2850 1224 2921 ncgligcntiora
1251 2861 1552 2906 commenta
1578 2867 1685 2906 non
1711 2867 1832 2907 esse
1858 2852 1987 2907 sub-

392 2942 625 3012 jicienda
650 2941 853 3011 judicio
886 2958 901 2995 :
944 2958 966 2993 ι
995 2941 1194 2996 siccine
1236 2940 1445 2996 illorum
1475 2941 1614 2996 dicta
1655 2940 1900 2997 defendis
1922 2956 1988 2998 ac

399 3034 611 3095 detuis?
639 3034 722 3088 An
753 3031 927 3102 potius
951 3031 1169 3087 nomine
1193 3031 1524 3101 negligentiae
1553 3031 1809 3103 reprobas
1826 3040 1880 3086 et
1896 3045 1989 3087 ac-

401 3138 594 3189 cusas,
626 3132 680 3179 ct
708 3122 853 3177 tmllo
880 3121 1154 3178 dubitante
1180 3120 1535 3188 condemnas,
1566 3136 1686 3191 qua:
1709 3120 1985 3192 negligen-

402 3228 486 3281 ter
512 3217 678 3272 effusa
699 3255 715 3281 ,
745 3224 800 3271 et
825 3215 944 3271 ideo
971 3214 1105 3273 falsa
1147 3229 1269 3271 esse
1312 3213 1690 3285 pronuntias?
1717 3214 1989 3285 Rogamus

404 3318 486 3371 te.
539 3309 587 3363 si
641 3306 771 3362 falsa
819 3321 940 3362 esse
966 3306 1164 3361 asscris
1193 3305 1333 3361 dicta
1363 3321 1482 3377 qua:
1529 3304 1805 3373 defendis,
1859 3322 1988 3363 vera

401 3412 523 3455 esse
564 3411 748 3454 assere
786 3412 906 3467 qua:
943 3395 1309 3466 reprehendis.
1346 3413 1366 3447 ι
1402 3393 1538 3450 Iram
1569 3410 1675 3451 non
1722 3397 1991 3453 cunctatio

406 3490 612 3555 brevis,
647 3507 668 3542 ι
701 3488 907 3559 inquis,
938 3506 959 3542 ι
995 3488 1090 3543 sed
1120 3487 1366 3558 pertinax
1393 3496 1629 3543 meretur
1654 3487 1880 3544 intentio
1907 3506 1922 3543 :
1963 3508 1984 3543 s

404 3582 553 3652 quasi
578 3579 776 3651 aliquid
803 3579 1041 3650 proferas
1059 3619 1076 3644 ,
1104 3577 1243 3634 unde
1290 3578 1465 3646 possis
1488 3578 1772 3635 ostendere
1823 3580 1941 3637 illos
1970 3622 1987 3650 ,

406 3689 512 3729 nou
533 3672 655 3728 dico
684 3681 806 3743 post
830 3671 1048 3728 brevem
1078 3672 1094 3703 ¹
1116 3711 1132 3737 ,
1163 3656 1259 3726 sed
1306 3670 1493 3725 saltem
1522 3679 1642 3740 post
1665 3671 1876 3742 longam
1905 3671 1990 3726 in-

409 3766 701 3822 tentionem
719 3805 736 3833 ,
766 3763 848 3820 vel
878 3764 934 3818 in
982 3764 1087 3819 lianc
1113 3762 1234 3818 vita:
1262 3778 1376 3819 suae
1401 3762 1470 3818 de
1496 3771 1713 3835 peccato
1747 3763 1993 3834 originali

407 3866 642 3912 mutasse
669 3854 1010 3911 sententiam.
1052 3853 1195 3907 Vana
1225 3852 1488 3923 loqueris,
1520 3852 1704 3908 insana
1733 3852 1988 3924 loqueris,

408 3963 655 4019 perversa
682 3956 737 4004 ct
790 3956 892 4002 tua:
942 3946 1099 4001 saluti
1148 3945 1372 4001 adversa
1423 3946 1696 4016 loqueris:
1728 3946 1944 4017 quiesce
1972 3988 1989 4016 ,

407 4028 665 4104 obsecro;
687 4039 812 4110 quid
847 4048 1050 4094 tantum
1079 4038 1352 4110 loqueris?
1629 4028 1640 4040 ’
1935 4095 1938 4098 ,

368 4180 375 4181 γ
428 4185 432 4189 .
479 4131 777 4188 CXXJtJL.
809 4132 1000 4188 \‘crum
1022 4144 1305 4202 pergamus
1330 4130 1397 4186 ad
1428 4130 1650 4202 reliqua.
1680 4131 1819 4187 Nihil
1849 4147 1996 4203 pror-

409 4239 504 4282 sus
530 4226 670 4281 valet
690 4267 705 4293 ,
734 4224 875 4295 quod
905 4233 955 4280 te
980 4219 1061 4278 ais
1086 4222 1298 4278 diabolo
1326 4230 1594 4293 reputare,
1620 4239 1726 4279 non
1743 4239 1990 4295 corpora,

411 4318 505 4373 scd
529 4316 720 4372 delicta
751 4334 764 4370 :
797 4314 1051 4370 inliciaris
1070 4313 1289 4369 omnino
1309 4354 1323 4380 ,
1375 4313 1513 4368 sicut
1548 4312 1855 4385 frequenter
1901 4330 1994 4370 os-

415 4408 710 4472 tendimus,
743 4406 887 4463 nullo
914 4396 1018 4460 alio
1063 4404 1271 4467 studio.
1327 4403 1427 4458 nisi
1459 4411 1515 4457 ut
1561 4403 1834 4460 Maniehmi
1860 4405 1996 4461 vites

414 4500 694 4567 imidiam,
745 4498 896 4568 cujus
946 4498 1174 4567 inspiras
1210 4509 1498 4551 venenum.
1528 4494 1762 4564 Corpora
1804 4497 1946 4551 enim
1976 4537 1993 4564 ,

415 4607 634 4663 prorsus
659 4605 885 4661 corpora
908 4600 1122 4661 reputas
1142 4588 1364 4659 principi
1387 4588 1747 4651 tenebrarum,
1770 4604 1995 4660 quorum

413 4684 845 4738 eommivtiouem
870 4680 1183 4736 diabolicam
1216 4678 1477 4749 profiteris
1499 4717 1516 4744 ,
1543 4693 1768 4747 quorum
1788 4680 1996 4750 genita—

415 4774 515 4841 lia,
543 4788 767 4844 quorum
816 4781 991 4827 motus
1011 4812 1025 4836 ,
1049 4784 1275 4842 quorum
1313 4770 1515 4824 fructus
1539 4783 1776 4824 accusas.
1805 4771 1998 4841 Arguis

415 4867 587 4937 palam
617 4880 682 4920 ex
708 4863 882 4937 primo
911 4861 1214 4933 magisterio
1241 4858 1479 4915 membra
1500 4899 1515 4924 ,
1546 4872 1648 4913 non
1676 4859 1801 4913 vitia
1826 4878 1839 4912 :
1867 4860 1998 4915 illud

416 4930 558 5012 enim
588 4930 728 5012 dicis
747 4930 1091 5017 diabolictun,
1119 4952 1261 5023 quod
1297 4952 1458 5007 etiam
1487 4950 1832 5020 Manichazus,
1862 4938 2000 5009 sicut

417 5050 468 5104 iu
500 5047 777 5117 scripturis
804 5046 921 5115 ejus
944 5044 1136 5110 docui,
1167 5044 1218 5097 in
1234 5042 1450 5098 sexihus
1470 5040 1774 5113 indignatur
1798 5044 1996 5113 vigere.

415 5141 481 5196 Et
527 5148 585 5193 ut
630 5138 946 5208 repetitione
993 5134 1142 5191 brevi
1185 5133 1351 5189 lector
1379 5141 1594 5199 noster,
1622 5133 1765 5203 quod
1815 5141 1999 5190 tenere

416 5232 581 5299 possit
606 5271 623 5296 ,
649 5227 874 5298 accipiat
899 5244 914 5280 :
943 5235 1035 5281 aut
1085 5223 1308 5281 ostende
1330 5238 1450 5280 esse
1477 5224 1529 5279 in
1558 5225 1788 5294 parvulis
1812 5225 2001 5281 volun-

417 5329 618 5387 tatem,
648 5327 741 5372 aut
778 5317 845 5372 ab
869 5316 948 5372 eis
985 5315 1185 5370 crimen
1237 5321 1500 5370 amoveto.
1530 5313 1682 5383 Quod
1720 5329 1840 5371 cum
1893 5331 2002 5370 non

420 5407 548 5463 facis
567 5449 582 5472 ,
614 5407 709 5463 sed
728 5406 928 5461 asseris
953 5420 1048 5461 eos
1073 5413 1288 5475 propter
1309 5402 1411 5460 hoc
1425 5419 1456 5457 a
1480 5403 1694 5460 diabolo
1714 5405 1997 5477 possideri,

423 5496 543 5568 quia
563 5495 633 5553 de
659 5510 942 5566 corporum
971 5502 1098 5564 sunt
1123 5492 1504 5551 commixtione
1525 5496 1793 5564 generati;
1816 5505 1998 5555 osten-

486 5716 505 5753 ⁸
532 5708 694 5767 Codex
719 5718 845 5764 Fort.
867 5708 948 5762 hic
967 5708 1118 5777 addit,
1139 5701 1504 5757 cunctationem.

1711 267 1915 326 LIBER
1952 264 2303 334 QUARTUS.

3510 270 3655 332 ωλι

2065 379 2150 433 dis
2178 389 2230 434 te
2253 396 2358 435 non
2382 390 2595 451 peccata
2618 424 2632 448 ,
2664 398 2782 453 qum
2806 383 2924 440 sine
2947 383 3219 439 voluntate
3244 399 3349 439 non
3373 394 3518 453 sunt,
3557 386 3654 446 sed

2070 473 2184 541 ipsa
2209 487 2433 542 corpora
2463 475 2783 530 adversaria:
2809 477 3057 547 potestati
3101 476 3379 548 deputare.
3410 478 3482 534 Ut
3525 494 3656 550 ergo

2067 580 2131 619 ca
2161 565 2352 634 libido,
2379 582 2498 637 qum
2524 578 2579 622 ct
2608 568 2659 622 in
2687 568 2990 625 hominibus
3015 579 3070 625 et
3098 571 3150 625 in
3197 572 3477 641 pecoribus
3504 573 3654 628 inve-
3674 589 3697 603 '

2069 658 2241 722 nitur,
2272 658 2527 714 naturalis
2555 668 2609 715 et
2632 675 2662 714 a
2690 660 2800 716 Deo
2823 661 3065 717 instituta
3079 671 3163 718 est
3193 679 3206 718 :
3239 663 3310 717 ita
3337 664 3437 718 ista
3467 664 3654 732 libido,

2068 763 2225 818 quam
2255 748 2307 803 in
2333 749 2709 819 disputationis
2736 761 2839 807 tua;
2876 753 3134 809 varietate
3186 757 3512 825 perpeteris,
3559 772 3658 827 per

2070 856 2227 911 quam
2259 842 2398 897 inter
2426 843 2569 897 varia
2596 842 2844 914 dogmata
2874 847 3246 918 contrariaque
3270 848 3523 913 versaris,
3547 862 3656 903 non

2072 933 2248 986 minus
2273 946 2302 985 a
2352 932 2573 988 stultitia
2603 949 2762 1004 quam
2792 951 2823 990 a
2851 935 3170 1006 profanitate
3218 947 3477 1008 concepta
3507 948 3589 993 est
3614 941 3657 992 ί.

2071 1021 2223 1078 Ilaud
2265 1023 2455 1093 injuria
2485 1040 2614 1095 ergo
2642 1025 2983 1083 Ambrosium
3010 1043 3041 1083 a
3087 1037 3264 1084 vestra
3292 1029 3515 1084 cohorte
3543 1028 3660 1084 dis-

2073 1114 2396 1186 tinguimus;
2426 1130 2526 1173 nec
2552 1116 2699 1172 illum
2725 1158 2739 1183 ,
2772 1117 2909 1174 sicut
2951 1118 3123 1190 petis,
3174 1118 3525 1176 Manichacum
3568 1135 3661 1176 vo-

2073 1219 2188 1262 cam
2196 1222 2277 1262 US.

2148 1297 2282 1353 Anc.
2317 1296 2551 1354 lnauitcr
2573 1298 2792 1354 omnino
2843 1299 3094 1357 laborasti
3119 1342 3135 1369 ,
3162 1313 3223 1357 ut
3249 1302 3316 1357 ad
3346 1303 3500 1358 istam
3530 1318 3662 1362 con-

2076 1387 2370 1442 clusionem
2401 1387 2588 1444 falsam
2615 1398 2775 1460 atque
2796 1389 3094 1460 ridiculam,
3127 1392 3300 1464 longis
3319 1402 3373 1449 et
3389 1396 3663 1462 tortuosis,

2078 1478 2355 1537 fallacibus
2400 1488 2455 1536 et
2505 1480 2781 1552 fugacibus
2809 1482 3137 1539 anfractibus
3191 1487 3533 1556 pervenires,
3575 1487 3665 1543 ubi

2078 1570 2288 1628 diceres
2311 1612 2327 1639 ,
2356 1590 2375 1624 ι
2412 1588 2521 1629 non
2551 1574 2742 1644 injuria
2780 1590 2878 1631 vos
2899 1575 3241 1631 Ambrosium
3287 1591 3319 1631 a
3360 1586 3539 1633 nostra
3569 1591 3666 1634 co-

2080 1664 2235 1720 horte
2280 1664 2640 1736 distinguere,
2685 1683 2787 1724 nec
2838 1683 2960 1723 eum
2990 1669 3170 1724 dicere
3222 1668 3591 1725 Mauicbaeum.
3641 1688 3663 1722 ι

2081 1756 2309 1812 Prorsus
2333 1757 2378 1812 si
2406 1758 2551 1812 illum
2583 1775 2690 1814 non
2718 1759 2851 1815 dicis
2871 1801 2885 1825 ,
2933 1776 3033 1817 nec
3062 1776 3148 1816 me
3172 1760 3335 1816 debes
3361 1762 3542 1817 dicere
3574 1780 3589 1816 :
3620 1763 3668 1818 si

2082 1856 2261 1902 autem
2288 1862 2374 1903 me
2415 1848 2699 1904 dicendum
2728 1859 2882 1920 putas
2900 1891 2916 1917 ,
2944 1858 2998 1906 et
3025 1851 3172 1907 illum
3221 1850 3426 1923 cogeris
3451 1851 3667 1919 dicere,

2082 1945 2137 1992 et
2164 1938 2295 1994 illos
2311 1952 2501 1994 omnes
2548 1955 2769 2011 magnos
2796 1940 3054 1997 Ecclesia:
3078 1942 3356 2013 clarosque
3379 1942 3628 1998 doctores
3652 1982 3669 2008 ,

2083 2030 2172 2100 qui
2195 2029 2263 2085 de
2291 2040 2508 2099 peccato
2532 2031 2794 2102 originali,
2828 2040 3043 2104 propter
3057 2033 3195 2103 quod
3220 2048 3308 2089 me
3322 2032 3673 2090 Manichteum

2085 2118 2216 2174 dicis
2233 2161 2249 2186 ,
2275 2134 2339 2175 ea
2358 2120 2539 2177 dicunt
2567 2123 2684 2178 sine
2712 2122 2819 2178 ulla
2845 2122 3168 2179 obscuritate
3193 2124 3276 2181 vel
3302 2125 3670 2197 ambiguitate,

2085 2227 2204 2283 qua:
2232 2211 2383 2279 dico,
2404 2221 2464 2268 ut
2484 2214 2538 2269 in
2560 2214 2732 2284 primo
2750 2224 2805 2271 et
2833 2216 3071 2272 secundo
3097 2231 3195 2273 sex
3232 2217 3493 2273 librorum
3521 2233 3675 2274 meo-

2086 2319 2205 2359 rum
2229 2345 2243 2369 ,
2265 2318 2400 2375 quos
2427 2313 2612 2360 contra
2638 2314 2867 2377 quatuor
2894 2316 3014 2363 tuos
3034 2306 3210 2374 edidi,
3246 2309 3377 2364 satis
3401 2309 3678 2365 evidenter

2087 2395 2317 2450 Ostendi.
2340 2396 2447 2453 Sed
2468 2412 2564 2467 per
2583 2405 2726 2453 tuam
2745 2398 2948 2454 scilicet
2962 2398 3291 2454 dialecticam
3312 2407 3605 2456 terreretur
3626 2402 3671 2465 ',

2088 2486 2134 2542 si
2160 2487 2243 2542 his
2269 2487 2457 2543 diebus
2482 2496 2785 2559 superesset
2804 2489 3118 2545 Ambrosius
3138 2531 3153 2555 ,
3184 2498 3241 2545 ut
3264 2505 3329 2545 ex
3348 2504 3669 2561 conscqncnv

2089 2581 2231 2637 tibus
2256 2580 2404 2636 falsis
2432 2580 2709 2637 inveniens
2736 2579 2931 2636 falsum
2961 2596 3081 2637 esse
3106 2582 3248 2653 quod
3285 2590 3559 2646 senserat,
3591 2583 3678 2636 di-

2089 2685 2212 2729 cere
2238 2686 2345 2727 non
2379 2672 2599 2728 auderet
2628 2672 2852 2729 ulterius
2874 2715 2888 2740 ,
2929 2672 2998 2729 de
3051 2689 3273 2730 sexuum
3301 2675 3682 2731 commixtione

2091 2764 2341 2834 parvulos
2362 2772 2515 2818 natos
2535 2770 2786 2833 expertes
2807 2778 2916 2819 non
2948 2779 3070 2820 esse
3099 2765 3312 2833 delicti,
3343 2780 3411 2821 ue
3454 2780 3550 2836 per
3576 2765 3678 2822 hoc

2090 2867 2185 2908 eos
2210 2852 2310 2907 sub
2339 2860 2601 2920 potestate
2649 2852 2849 2908 diaboli
2876 2855 3266 2911 constitueret:
3306 2863 3434 2911 tunc
3475 2871 3603 2927 ergo
3630 2866 3682 2912 te

2091 2942 2310 2997 doctore
2334 2942 2656 2998 Manichzeus
2684 2959 2805 3000 esse
2832 2944 3134 3000 desisteret.
3166 2944 3211 3000 Ο
3235 2946 3364 3016 quid
3406 2946 3634 3016 perdidit
3662 2988 3679 3013 ,

2092 3036 2181 3103 qui
2206 3042 2257 3088 te
2283 3032 2468 3088 audire
2504 3048 2610 3087 non
2637 3035 2839 3103 potuit!
2868 3035 3099 3090 Proinde
3122 3036 3243 3106 quia
3271 3044 3490 3106 propter
3541 3036 3684 3093 hunc

2093 3139 2311 3180 sensum
2355 3123 2701 3180 Manichaeum
2741 3141 2829 3182 me
2879 3142 3000 3183 esse
3024 3126 3190 3196 dicis,
3223 3127 3465 3198 profecto
3493 3129 3546 3183 in
3578 3128 3682 3185 hoc

2094 3230 2255 3271 sensu
2281 3230 2630 3287 perseverans
2653 3258 2668 3283 ,
2692 3217 3040 3284 Manichacus,
3066 3226 3119 3273 te
3162 3227 3382 3274 auctore
3400 3260 3415 3285 ,
3448 3220 3679 3277 Ambro-
3752 3266 3757 3271 .

2093 3306 2205 3361 sius
2253 3306 2354 3362 hac
2387 3306 2620 3363 excessit
2659 3322 2691 3363 e
2717 3308 2845 3363 vita.
2874 3308 2989 3364 Non
3020 3323 3148 3380 ergo
3173 3309 3319 3364 illum
3347 3309 3633 3367 defendere
3659 3353 3677 3378 ,

2094 3399 2237 3470 quod
2288 3400 2436 3457 nullo
2474 3400 2633 3455 modo
2660 3409 2813 3471 potes
2830 3442 2845 3467 ,
2868 3401 2961 3457 sed
2988 3401 3171 3458 dolere
3196 3402 3360 3458 debes
3381 3444 3397 3472 ,
3441 3405 3564 3475 quia
3587 3405 3684 3462 do—

2094 3503 2219 3545 cere
2238 3488 2347 3560 jam
2377 3505 2482 3544 non
2525 3499 2677 3560 potes
2705 3508 2719 3546 :
2753 3491 2895 3561 quod
2940 3491 2986 3546 si
3013 3489 3189 3549 facere
3216 3494 3478 3563 potuisses
3501 3535 3517 3561 ,
3563 3511 3682 3551 ma-

2094 3579 2312 3650 gisterio
2342 3588 2433 3635 tuo
2457 3581 2547 3636 ille
2573 3587 2850 3650 correptus
2877 3590 3037 3653 atque
3070 3593 3343 3639 correctus
3373 3584 3685 3654 prohiberet

2097 3669 2277 3740 utique
2303 3669 2356 3725 in
2382 3670 2620 3726 Ecclesia
2650 3686 2808 3741 quam
2836 3672 3082 3743 regebat,
3113 3675 3399 3730 exorcizari
3431 3675 3685 3731 etexsuf—

2102 3761 2591 3831 ﬂaribaptizaudos
2637 3762 2918 3833 parvulos;
2969 3778 3037 3820 ne
3065 3764 3119 3819 in
3148 3772 3225 3820 tot
3271 3766 3682 3833 innocentibus,

2098 3868 2276 3923 neque
2302 3854 2407 3908 ulla
2438 3854 2645 3913 ratione
2666 3895 2680 3920 ,
2712 3862 2771 3909 ut
2799 3854 2994 3910 asseris
3017 3895 3033 3922 ,
3068 3855 3168 3911 sub
3192 3863 3457 3927 potestate
3486 3856 3685 3913 diaboli

2097 3943 2400 4001 constitutis
2427 3943 2742 4013 imaginibus
2765 3944 2899 4011 Dei,
2931 3945 3028 4015 ipsi
3063 3946 3175 4002 Deo
3200 3947 3354 4002 fieret
3375 3956 3479 4002 tam
3508 3949 3687 4018 gravis

2097 4043 2259 4105 atque
2284 4035 2505 4105 insignis
2534 4034 2724 4105 injuria
2754 4036 2933 4107 :quod
2954 4046 3129 4093 tamen
3156 4038 3203 4093 si
3231 4039 3345 4094 ﬁeri
3372 4039 3685 4110 prohiberet

2098 4126 2413 4180 Ambrosius
2434 4166 2449 4191 ,
2479 4125 2756 4181 vobiscum
2785 4125 2853 4182 de
2897 4127 3135 4184 Ecclesia
3164 4129 3427 4186 catholica
3458 4132 3687 4201 pellere-

2102 4225 2206 4271 tur.
2236 4216 2392 4272 Absit
2421 4216 2563 4271 enim
2590 4227 2648 4272 ut
2677 4216 2793 4273 haec
2816 4220 3077 4274 correctio
3119 4220 3296 4289 potius
3318 4261 3332 4285 ,
3383 4236 3542 4291 quam
3589 4220 3689 4277 de-

2100 4310 2278 4381 ccptio
2324 4310 2647 4365 nominetur.
2692 4310 2846 4366 Absit
2883 4326 3012 4382 ergo
3058 4320 3117 4366 ut
3158 4312 3252 4368 ille
3302 4313 3385 4367 vir
3413 4313 3688 4369 vobiscum

2101 4412 2285 4459 contra
2334 4411 2558 4457 matrem
2589 4401 2916 4460 Catholicam
2968 4403 3369 4460 consisterel':
3400 4403 3494 4460 scd
3537 4405 3695 4461 vobis,

2102 4494 2328 4548 invictus
2354 4509 2451 4563 pro
2490 4493 2579 4548 illa
2615 4494 2910 4550 resisteret.
2938 4494 3076 4563 Quid
3102 4505 3186 4550 est
3230 4494 3414 4565 igitur,
3467 4511 3574 4566 quo
3604 4510 3691 4552 me

2103 4585 2172 4640 ab
2197 4585 2289 4640 illo
2319 4585 2369 4640 in
2399 4586 2497 4639 hac
2522 4601 2681 4641 causa
2711 4586 3065 4655 separandum
3087 4588 3276 4656 putas?
3301 4587 3404 4641 Per
3426 4588 3689 4643 commix-

2105 4676 2300 4730 tionem
2326 4689 2608 4744 corporum
2651 4676 2812 4729 maris
2839 4685 2893 4730 et
2922 4675 3132 4729 femina:
3154 4716 3169 4741 ,
3197 4675 3374 4730 delicti
3417 4683 3689 4744 expertem

2096 4757 2249 4819 irasci
2275 4763 2398 4819 dico
2443 4764 2711 4818 neminem
2736 4805 2754 4830 ,
2783 4764 2920 4819 sicut
2962 4765 3049 4820 ille
3073 4779 3088 4830 ;
3133 4778 3232 4820 nec
3260 4773 3435 4818 tamen
3464 4780 3686 4834 corpora

2103 4853 2316 4909 diabolo
2366 4853 2627 4908 conditori
2670 4854 2884 4919 tribuo,
2925 4855 3048 4925 quia
3096 4869 3195 4910 nec
3246 4855 3382 4910 ille:
3425 4858 3683 4927 quemad-

2103 4946 2322 5002 modt‘tm
2366 4954 2571 5001 natura:
2607 4946 2792 5001 vitium
2837 4946 2995 5024 ambo
3028 4947 3305 5017 culpamus
3327 4988 3343 5013 ,
3376 4948 3444 5002 ita
3489 4959 3691 5005 natura:

2104 5048 2375 5097 auctorem
2405 5040 2564 5095 ambo
2594 5055 2928 5096 veneramur.
2957 5040 3011 5097 Si
3037 5041 3286 5111 quoniam
3312 5028 3694 5115 concupiscen-

2108 5132 2233 5186 tiam
2263 5130 2440 5187 carnis
2460 5170 2476 5198 ,
2508 5146 2608 5202 qua
2629 5144 2755 5186 caro
2782 5127 3112 5201 concupiscit
3139 5131 3395 5189 adversus
3421 5134 3692 5204 spiritum,

2106 5238 2204 5294 per
2219 5223 2708 5294 prrevaricationem
2738 5223 2891 5293 primi
2922 5223 3153 5279 hominis
3180 5225 3232 5279 in
3290 5234 3530 5281 naturam
3575 5243 3696 5281 ver-

2109 5318 2237 5372 tisse
2262 5316 2416 5381 dico,
2461 5314 2582 5370 ideo
2622 5333 2641 5367 ι
2674 5329 2839 5385 arguo
2883 5316 3154 5381 membra,
3184 5331 3289 5371 non
3329 5317 3489 5382 vitia;
3527 5336 3548 5371 ι
3592 5317 3695 5372 hoc

2108 5409 2233 5465 fecit
2269 5417 2326 5465 et
2370 5408 2505 5463 ille:
2545 5408 2590 5462 si
2640 5422 2770 5463 vero
2817 5407 3033 5466 aliunde
3077 5419 3161 5467 est
3212 5411 3363 5482 origo
3405 5411 3691 5475 vitiorum,

2172 5524 2188 5554 ι
2225 5520 2514 5594 \‘lgnicrius,
2549 5532 2580 5570 a
2613 5517 2897 5594 profundam
2925 5527 3023 5586 est;
3049 5523 3245 5587 omisso,
3269 5526 3523 5585 correpta,
3561 5514 3693 5584 quod

2110 5595 2175 5634 ex
2197 5590 2530 5644 manusu'tptis
2550 5590 2839 5633 restituitur.

2172 5645 2197 5714 ξ
2225 5644 2297 5692 sic
2318 5651 2420 5714 Mss:
2448 5645 2559 5714 illiti
2579 5658 2714 5707 vero,
2738 5651 2990 5697 tereretur.

2176 5704 2200 5738 ⁸
2377 5706 2578 5759 sacra.
