4124 6514
459 283 601 342 ιιιε

459 391 672 450 aliunde
696 387 1088 448 membrorunt;
1115 397 1215 438 nec
1237 396 1339 450 ego
1353 378 1453 450 (a),
1473 393 1570 432 nec
1591 377 1696 431 ille.
1711 374 2049 429 Volnntatem

463 485 729 556 propriam
774 481 948 535 inesse
975 473 1351 533 nascentibus.
1394 485 1493 524 nec
1536 466 1849 522 Ambrosius
1877 465 2004 519 dicit
2033 503 2051 530 ,

465 555 723 644 necego:
753 586 847 641 per
889 567 1048 640 primi
1095 564 1327 619 hominis
1356 570 1530 616 tamen
1573 555 2052 628 prmvaricatricem

464 667 791 722 voluntatem
819 659 1018 714 factum
1047 671 1169 712 esse
1187 651 1632 722 concupiscentiae
1653 647 1838 702 vitium
1865 688 1879 711 ,
1911 644 2054 700 unde

465 773 563 828 per
586 753 1020 811 commixtionem
1069 762 1292 803 sexuum
1341 750 1619 798 nascentes
1643 739 1858 795 trahunt
1885 736 2052 807 origi-

467 850 589 902 nale
638 852 948 916 peccatum,
989 849 1044 896 et
1089 836 1404 894 Ambrosius
1446 833 1611 897 dicit,
1640 839 1695 886 et
1731 845 1852 900 ego.
1882 828 2056 883 Ambo

429 929 434 934 ’
468 940 628 1010 igitur
662 946 815 990 natos
857 933 1101 988 homines
1123 972 1138 997 ,
1187 937 1470 998 antequam
1511 932 1897 986 renascantur,
1948 934 2057 974 non

471 1004 688 1100 propter
727 1041 910 1081 eorum
940 1021 1284 1078 substantiam
1314 1059 1329 1084 ,
1359 1016 1510 1086 cujus
1533 1023 1744 1069 creator
1765 1021 1846 1067 est
1895 1004 2054 1076 Deus,

471 1121 566 1176 sed
588 1127 805 1190 propter
835 1123 1108 1186 peccatum
1156 1109 1296 1182 quod
1349 1123 1446 1178 per
1485 1122 1647 1161 unum
1705 1104 1956 1169 intravit,
2004 1110 2060 1157 et

474 1228 568 1282 per
591 1223 778 1265 omnes
807 1207 1048 1261 homines
1071 1199 1376 1273 pertransiit
1400 1240 1415 1262 ,
1438 1197 1590 1266 cujus
1615 1194 1820 1265 peccati
1871 1203 2059 1248 auctor

474 1281 556 1359 est
581 1301 826 1357 diabolus
849 1339 864 1364 ,
910 1295 1154 1367 potestati
1181 1289 1499 1346 adversaria:
1527 1287 1867 1356 deputamus.
1917 1281 2057 1352 Quid

473 1405 556 1451 est
575 1392 716 1464 quod
739 1401 790 1447 te
811 1385 1265 1459 impudentissima
1295 1381 1468 1437 fronte
1487 1379 1750 1445 mentiris,
1788 1377 2057 1433 Ambrosii

475 1496 531 1542 et
553 1486 782 1540 aliorum
832 1480 1082 1536 similium
1108 1476 1248 1532 dicta
1286 1471 1572 1529 defendere
1615 1479 1774 1540 atque
1797 1467 2060 1524 deluere?

475 1577 606 1647 Quis
635 1575 703 1629 ita
725 1586 896 1629 carens
924 1579 1006 1625 est
1029 1609 1044 1633 ,
1077 1576 1135 1622 ut
1175 1581 1282 1620 non
1301 1563 1478 1618 videat
1515 1559 1658 1631 quod
1688 1575 1751 1615 ea
1795 1568 1850 1613 ιιι
1873 1572 2060 1628 περι-οι

477 1667 716 1730 hendas,
746 1678 845 1732 ego
889 1659 1210 1721 defendam;
1258 1664 1313 1711 tu
1363 1655 1598 1725 polluas,
1659 1665 1759 1721 ego
1798 1648 2060 1705 deluam?

473 1756 738 1814 Ambrosii
766 1755 907 1808 dicta
952 1760 1076 1805 sunt
1103 1748 1171 1803 de
1191 1745 1406 1802 Christo
1438 1741 1707 1814 loquentis
1735 1759 1749 1796 :
1785 1759 1803 1793 t
1836 1738 1960 1794 Ideo
1982 1779 1999 1806 ,
2034 1756 2054 1790 ι

380 1861 387 1869 ·
474 1848 673 1918 inquit,
711 1863 730 1896 ι
759 1853 810 1899 et
836 1841 987 1913 quasi
1011 1840 1171 1894 homo
1191 1853 1290 1909 per
1314 1836 1560 1890 universa
1601 1841 1835 1888 tentatus
1856 1840 1939 1886 est
1961 1871 1976 1897 ,
2006 1839 2064 1886 et

471 1938 525 1992 in
545 1934 893 1993 similitudine
919 1931 1196 1986 hominum
1223 1936 1411 1982 cuneta
1435 1923 1724 1987 sustinuit;
1775 1921 1867 1976 sed
1907 1919 2059 1991 quasi

470 2030 540 2086 de
562 2027 761 2099 Spiritu
805 2033 962 2079 natus
984 2063 1001 2088 ,
1031 2018 1290 2075 abstinuit
1335 2032 1365 2070 a
1409 2022 1626 2085 peccato
1658 2030 1671 2067 :
1699 2010 1873 2067 omnis
1915 2009 2059 2064 enim

469 2121 631 2176 homo
652 2115 878 2173 mendax
905 2155 920 2180 ,
951 2123 1006 2170 et
1030 2125 1188 2168 nemo
1208 2110 1324 2165 sine
1353 2117 1572 2177 peccato
1594 2104 1694 2158 nisi
1732 2117 1869 2157 unus
1895 2101 2058 2156 Deus.

469 2213 752 2270 Servatum
792 2216 875 2262 est
918 2204 1115 2275 igitur,
1155 2220 1174 2255 ι
1211 2199 1418 2270 inquit,
1456 2216 1474 2249 ι
1505 2204 1562 2250 ιιι
1589 2210 1656 2249 ex
1688 2193 1803 2247 viro
1849 2200 1903 2247 et
1939 2206 2060 2245 mu-

469 2306 631 2368 liere,
681 2300 733 2356 id
776 2309 890 2362 est,
922 2313 1018 2367 per
1058 2295 1202 2350 illam
1249 2304 1534 2361 corporum
1578 2285 2011 2342 commixtionem
2040 2323 2058 2348 ,

470 2412 630 2453 nemo
658 2393 901 2448 videatur
922 2402 1116 2458 expers
1141 2400 1260 2440 esse
1284 2383 1460 2437 delicti
1497 2379 1622 2449 :qni
1667 2384 1844 2432 autem
1868 2387 2062 2444 expers

471 2486 690 2552 delicti,
739 2496 932 2551 expers
971 2480 1130 2534 etiam
1179 2471 1489 2544 hujusmodi
1527 2467 1889 2538 conceptionis
1917 2485 1936 2518 ι
1972 2464 2062 2536 (In

473 2577 722 2646 Isaiam).
746 2576 848 2631 Ista
868 2575 1008 2628 dicta
1037 2569 1172 2625 dicis
1201 2581 1321 2623 ease
1347 2563 1650 2627 falsissima,
1682 2561 1867 2630 eisque
1891 2557 2062 2612 Mani—

471 2673 684 2728 chmum
713 2670 728 2700 ²
759 2666 951 2735 dogma
983 2659 1242 2716 nefarium
1273 2654 1532 2711 contineri
1567 2671 1582 2707 :
1614 2666 1676 2706 ac
1707 2665 1802 2722 per
1822 2649 1924 2703 hoc
1945 2650 2066 2702 Am-

473 2763 638 2820 brosii
665 2760 804 2816 dicta
836 2767 888 2810 tu
912 2750 1260 2823 reprehendis
1279 2756 1334 2803 et
1363 2745 1576 2816 polluis.
1607 2744 1716 2812 Ego
1745 2757 1871 2798 vero
1897 2740 1984 2794 illa
2010 2747 2066 2794 et

473 2852 752 2910 verissima
795 2845 1026 2918 ιιι-ωιιίοο
1048 2886 1064 2910 ,
1115 2850 1170 2897 et
1226 2836 1522 2894 Manichmo
1572 2849 1676 2888 non
1729 2832 1901 2887 soluat
1954 2845 2064 2885 non

473 2946 642 3002 amica
662 2985 679 3009 ,
709 2955 892 2997 verum
940 2946 996 2992 et
1043 2933 1286 2997 inimica,
1313 2930 1453 2985 sicut
1476 2927 1582 2997 jam
1631 2925 1730 2980 feci
1759 2966 1775 2992 ,
1828 2937 1950 2979 esse
1977 2921 2064 2977 de-

473 3047 712 3098 monstro
743 3049 877 3105 :ego
898 3031 1055 3102 igitur
1073 3043 1134 3082 ea
1157 3025 1334 3096 potius
1355 3019 1583 3076 defendo
1608 3060 1624 3084 ,
1663 3026 1718 3073 et
1742 3032 1772 3070 a
1829 3015 1932 3070 tuis
1960 3029 2062 3070 ne-

474 3130 646 3187 fandis
669 3121 1130 3182 criminationibus
1156 3115 1334 3172 deluo.
1367 3112 1556 3169 Utrum
1595 3123 1724 3179 ergo
1752 3107 1841 3161 ille
1880 3114 2062 3160 noster

474 3239 542 3279 an
585 3229 763 3276 vester
817 3216 924 3278 sit,
974 3220 1029 3267 et
1054 3225 1150 3263 vos
1174 3206 1365 3262 videtis
1391 3221 1404 3258 :
1434 3201 1528 3257 sed
1569 3202 1689 3269 quia
1736 3197 1986 3253 homines
2031 3210 2064 3250 a

474 3313 667 3388 quibus
708 3307 978 3378 diligitur,
1030 3297 1360 3362 formidatis;
1411 3294 1650 3365 profecto
1688 3305 1848 3356 eum,
1902 3302 2062 3358 quem

473 3381 731 3461 atrociter
778 3409 1034 3454 accusare
1083 3385 1498 3453 convincimini,
1553 3381 1760 3438 fallacia
1807 3393 2065 3436 excusare

473 3494 764 3556 conamini.

543 3584 732 3644 CXXI.
754 3582 872 3638 ιιιι..
894 3577 1045 3648 Quod
1075 3575 1210 3632 dicis
1232 3573 1280 3629 ei
1310 3568 1610 3627 convicium
1631 3581 1660 3619 a
1680 3564 1961 3620 Joviniano
1989 3561 2067 3616 fa-

474 3692 619 3738 ctum
648 3677 748 3746 (De
780 3674 985 3745 Nuptiis
1005 3679 1051 3724 et
1076 3663 1526 3737 Concupiscentia,
1554 3659 1642 3714 lib.
1668 3658 1705 3712 2
1723 3701 1739 3725 ,
1769 3675 1822 3711 ιι.
1855 3655 1978 3726 15);
2012 3655 2065 3708 in

475 3788 584 3844 quo
609 3766 822 3826 mentiri
851 3774 902 3820 te
927 3773 1106 3817 tamen
1135 3759 1365 3813 arbitror
1389 3772 1402 3808 :
1426 3751 1523 3808 sed
1548 3764 1842 3804 animamus
1867 3747 1950 3802 vel
1975 3746 2068 3800 Ιο-

478 3839 679 3921 viniani
723 3869 776 3914 te
815 3855 1211 3914 criminatorem
1236 3861 1422 3902 verum
1447 3859 1570 3899 esse
1615 3857 1804 3912 posse,
1834 3839 2066 3893 Ambro-

481 3957 729 4024 siumque
765 3949 834 4004 ah
874 3947 966 4001 illo
992 3940 1340 3998 Manichacum
1367 3944 1610 3990 vocatum
1646 3951 1660 3987 :
1692 3940 1746 3985 at
1785 3930 1836 3985 id
1861 3936 2071 3985 constat

484 4022 731 4104 insanum
756 4041 939 4095 fuisse.
956 4034 1073 4089 Non
1098 4032 1241 4087 enim
1265 4043 1392 4083 sane
1415 4033 1621 4097 poterat
1638 4022 1960 4077 Manichacus
1979 4033 2072 4074 vo-

472 4129 618 4204 cari,
645 4133 735 4205 qui
763 4133 956 4186 bonam
984 4133 1248 4185 naturam,
1278 4119 1366 4190 qui
1397 4124 1610 4188 peccata
1637 4111 1954 4177 voluntaria,
1979 4110 2069 4181 qui

484 4246 516 4284 a
543 4203 939 4284 Deoinstitutas
965 4215 1197 4288 nuptias,
1214 4210 1301 4281 qui
1331 4225 1360 4264 a
1391 4209 1503 4262 Deo
1530 4205 1641 4260 ﬁeri
1672 4203 1920 4275 parvulos
1935 4217 2071 4272 prie-

485 4319 715 4378 dieabat.
755 4313 812 4370 Si
841 4326 971 4382 ergo
995 4309 1084 4364 ille
1126 4302 1484 4376 prmlationem
1515 4295 1830 4365 virginitatis
1859 4295 2071 4365 nuptia-

487 4426 606 4467 rum
631 4403 1024 4462 accusationcm
1053 4395 1288 4468 putavit,
1314 4390 1504 4446 nesciit
1529 4389 1746 4442 omnino
1770 4385 1896 4456 quid
1922 4383 2071 4440 dice-

488 4513 591 4562 ret.
609 4499 765 4559 Aliud
789 4505 872 4553 est
895 4494 1039 4549 enim
1061 4485 1412 4547 contrarium,
1429 4480 1570 4536 aliud
1595 4479 1917 4534 ordinatum.
1941 4475 2072 4530 Boni

485 4595 683 4666 quippe
709 4584 944 4646 laudatio
971 4581 1037 4636 ad
1065 4577 1287 4634 meliora
1313 4573 1508 4645 gradus
1534 4581 1615 4625 est
1638 4587 1651 4623 :
1677 4567 1949 4623 infamatio
1975 4583 2072 4620 an-

612 4658 819 4740 naturae
834 4678 898 4732 ad
921 4672 1268 4732 Manichmum
1287 4666 1367 4721 via
1391 4675 1490 4721 est.
1514 4663 1647 4720 Cum
1681 4676 1809 4732 ergo
1844 4676 1948 4715 non
1976 4658 2068 4714 da-

490 4784 702 4836 mnaret
719 4768 1034 4828 Ambrosius
1051 4761 1290 4833 nuptias;
1315 4773 1410 4812 nec
1430 4754 1862 4812 eommixtionem
1879 4751 2072 4822 conju-

485 4888 644 4943 gnm,
671 4866 757 4922 vel
785 4876 918 4934 epos
945 4856 1176 4921 diaboli,
1203 4852 1287 4908 vel
1328 4848 1699 4906 necessitatem
1725 4844 1929 4900 diceret
1953 4857 2073 4898 esse

492 4937 691 5034 peccati
723 4977 738 5013 :
771 4953 1011 5026 improbe
1047 4949 1172 5005 fecit
1196 4943 1508 5002 Jovinianus
1528 4982 1544 5006 ,
1575 4951 1778 4995 meum
1808 4937 2076 4991 conferret

451 5053 468 5083 ’·
491 5030 800 5117 blanichmo,
831 5054 1143 5120 putaretque
1167 5033 1304 5095 nihil
1326 5037 1586 5090 interesse
1609 5032 1746 5085 inter
1772 5030 2072 5099 nuptiarum

490 5155 850 5205 accusatorem
881 5147 936 5194 et
959 5134 1288 5192 laudatorem
1309 5130 1352 5182 ².
1381 5125 1516 5180 Nam
1539 5123 1584 5177 si
1610 5122 1678 5176 de
1705 5121 1935 5190 legitima
1963 5127 2018 5174 et
2045 5134 2075 5173 a

492 5242 603 5298 Deo
629 5239 868 5295 instituta
886 5241 1171 5299 corporum
1197 5221 1574 5291 conjunctione
1597 5223 1900 5285 generatos,
1933 5222 2077 5282 post-

493 5346 717 5404 caquam
747 5339 902 5383 usum
939 5325 1218 5388 emperunt
1243 5313 1444 5369 habere
1468 5307 1720 5374 rationis,
1745 5314 1932 5375 Sponte
1958 5319 2078 5373 pro-

495 5397 610 5497 pria
632 5421 920 5494 proborum
939 5413 960 5444 ³
989 5408 1283 5466 imitatione
1306 5403 1557 5459 mentitos
1577 5399 1703 5454 dixit
1726 5397 2036 5454 Ambrosius
2059 5415 2074 5463 ;

559 5561 579 5593 ⁸
611 5557 771 5608 Codex
797 5539 1238 5611 rort.,_lttanicl.ta’i..
1269 5597 1299 5611 ,Δ

561 5622 583 5652 ⁸
615 5601 771 5668 E836
778 5601 1071 5664 addendum,
1106 5601 1410 5668 virginitatis.

563 5682 584 5714 ⁸
614 5667 772 5737 ιτὀιίίε.
795 5679 1079 5739 arcton“;
1105 5667 1540 5739 f'?b.9i"“.‘.?.’l"1!l2

562 5721 892 5800 talvsubaudi,
914 5721 1320 5792 arguo'membro,
1345 5728 1438 5764 non
1463 5721 1575 5764 ruta

1144 270 1389 327 OPERIS
1427 264 1836 324 IMPERFECTI
1890 263 2164 321 CONTRA
2203 263 2564 332 JULIANUJI,
2605 265 2662 322 S.
2706 266 3074 324 AUGUSTINI

2161 391 2268 430 non
2303 384 2480 432 tamen
2510 376 2644 432 hanc
2669 378 3095 448 eonjnnctioncm
3116 419 3132 446 ,
3166 381 3428 438 mendacii
3459 384 3623 440 voluit
3650 401 3754 442 nec

2158 468 2465 524 cessitatem
2493 468 2697 535 videri,
2741 469 2835 525 sed
2867 471 3225 528 universitatis
3268 474 3521 531 indicium
3546 477 3586 530 ⁸.
3615 479 3746 536 Tale

2159 569 2242 614 est
2267 560 2411 614 enim
2441 560 2585 632 quod
2621 560 2787 625 dixit,
2817 560 2946 615 Nati
2973 577 3036 616 ex
3074 563 3362 632 parentibus
3399 568 3746 636 mentiuntur;

2159 651 2316 722 quale
2353 653 2398 707 si
2438 653 2692 720 dixisset,
2723 653 2909 710 Omnis
2950 654 3110 710 homo
3131 698 3147 724 ,
3174 657 3432 716 duntaxat
3460 662 3543 716 sui
3573 673 3745 718 rector

2161 743 2402 810 arbitrii,
2431 743 2715 814 aliquando
2744 745 2996 800 mentitus
3035 755 3117 802 est
3150 763 3163 800 :
3199 747 3403 804 sciebat
3428 752 3624 821 quippe
3651 768 3743 807 ne.

2163 835 2360 890 minem
2382 838 2497 892 sine
2521 838 2900 893 commixtione
2925 847 3223 908 parentum,
3246 852 3442 911 praeter
3456 844 3737 911 Christum,

2162 929 2450 984 exstitisse.
2479 927 2642 1000 igitur
2667 945 2828 1005 opere
2853 930 3118 1001 conjngali
3142 948 3245 987 non
3275 934 3622 1004 iniquitatem‘,
3646 937 3736 991 sed

2161 1020 2565 1089 generalitatem
2609 1021 2692 1075 vir
2735 1021 2965 1090 prudens
2994 1023 3162 1076 voluit
3206 1023 3444 1079 indicari.
3473 1025 3748 1081 Christum

2162 1126 2290 1166 vero
2310 1111 2670 1181 pronuntiavit
2683 1126 2840 1166 omne
2864 1112 3070 1166 cavisse
3096 1113 3450 1180 mendacium,
3471 1131 3625 1184 quem
3647 1117 3744 1170 mi-

2162 1201 2342 1257 raculo
2389 1202 2641 1272 parientis
2669 1199 2904 1258 ostendit
2934 1220 2948 1256 :
2979 1203 3122 1274 quod
3165 1205 3377 1274 quidem
3406 1205 3744 1262 vehementer

2162 1303 2347 1348 contra
2375 1292 2753 1366 Hieronymum
2773 1334 2788 1360 ,
2820 1293 2972 1365 cujus
2993 1303 3050 1348 tu
3071 1296 3273 1351 assecla
3296 1312 3355 1351 es
3375 1338 3390 1364 ,
3421 1297 3627 1361 fremit;
3653 1299 3740 1368 qui

2162 1385 2498 1441 mendacium
2539 1385 2896 1457 signatissime
2928 1384 3143 1440 Christo
3185 1395 3268 1441 est
3300 1396 3520 1442 collatus
3561 1387 3739 1457 afﬁge-

2163 1492 2222 1532 re
2243 1476 2339 1549 (a).
2360 1476 2476 1532 Non
2499 1492 2629 1548 ergo
2643 1477 2765 1548 jure
2785 1484 3006 1532 vocatus
3030 1485 3112 1533 est
3137 1475 3461 1532 Manichzcns
3481 1477 3547 1551 (si
3569 1487 3743 1534 tamen

2163 1571 2426 1642 vocatus),
2441 1569 2530 1641 qui
2545 1577 2731 1626 contra
2748 1583 2988 1626 errorem
3005 1565 3615 1640 vestrum-frequentem
3634 1568 3743 1624 lau-

2163 1663 2430 1720 dationem
2462 1673 2848 1718 creaturarum.

2236 1757 2370 1811 Anc.
2422 1754 2802 1809 Laudationem
2844 1760 3210 1809 creaturarum
3259 1749 3651 1821 frequentamus
3690 1757 3747 1806 et

2166 1861 2266 1902 nos
2295 1864 2309 1901 :
2341 1846 2468 1917 quid
2491 1854 2574 1900 est
2597 1859 2724 1916 ergo
2749 1844 2892 1914 quod
2920 1844 3054 1900 dicis
3075 1843 3180 1898 hoc
3209 1841 3385 1897 facere
3407 1840 3743 1897 Ambrosium

2164 1947 2350 1997 contra
2391 1954 2630 1995 errorem
2658 1945 2936 2004 nostrum;
2966 1952 3088 1992 cum
3129 1936 3232 1990 hoc
3271 1935 3428 1990 faciat
3453 1935 3743 1991 secundum

2167 2033 2323 2088 ﬁdem
2355 2040 2589 2087 uestram
2605 2031 2632 2084 τ
2657 2029 2938 2099 Quomodo
2962 2040 3142 2085 autem
3169 2028 3445 2084 ilia'verbe
3471 2029 3740 2098 posuerit,

2165 2139 2283 2194 quae
2313 2139 2344 2177 a
2374 2138 2459 2177 me
2490 2121 2585 2177 tibi
2609 2121 2820 2190 objecta
2849 2130 2906 2175 tu
2930 2133 3356 2175 commemorare
3389 2119 3647 2185 timuisti,
3678 2133 3749 2174 ne

2167 2213 2402 2268 tenebrae
2426 2221 2527 2266 tua:
2553 2211 2848 2266 clarissima
2879 2211 2998 2265 luce
3024 2209 3238 2264 illorum
3264 2207 3707 2279 redarguerentur
3724 2247 3741 2273 ,

2165 2307 2283 2359 aliis
2309 2305 2468 2360 etiam
2506 2304 2826 2373 scriptorum
2850 2311 3068 2358 suorum
3095 2301 3228 2356 locis
3263 2299 3342 2356 sic
3365 2299 3594 2355 ostendit
3616 2302 3746 2355 Am-

2165 2395 2409 2462 brosius,
2441 2404 2633 2448 utnon
2673 2393 2722 2448 ei
2751 2393 2889 2448 sicut
2928 2391 3329 2462 negligentiori,
3359 2390 3626 2460 quoinodo
3664 2391 3746 2444 le-

2167 2486 2367 2556 qneris,
2398 2495 2453 2540 et
2482 2483 2762 2540 incautiori
2791 2481 3058 2538 sententia
3083 2482 3182 2536 ista
3233 2481 3397 2536 semel
3422 2479 3754 2550 subrepta-isse

2166 2579 2441 2644 videatur;
2471 2578 2566 2633 sed
2595 2576 2663 2632 de
2689 2585 2908 2646 peccato
2948 2572 3202 2644 originali.
3219 2572 3408 2643 dogma
3434 2573 3550 2642 ejus
3567 2613 3583 2638 ,
3609 2587 3744 2642 quo-

2169 2669 2309 2724 niam
2340 2669 2530 2739 dogma
2558 2667 2879 2723 catholicum
2909 2673 3025 2731 est,
3059 2664 3188 2719 satis
3215 2662 3411 2734 liquida
3443 2662 3744 2718 manifesta-

2167 2763 2313 2817 tione
2337 2759 2728 2816 dcclaret‘?Cur
2766 2773 2895 2829 ergo
2923 2766 2978 2814 et
3003 2771 3104 2828 qua
3131 2756 3337 2812 ratione
3363 2755 3590 2822 dixerit,
3622 2756 3752 2811 Serv

2166 2863 2337 2909 vatum
2363 2863 2436 2908 est
2461 2853 2619 2923 igitur
2637 2893 2651 2916 ,
2683 2861 2738 2904 ut
2779 2865 2843 2905 ea:
2866 2851 2972 2905 viro
3000 2859 3047 2904 et
3071 2850 3312 2916 muliere,
3341 2849 3397 2902 id
3425 2860 3496 2903 est
3516 2889 3531 2914 ,
3564 2863 3658 2919 per
3677 2847 3744 2903 il-

2167 2947 2270 3002 lam
2289 2960 2560 3015 corporum
2583 2944 3007 3008 communionem,
3028 2957 3174 2996 nemo
3202 2943 3428 2996 videatur
3451 2956 3628 3011 expers
3645 2955 3750 2995 esse

2167 3037 2372 3102 delicti;
2400 3034 2488 3108 qui
2531 3043 2700 3088 autem
2724 3049 2902 3104 expers
2941 3031 3111 3086 delicti
3128 3072 3145 3098 ,
3175 3047 3356 3102 expers
3382 3031 3529 3085 etiam
3571 3030 3746 3102 hujus-

2166 3129 2305 3184 modi
2322 3126 2690 3198 conceptionis;
2705 3126 2824 3196 quia
2841 3140 2949 3179 non
2970 3123 3058 3178 hic
3077 3131 3291 3194 peccata
3318 3121 3588 3176 hominum
3605 3130 3748 3190 post-

2167 3235 2390 3291 eaquam
2435 3234 2589 3274 usum
2615 3225 2895 3286 carperent
2921 3213 3366 3270 habererationis
3387 3253 3401 3278 ,
3431 3221 3488 3266 ut
3529 3221 3584 3266 tu
3618 3211 3746 3266 alica

2169 3310 2314 3366 naris
2334 3312 2354 3341 '
2373 3351 2389 3376 ,
2423 3308 2516 3364 sed
2545 3306 2803 3378 originale
2840 3314 3114 3376 peccatum
3157 3303 3375 3373 intelligi
3404 3302 3596 3366 voluit;
3624 3300 3752 3372 quid-

2167 3403 2292 3458 slibi
2334 3403 2478 3458 dicat
2518 3399 2738 3455 attende
2769 3417 2783 3453 :
2813 3397 3093 3462 Iordanis,
3127 3395 3296 3465 inquit
3316 3434 3330 3457 ,
3362 3407 3625 3448 conversus
3665 3407 3746 3445 re-

2171 3503 2389 3548 trorsum
2406 3534 2422 3560 ,
2463 3491 2765 3563 signiﬁcavit
2801 3488 3039 3544 salutaris
3065 3486 3253 3541 lavacri
3282 3489 3451 3556 futura
3477 3484 3708 3554 mysteria
3730 3515 3752 3546 ,-

2170 3603 2260 3658 ρετ
2293 3601 2407 3656 quae
2429 3585 2483 3638 in
2513 3583 2793 3654 primordia
2813 3582 2834 3614 ³
2862 3589 3060 3656 natura
3083 3593 3221 3644 suat,
3253 3579 3340 3647 qui
3377 3576 3612 3646 baptismi
3637 3579 3746 3646 [ue-

2169 3678 2306 3744 rint,
2337 3676 2536 3747 parvuli
2561 3692 2594 3728 a
2621 3674 2819 3729 malitia
2858 3675 3201 3743 reformantur
3229 3667 3365 3742 (Lib.
3400 3668 3424 3722 ι
3457 3667 3510 3721 in
3535 3665 3660 3719 bac.
3691 3681 3742 3729 ι,

2170 3769 2285 3839 36).
2317 3767 2414 3820 Dic
2434 3808 2448 3832 ,
2477 3764 2688 3820 Iuliane
2706 3806 2721 3830 ,
2749 3781 2782 3817 a
2810 3779 2912 3834 qua
2953 3760 3151 3815 malitia
3169 3801 3185 3827 ,
3215 3761 3260 3814 si
3287 3775 3387 3813 non
3415 3758 3617 3812 trahunt
3641 3757 3754 3810 ori-‘

2171 3860 2340 3932 ginale
2367 3870 2642 3929 peccatum.
2673 3856 2809 3912 Audi
2836 3855 3011 3911 adhuc
3033 3854 3138 3911 alio
3167 3853 3286 3908 loco
3319 3869 3332 3905 :
3367 3849 3486 3905 Non
3519 3850 3645 3904 enim
3673 3850 3747 3902 ei-

2171 3950 2281 4003 rilis
2319 3949 2510 4012 coitus,
2543 3946 2745 4017 inquit,
2775 3944 2936 3998 vulvae
2963 3942 3225 4014 virginalis
3249 3945 3438 3995 secreta
3479 3938 3707 3994 resanuit
3727 3978 3743 4004 ,

2172 4041 2261 4096 scd
2303 4039 2679 4094 immaculatum
2706 4054 2874 4092 semen
2912 4035 3187 4090 inviolabili
3211 4043 3354 4087 utero
3381 4031 3603 4100 Spiritus
3625 4046 3745 4084 san-

2172 4141 2281 4186 ctus
2307 4130 2512 4202 infudit.
2547 4129 2704 4184 Solus
2744 4127 2874 4181 enim
2904 4143 2993 4196 per
3021 4125 3192 4179 omnia
3233 4140 3295 4178 ca:
3321 4123 3452 4176 natis
3478 4121 3540 4175 de
3567 4119 3749 4193 femina

2173 4231 2376 4277 sanctus
2400 4221 2650 4275 Dominus
2672 4218 2824 4272 Jesus
2842 4259 2858 4284 ,
2887 4218 2974 4287 qui
3000 4225 3208 4270 terrente
3233 4213 3465 4282 contagia
3491 4219 3750 4280 corrupte-

2175 4315 2240 4368 ιω
2277 4311 2587 4366 immaculati
2614 4309 2829 4363 novitate
2855 4315 3032 4378 partus
3073 4323 3173 4360 non
3212 4305 3452 4370 senserit,
3482 4311 3526 4356 et

2175 4403 2436 4474 majestate
2475 4398 2724 4470 depulerit
2756 4396 2845 4468 (In
2872 4397 3002 4450 Luc.
3048 4411 3086 4450 ιι
3105 4435 3122 4462 ,
3149 4394 3266 4464 25).
3311 4389 3625 4462 Responde,
3654 4389 3751 4444 Ju-

2177 4495 2337 4559 liane,
2367 4507 2486 4562 qua:
2513 4491 2621 4546 sint
2643 4498 2867 4544 terrenae
2892 4487 3134 4557 contagia
3162 4483 3500 4554 corruptela),
3522 4495 3640 4550 qua:
3663 4493 3754 4534 so-

2176 4587 2260 4641 lus
2285 4601 2350 4640 ex
2379 4584 2518 4639 natis
2539 4581 2608 4638 de
2636 4579 2830 4635 femina
2852 4579 3108 4634 Dominus
3132 4575 3288 4631 .lesus
3317 4571 3632 4628 immaculati
3659 4584 3755 4624 no-

2175 4677 2338 4731 vitate
2363 4683 2546 4746 partus
2574 4685 2679 4726 non
2714 4670 2900 4724 sensit.
2929 4667 3118 4722 Adhuc
3145 4665 3267 4720 audi
3302 4680 3316 4717 :
3347 4663 3620 4732 Antequam
3658 4674 3753 4712 na-

2175 4769 2382 4832 scimur,
2411 4765 2599 4835 inquit,
2623 4761 2936 4815 maculantur
2955 4757 3210 4827 contagio.
3239 4756 3305 4809 Et
3336 4753 3490 4823 paulo
3519 4757 3666 4821 post:
3691 4747 3758 4801 Et

2176 4860 2219 4914 si
2242 4875 2331 4913 nec
2355 4857 2525 4922 unius,
2555 4853 2743 4923 inquit,
2774 4852 2873 4904 diei
2901 4849 3072 4918 infans
3098 4848 3206 4901 sine
3227 4854 3446 4915 peccato,
3477 4841 3630 4896 multo
3651 4855 3758 4892 nta-

2177 4952 2255 5023 gis
2284 4965 2372 5005 nec
2399 4948 2477 5003 illi
2505 4944 2716 5000 materni
2739 4951 3009 5010 conceptus
3035 4941 3140 4994 dies
3167 4939 3274 4993 sine
3297 4943 3497 5008 peccato
3522 4942 3635 4987 sunt
3668 4928 3754 5003 (In

2177 5019 2430 5112 hpologia
2451 5035 2636 5102 David,
2665 5051 2780 5105 cap.
2810 5033 2920 5101 ll).
2951 5029 3110 5086 Multa
3139 5027 3295 5096 hujus
3318 5025 3438 5091 viri,
3465 5037 3617 5094 quem
3642 5019 3754 5076 sani

2180 5133 2368 5202 capitis
2395 5130 2562 5185 fuisse
2589 5125 2866 5182 confessus
2909 5138 2969 5179 es
2986 5162 3002 5186 ,
3035 5121 3157 5175 talia
3185 5129 3604 5174 commemorare
3633 5127 3756 5183 pos-

2181 5199 2297 5277 sum
2323 5239 2336 5275 :
2360 5219 2454 5275 sed
2482 5219 2564 5274 cui
2595 5232 2699 5272 non
2726 5214 2996 5270 sufficiunt
3025 5211 3145 5277 ista,
3177 5207 3303 5279 quid
3328 5203 3552 5262 sufﬁcit?
3573 5203 3648 5258 Ex
3676 5199 3758 5255 bis

2180 5329 2308 5384 ergo
2337 5309 2605 5381 intellige,
2638 5322 2793 5377 quam
2825 5319 2931 5360 non
2965 5302 3158 5357 sioaris
3183 5299 3341 5356 etiam
3372 5296 3459 5352 illa
3481 5336 3494 5363 ,
3539 5293 3674 5349 sicut
3699 5304 3759 5346 es

2246 5465 2262 5498 ί
2300 5465 2372 5512 sic
2393 5469 2498 5510 Mss.
2530 5465 2581 5508 ιιι
2597 5458 2770 5568 trigo”
2788 5453 3050 5518 jtulicitmt.
3195 5508 3208 5522 .
3305 5507 3318 5519 ο

2246 5529 2265 5558 ι
2299 5525 2362 5568 Ad
2415 5533 2547 5568 oram
2689 5520 2772 5568 iens
2823 5517 2963 5568 clam.
3026 5510 3318 5563 hullnanars

2245 5529 2265 5558 ι
2299 5500 2372 5572 iii
2788 5500 3358 5576 ’iéi'a'éi,‘"“huuuctnaris.
3411 5513 3547 5556 Forte
3587 5500 3762 5568 legen-

2183 5588 2312 5641 dum,
2333 5581 2605 5633 hariolaris.
2753 5612 2774 5628 .
2824 5639 2833 5641 _
2961 5637 2971 5641 _
3090 5633 3102 5641 ,
3225 5631 3257 5641 ,,

2248 5631 2432 5697 ἶί-ὶιιὶιι,
2463 5651 2508 5691 et
2535 5650 2636 5690 Mss.
2659 5648 2765 5688 \lar.
2790 5639 2930 5700 ttlar.,
2955 5637 3002 5688 in
3023 5631 3302 5700 primordia.

2247 5707 2321 5769 (tt)
2355 5706 2468 5754 \ide
2486 5717 2643 5763 supra,
2666 5715 2768 5765 cap.
2794 5701 2870 5752 88.

3611 273 3749 332 “£6
3842 334 3848 339 ,
