4124 6522
321 417 456 472 Nl?

315 539 573 594 conatus,
621 529 670 586 in
699 529 858 586 alium
886 511 1100 586 sensum
1141 531 1457 601 detorquere
1501 540 1658 601 atque
1686 546 1899 600 perver-

319 631 465 685 tere,
496 635 614 691 qua:
641 619 775 674 dixit
809 619 1120 675 Ambrosius
1143 619 1210 675 de
1254 621 1336 675 his
1361 619 1449 690 qui
1491 634 1779 676 nascuntur
1812 637 1904 690 per

316 713 751 768 commixtionem
793 726 1076 782 corporum
1099 754 1114 777 ,
1148 728 1252 766 nou
1295 727 1523 782 arguens
1550 712 1644 767 Dei
1687 724 1903 767 creatu-

317 819 454 870 ram,
473 803 568 858 sed
599 803 855 873 originale
883 813 1178 874 peccatum.
1199 802 1336 871 Quid
1361 803 1489 857 mihi
1520 803 1764 858 obtendis
1783 803 1904 857 llic-

319 911 599 967 ronymum
645 895 796 966 cujus
839 911 926 951 me
960 896 1272 951 conviciaris
1310 898 1602 962 asseclam,
1639 896 1706 952 de
1753 896 1904 966 cujus

318 989 493 1043 verbis
521 988 665 1042 nulla
712 1003 856 1041 nunc
885 989 1107 1057 qttznstio
1135 999 1214 1043 est
1233 989 1256 1041 ’ἓ
1282 1004 1400 1059 qua:
1431 997 1604 1043 tamen
1653 988 1812 1042 verba
1858 987 1902 1042 si

317 1081 590 1151 posuisses
616 1088 705 1134 aut
727 1097 787 1134 ea
815 1095 922 1134 non
959 1081 1154 1136 habere
1187 1081 1327 1150 quod
1358 1080 1644 1151 displicere
1679 1081 1905 1137 deberet

316 1174 697 1239 ostenderem,
727 1183 819 1227 aut
860 1173 1357 1244 intelligentioribus
1387 1173 1697 1243 exponenda
1743 1174 1906 1228 relin-

316 1280 572 1334 quercm;
605 1268 697 1318 aut
716 1265 759 1318 si
792 1275 970 1318 essent
1001 1264 1366 1333 proculdubio
1385 1265 1650 1319 contraria
1673 1265 1902 1332 veritati,

318 1355 679 1425 libertatequa
703 1354 917 1424 dignum
950 1363 1032 1408 est
1058 1355 1435 1424 improbarem.
1462 1355 1794 1410 Ambrosium
1823 1374 1906 1412 rr-

321 1447 491 1517 spicc,
525 1463 684 1517 quem
717 1446 1063 1501 Manichrcum
1097 1463 1198 1500 non
1225 1447 1392 1501 audes
1415 1447 1592 1503 dicere
1627 1465 1640 1502 :
1672 1465 1789 1502 cum
1820 1465 1904 1502 nte

317 1548 598 1609 propterea
629 1539 775 1593 dicas
795 1580 810 1605 ,
857 1539 977 1610 quia
1006 1537 1074 1595 de
1117 1539 1359 1608 originali
1406 1548 1622 1609 peccato
1651 1555 1713 1594 ea
1743 1539 1863 1594 dico
1885 1582 1900 1605 ,

315 1648 434 1700 qua:
471 1630 618 1686 dicit.
647 1630 776 1685 Nam
805 1633 848 1686 si
880 1641 1155 1702 pr0pterea
1196 1647 1304 1686 non
1329 1631 1535 1687 diceres
1566 1632 1902 1686 Ambrosium

318 1723 663 1778 Manichmum
687 1765 702 1789 ,
733 1724 852 1794 quia
883 1726 1073 1778 bonam
1102 1735 1346 1779 naturam
1367 1766 1382 1792 ,
1415 1723 1536 1793 quia
1566 1735 1776 1794 peccata
1807 1740 1902 1780 vo-

316 1813 574 1879 luntaria,
607 1815 726 1884 quia
774 1815 982 1885 nuptias
1013 1831 1041 1868 a
1075 1816 1184 1869 Deo
1215 1815 1482 1868 institutas
1527 1824 1580 1868 ct
1607 1829 1636 1868 a
1670 1813 1777 1870 Deo
1824 1813 1901 1868 fa-

315 1915 432 1958 ctos
461 1904 706 1972 parvulos
737 1904 1085 1972 pra-dicabat;
1112 1920 1210 1959 nec
1238 1921 1321 1958 me
1348 1903 1573 1966 diceres,
1604 1904 1690 1972 qui
1717 1903 1900 1959 eadem

317 1995 543 2048 ﬁdeliter
569 1995 818 2064 pra-dico.
847 1995 899 2050 Si
931 2007 1107 2049 autem
1138 2010 1221 2047 me
1251 2004 1530 2064 propterea
1557 1993 1900 2048 Mauicha-um

315 2085 597 2140 dicendum
627 2095 779 2156 putas
799 2127 814 2152 ,
843 2086 964 2156 quia
1005 2099 1123 2139 esse
1150 2083 1408 2138 conﬁteor
1430 2084 1685 2155 originale
1713 2099 1900 2154 pecca-

316 2185 462 2239 tum;
508 2173 610 2228 hoc
636 2176 794 2228 etiam
839 2175 925 2230 ille
955 2175 1239 2230 confitetur
1272 2190 1284 2227 :
1318 2189 1414 2228 cur
1441 2188 1546 2228 non
1572 2175 1759 2230 ambos
1802 2191 1902 2246 pu-

315 2268 435 2322 tas?
460 2267 563 2322 Sed
595 2284 679 2322 me
707 2268 1011 2340 petulanter
1034 2267 1187 2334 dicis,
1218 2267 1364 2322 illum
1393 2267 1619 2323 latenter
1641 2267 1898 2337 Opinaris,

313 2374 422 2412 non
453 2359 672 2414 veritate
700 2361 946 2414 distincta
968 2401 982 2426 ,
1011 2359 1104 2414 sed
1134 2359 1392 2414 exstincta
1424 2359 1598 2430 potius
1636 2358 1899 2416 libertate.

314 2449 426 2503 lloc
451 2451 592 2504 enim
617 2449 684 2505 de
725 2451 814 2505 illo
844 2466 946 2506 non
987 2451 1153 2507 audes
1179 2451 1388 2518 dicere,
1421 2450 1562 2522 quod
1592 2450 1757 2509 audes
1780 2468 1902 2508 cre-

311 2539 444 2594 dere
477 2558 488 2593 :
521 2550 611 2596 aut
635 2541 678 2596 si
707 2541 773 2596 de
801 2543 891 2596 illo
932 2542 1029 2596 ista
1067 2559 1170 2597 non
1200 2541 1409 2610 credis,
1443 2541 1683 2612 profecto
1709 2558 1810 2600 nec
1835 2545 1904 2601 de

313 2647 400 2685 me
424 2632 633 2700 credis;
666 2634 787 2704 quia
817 2645 869 2689 et
897 2634 942 2688 si
969 2650 1150 2690 errare
1178 2650 1276 2688 nos
1305 2633 1578 2689 existimas
1597 2676 1613 2701 ,
1645 2633 1797 2691 facile
1822 2644 1906 2692 est

311 2731 373 2775 ut
402 2723 580 2778 videas
624 2740 728 2778 non
759 2739 878 2779 esse
916 2725 1235 2780 Manichreos
1255 2767 1268 2788 ,
1301 2727 1388 2794 qtti
1435 2725 1704 2795 peccantis
1727 2726 1742 2757 '
1775 2742 1902 2798 pro-

311 2813 484 2882 priam
510 2813 882 2879 substantiam,
907 2831 1064 2883 quam
1098 2816 1240 2871 Deus
1271 2831 1374 2870 non
1401 2816 1664 2870 creaverit
1691 2831 1796 2871 non
1817 2832 1904 2872 as-

308 2905 578 2968 serimus;
625 2908 718 2958 sed
749 2905 1008 2973 originale
1040 2913 1312 2972 peceatum
1352 2904 1418 2957 de
1447 2905 1574 2958 vitio
1601 2904 1904 2960 voluntario

309 3005 538 3060 naturai,
561 3011 717 3064 quam
750 2995 886 3048 Deus
913 2994 1103 3048 bonam
1130 2993 1386 3057 condidit,
1412 3006 1759 3064 propagatum
1783 3011 1902 3051 esse

313 3091 612 3141 ﬁrmamus.
643 3085 821 3142 Facile
851 3094 932 3140 est
953 3101 1079 3157 ergo
1111 3096 1164 3138 ιιι
1198 3085 1296 3139 hoc
1322 3085 1534 3152 videas,
1567 3097 1620 3141 et
1640 3086 1797 3142 simul
1828 3086 1906 3142 vi-

308 3179 444 3233 deas
469 3195 566 3234 nos
594 3195 712 3234 esse
743 3179 1038 3235 contrarios
1069 3178 1373 3233 Maniclneis
1405 3197 1419 3233 :
1451 3179 1546 3235 sed
1583 3195 1769 3235 eorum
1801 3195 1899 3236 no-

309 3287 434 3324 men
465 3273 532 3324 ab
565 3271 843 3324 Ambrosio
873 3270 1042 3342 abigis
1062 3269 1347 3336 adulando,
1367 3280 1421 3325 et
1448 3271 1575 3326 mihi
1606 3271 1794 3342 objicis
1814 3287 1903 3327 ca-

311 3361 643 3416 Iumttiando.

382 3449 590 3506 CXXII.
622 3452 740 3509 Ιιιι..
777 3452 970 3508 Verum
1012 3463 1067 3508 ut
1095 3455 1166 3509 illi
1208 3454 1443 3508 infensus
1469 3453 1780 3510 Jovinianus
1809 3469 1898 3509 ar-

307 3544 507 3612 guitur,
528 3545 596 3598 ita
624 3545 772 3599 vobis
799 3557 1134 3614 comparatus
1162 3546 1475 3600 absolvitur.
1507 3544 1732 3615 Quando
1756 3544 1898 3601 enim

311 3637 407 3690 tibi
440 3645 640 3690 tantum
682 3635 1018 3706 prudentium
1049 3653 1274 3691 censura
1317 3636 1569 3703 donabit,
1600 3645 1656 3691 ut
1697 3646 1749 3692 te
1775 3652 1897 3691 cum

307 3727 571 3782 .loviniani
595 3730 785 3783 merito
811 3731 1117 3798 componat?
1134 3729 1226 3784 Ille
1248 3730 1443 3801 quippe
1467 3729 1602 3785 dixit
1629 3729 1751 3784 boni
1779 3744 1900 3785 esse

311 3821 722 3886 necessitatem;
758 3830 842 3887 tu,
875 3822 998 3875 mali
1034 3839 1046 3873 :
1081 3822 1169 3875 ille
1197 3823 1269 3877 ait
1310 3839 1402 3892 per
1433 3822 1682 3894 mysteria
1722 3821 1897 3876 bomi~

311 3927 411 3966 nes
437 3912 504 3966 ab
533 3928 716 3968 errore
744 3912 1014 3980 cohiberi;
1049 3923 1102 3968 ιιι
1131 3929 1258 3968 vero
1277 3956 1290 3976 ,
1326 3930 1422 3968 nec
1452 3929 1546 3983 per
1581 3915 1803 3985 gratiam
1835 3913 1900 3968 li-

309 4006 486 4059 berari
513 4024 526 4060 :
552 4006 639 4062 ille
665 4005 1018 4077 virginitatem
1051 4006 1229 4061 Maria:
1261 4017 1441 4078 partus
1469 4006 1774 4062 conditione
1787 4005 1898 4060 dis-

308 4096 504 4160 solvit;
536 4104 590 4149 tu
623 4096 788 4166 ipsam
821 4097 1035 4150 Mariam
1062 4097 1273 4153 diabolo
1313 4097 1562 4152 nascendi
1588 4095 1898 4152 conditione

309 4187 623 4242 transcribis
655 4203 668 4240 :
703 4185 790 4242 ille
835 4187 1053 4242 meliora
1085 4187 1237 4242 bonis
1271 4196 1444 4256 aequat
1465 4229 1479 4251 ,
1512 4187 1563 4242 id
1606 4195 1722 4252 est,
1757 4187 1894 4242 inte-

307 4279 556 4347 gritatem
585 4279 881 4342 connubio;
918 4288 972 4332 ιιι
1017 4294 1143 4333 vero
1185 4279 1620 4334 commixtionem
1662 4279 1892 4350 conjugii

311 4371 607 4426 morbidam
637 4386 824 4433 vocas,
859 4381 913 4426 et
951 4371 1246 4426 castitatem
1290 4371 1597 4426 fcedissima:
1623 4371 1700 4426 rei
1728 4372 1893 4427 colla-

311 4463 456 4516 tione
479 4461 744 4531 depretias
769 4479 780 4513 :
807 4477 902 4516 nec
931 4462 1151 4532 gradum
1182 4462 1318 4516 inter
1345 4463 1459 4516 haec
1487 4461 1666 4527 addis;
1690 4463 1782 4518 sed
1803 4479 1894 4534 ge—

311 4571 412 4610 nus
437 4571 595 4610 omne
620 4564 916 4610 commutas
936 4597 950 4619 ,
984 4572 1087 4610 non
1115 4555 1295 4625 utique
1325 4555 1465 4610 bono
1495 4554 1847 4625 virginitatem
1873 4598 1886 4619 ,

308 4647 406 4702 sed
435 4648 574 4702 malo
601 4646 904 4718 praeferens.
928 4647 1019 4701 Est
1048 4656 1224 4700 autem
1253 4647 1468 4702 vilitatis
1493 4657 1766 4713 extremm,
1789 4649 1888 4702 nisi

308 4739 586 4794 teterrimo
613 4747 975 4808 comparatum
996 4779 1011 4802 ,
1043 4737 1250 4805 placere
1277 4751 1380 4791 non
1418 4751 1591 4807 posse.
1617 4737 1734 4792 .lam
1763 4753 1891 4793 vero

307 4829 432 4901 quid
460 4829 548 4886 ille
575 4831 676 4886 tale
701 4829 767 4886 de
796 4830 886 4884 Dei
918 4829 1125 4898 injuriis
1144 4869 1159 4893 ,
1187 4829 1342 4898 quale
1369 4830 1460 4882 tu?
1489 4828 1579 4885 llle
1603 4829 1719 4899 ejus
1749 4828 1893 4898 judi-

305 4920 375 4975 cii
418 4909 653 4992 vigorem
682 4935 711 4974 a
742 4919 1078 4989 benignitatis
1116 4919 1284 4973 voluit
1329 4927 1476 4989 parte
1519 4918 1887 4986 confundere;

308 5020 384 5074 tu,
415 5025 445 5064 a
476 5010 818 5080 malignitatis
849 5029 860 5064 :
896 5009 982 5065 ille
1009 5009 1292 5080 dicitapud
1323 5026 1443 5064 eum
1476 5009 1648 5066 bonos
1670 5022 1723 5067 et
1750 5013 1893 5085 opti-

308 5118 425 5155 mos
465 5118 619 5174 mque
648 5102 848 5157 honore
893 5101 1176 5164 l‘ruituros;
1211 5111 1264 5156 tu
1295 5117 1453 5166 vero,
1498 5103 1666 5158 bonos
1691 5115 1744 5160 et
1785 5106 1887 5159 im-

310 5197 459 5264 pios,
506 5197 558 5251 id
596 5205 680 5251 est
710 5196 1019 5250 innocentes
1047 5203 1103 5250 et
1143 5193 1446 5258 diabolum,
1479 5209 1584 5249 uno
1627 5196 1887 5266 supplicio

305 5285 620 5341 ci-nciandos
652 5303 665 5338 :
701 5286 787 5340 ille
811 5299 938 5355 ergo
969 5284 1132 5341 Deum
1164 5285 1636 5340 clementissimum
1665 5287 1777 5341 vult
1811 5289 1886 5339 vi-

303 5377 453 5442 rh-ri;
487 5388 564 5442 tu,
595 5377 981 5447 iniquissimum
1008 5394 1020 5429 :
1047 5376 1132 5430 ille
1160 5375 1329 5430 dicit’
1359 5376 1625 5446 mysteriis
1651 5379 1765 5446 ejus
1789 5376 1887 5432 iiu-

307 5469 462 5522 bntos
479 5467 720 5524 homines
736 5483 840 5524 non
860 5482 1014 5539 posse
1034 5483 1271 5537 peccare;
1290 5477 1343 5522 tu
1362 5483 1488 5523 vero
1509 5468 1678 5539 ipsmn
1697 5470 1880 5528 Deum.

302 5571 360 5613 et
388 5560 438 5612 in
484 5559 751 5634 mysteriis
781 5558 1172 5623 imbecillitate,
1202 5568 1256 5612 ct
1300 5559 1349 5612 in
1384 5561 1659 5628 praeceptis
1690 5560 1882 5614 immo.

371 5669 386 5732 ξ
421 5668 578 5732 Codex
605 5675 751 5732 Porto
774 5666 997 5732 peccatis.

368 5730 390 5761 ³
423 5729 537 5777 Editi
563 5731 651 5791 hoc
693 5726 796 5780 loco
833 5729 1031 5791 addunt,
1076 5726 1207 5790 apud
1248 5740 1374 5779 cum.
1403 5729 1528 5791 quod
1571 5743 1598 5779 a
1640 5736 1720 5779 Ms.
1767 5737 1877 5782 ηδτ.

303 5792 443 5840 abest
485 5797 534 5838 et
580 5789 1047 5853 librariorumlapsu
1086 5793 1282 5853 ascitum
1328 5789 1513 5839 vidctur
1541 5806 1598 5839 ex
1627 5795 1879 5853 superiore

299 5853 381 5899 i‘la
409 5853 665 5908 sententia,
691 5850 773 5899 ιιιε
795 5849 912 5899 dicit
929 5849 1060 5911 apud
1083 5863 1189 5898 eum
1213 5851 1368 5909 bonos,
1398 5861 1490 5900 etc.

581 5932 852 6014 inruet.
897 5932 1081 5990 XLV.

1665 415 1862 473 LIBER
1899 413 2242 483 QUARTUS.

3460 429 3596 484 1118

2012 529 2305 594 ili-ratione,
2326 538 2378 585 et
2402 532 2450 584 in
2469 530 2682 601 judiciis
2705 533 3029 592 immanitate
3051 552 3269 606 peccare
3290 546 3589 598 contendi...

2011 622 2140 675 Cum
2165 622 2340 692 itaque
2368 633 2506 677 tanta
2527 625 2812 693 diSparatio
2837 627 2904 681 sit
2931 627 3066 682 inter
3083 640 3135 683 te
3161 642 3212 685 et
3231 631 3590 696 Jovinianum.

2009 723 2202 782 quanta
2228 714 2531 782 conjunctio
2558 715 2696 771 inter
2724 727 2775 772 te
2798 728 2846 772 et
2876 719 3241 786 Maniclneum;
3263 734 3410 779 tanto
3437 736 3488 781 te
3515 740 3592 780 to-

2011 803 2283 858 lerabilior
2303 805 2614 862 .loviuianus
2641 808 2915 878 probatur,
2939 821 3137 881 quanto
3162 811 3441 869 .loviniano
3469 816 3591 871 hor-

2011 895 2177 950 ridior
2205 897 2544 954 Manichzeus.

2081 989 2215 1045 Ars.
2246 990 2412 1057 Quam
2442 992 2611 1046 bellus
2639 993 2729 1046 tibi
2775 994 3003 1060 videris,
3037 1011 3156 1050 cum
3185 1013 3270 1051 me
3313 997 3593 1054 Jovinian»

2009 1093 2324 1149 comparans
2347 1123 2360 1144 ,
2395 1087 2630 1154 pejoreni
2657 1087 2865 1139 conaris
2895 1087 3198 1143 ostendere.
3234 1088 3427 1144 Verum
3460 1091 3595 1146 hanc

2008 1185 2219 1242 quoque
2243 1174 2618 1229 contumeliam
2659 1177 3120 1234 mendacissimam
3147 1196 3268 1235 cum
3311 1181 3596 1238 Ambrosio

2011 1278 2096 1316 me
2122 1278 2150 1315 a
2185 1273 2236 1318 te
2277 1264 2518 1334 accipere
2541 1267 2747 1336 gaudeo
2779 1287 2792 1323 :
2823 1269 2915 1324 sed
2946 1277 2996 1324 te
3023 1271 3100 1325 sic
3129 1272 3360 1328 insanire
3399 1276 3597 1329 contri-

2009 1361 2140 1407 stor.
2174 1353 2249 1408 Ea
2292 1355 2488 1426 quippe
2513 1373 2672 1412 causa
2715 1374 2801 1413 me
2827 1359 3107 1416 Joviniano
3131 1362 3264 1418 dicis
3291 1379 3410 1420 esse
3448 1366 3594 1435 pejo-

2009 1461 2145 1511 rem,
2165 1461 2266 1516 qua
2298 1462 2383 1503 me
2409 1448 2540 1502 dicis
2559 1451 2717 1504 etiam
2739 1450 3106 1507 Manieha-mn.
3131 1453 3200 1510 Et
3221 1455 3344 1524 quid
3371 1466 3452 1516 est
3469 1457 3596 1512 hoc?

2011 1534 2140 1590 Illud
2163 1537 2364 1591 scilicet
2390 1539 2643 1610 originale
2662 1551 2958 1610 peccatum,
2978 1543 3117 1613 quod
3143 1559 3238 1599 vos
3255 1548 3456 1618 negatis
3473 1563 3592 1601 cum

2008 1626 2244 1697 Pelagio,
2267 1643 2363 1682 nos
2389 1644 2518 1684 vero
2543 1645 2663 1685 cum
2689 1632 2973 1686 Ambrosio
3001 1633 3334 1691 conﬁtemur.
3357 1638 3486 1693 Cum
3507 1639 3596 1693 illo

2010 1717 2203 1796 igitur,
2232 1719 2524 1774 secundum
2553 1737 2678 1787 vos,
2721 1737 2907 1777 sumus
2933 1732 2988 1778 et
3015 1725 3289 1780 Manichiei
3309 1768 3324 1791 ,
3355 1738 3409 1782 ct
3447 1729 3594 1799 pejo-

2010 1825 2095 1863 res
2135 1809 2451 1875 Joviniano,
2481 1821 2536 1868 et
2575 1813 2828 1885 quidquid
2857 1831 2954 1872 nos
2982 1818 3127 1873 aliud
3158 1834 3254 1874 ore
3300 1831 3548 1890 protervo
3573 1865 3590 1888 ,

2010 1915 2108 1955 nec
2131 1916 2260 1956 sane
2285 1901 2540 1968 veridico,
2571 1904 2666 1959 sed
2699 1905 2958 1962 maledico
2985 1908 3246 1974 dixeritis,
3277 1912 3460 1967 docuit
3497 1929 3595 1968 nos

2011 1992 2261 2046 Dominus
2288 1995 2521 2064 gaudere
2544 2005 2596 2050 et
2623 1997 2892 2052 exsultare
2912 2039 2926 2061 ,
2951 2000 3163 2069 quando
3187 2003 3595 2074 qualiacumque

2011 2082 2288 2138 maledicta
2321 2101 2424 2140 non
2452 2101 2517 2140 ex
2545 2087 2766 2142 veritate
2791 2088 3069 2158 audimus,
3102 2092 3194 2146 sed
3225 2094 3346 2163 quia
3381 2110 3476 2163 pro
3505 2111 3593 2150 vc—

2009 2172 2164 2228 ritate
2179 2183 2446 2229 certamns
2472 2173 2681 2245 (Matth.
2708 2193 2759 2242 v,
2785 2177 2890 2250 12).
2915 2179 3052 2234 Ecce
3073 2196 3172 2252 ego
3200 2197 3304 2236 non
3332 2182 3451 2237 dico
3470 2185 3596 2238 mali

2007 2276 2128 2316 esse
2147 2265 2536 2328 necessitatem,
2554 2267 2676 2336 quia
2699 2285 2795 2322 nec
2815 2269 3145 2338 Ambrosius;
3164 2283 3219 2328 et
3240 2284 3417 2330 tamen
3434 2274 3554 2331 dico
3579 2280 3592 2307 ³

2011 2357 2260 2423 parvulos
2290 2372 2318 2410 a
2351 2359 2548 2414 malitia
2581 2360 2886 2427 reformari,
2921 2364 3060 2433 quod
3089 2374 3144 2420 et
3171 2366 3482 2423 Ambrosius
3508 2387 3519 2421 :
3543 2381 3598 2424 et

2008 2443 2129 2500 ideo
2153 2447 2276 2500 mali
2309 2446 2450 2501 nulla
2493 2459 2576 2504 est
2605 2451 2928 2518 necessitas;
2959 2454 3079 2523 quia
3111 2463 3166 2509 et
3208 2455 3340 2510 illud
3372 2457 3481 2512 Deo
3506 2473 3597 2510 sa-

2010 2537 2185 2593 nabile
2209 2549 2291 2592 est
2311 2581 2326 2604 ,
2358 2540 2498 2610 quod
2531 2541 2692 2595 trahit
2721 2543 3000 2605 nativitas;
3032 2556 3231 2617 quanto
3262 2549 3430 2619 magis
3454 2551 3594 2620 quod

2008 2629 2156 2684 addit
2182 2631 2464 2685 voluntas?
2492 2630 2605 2686 Non
2633 2633 2752 2688 dico
2772 2677 2787 2700 ,
2820 2651 2919 2692 nec
2949 2651 3043 2706 per
3081 2639 3304 2708 gratiam
3349 2639 3598 2697 homines

2013 2720 2265 2781 liberari;
2313 2721 2454 2790 quod
2499 2723 2635 2777 absit
2666 2735 2722 2778 ut
2759 2727 2898 2780 dicat
2925 2727 3241 2785 Ambrosius
3272 2746 3286 2783 :
3317 2731 3410 2787 sed
3454 2733 3596 2803 quod

2010 2825 2117 2865 non
2141 2813 2220 2865 vis
2258 2813 2519 2877 dicimus,
2553 2816 2761 2870 nonnisi
2804 2832 2898 2886 per
2939 2820 3163 2888 gratiam
3208 2821 3457 2891 liberari,
3489 2839 3594 2880 non

2009 2901 2182 2956 solum
2228 2913 2285 2957 ut
2309 2905 2388 2958 eis
2413 2904 2590 2959 debita
2631 2907 2998 2974 dimittantur,
3031 2926 3214 2966 verum
3246 2913 3404 2968 etiam
3448 2931 3516 2971 ne
3541 2917 3594 2972 in

2010 2995 2354 3050 tentationem
2403 2995 2715 3053 inferantur.
2769 2999 2886 3056 Non
2936 3004 3334 3061 transcribimus
3381 3006 3596 3072 diabolo

2011 3087 2224 3140 Mariam
2253 3086 2557 3143 conditione
2588 3092 2868 3156 nascendi;
2892 3093 2985 3147 sed
3015 3095 3153 3163 ideo,
3185 3098 3304 3166 quia
3336 3097 3446 3168 ipsa
3467 3116 3595 3156 con-

2007 3174 2142 3231 ditio
2182 3177 2404 3233 solvitur
2429 3179 2596 3250 gratia
2635 3181 2969 3238 renascendi.
2998 3182 3112 3240 Non
3157 3195 3406 3259 cuiquam
3453 3193 3594 3245 malo

2011 3268 2206 3323 bonum
2226 3310 2240 3332 ,
2272 3269 2364 3324 sed
2407 3279 2654 3340 tanquam
2684 3273 2823 3326 bono
2852 3274 3040 3329 melius
3060 3316 3076 3341 ,
3106 3277 3458 3345 virginitatem
3489 3298 3591 3336 nu-

2011 3358 2132 3427 ptiis
2158 3361 2546 3430 anteponimus.
2577 3360 2714 3429 Non,
2742 3373 2799 3417 ut
2826 3364 3187 3433 calumniaris,
3219 3368 3388 3425 borios
3417 3382 3469 3428 et
3495 3373 3591 3428 im-

2009 3451 2127 3521 pios
2169 3466 2277 3504 tino
2304 3451 2596 3521 supplicio;
2642 3443 2736 3508 sed
2777 3454 2945 3510 bonos
2989 3458 3166 3524 nullo,
3200 3459 3388 3530 impios
3413 3473 3588 3519 autem

2007 3557 2112 3595 non
2144 3555 2269 3605 uno,
2301 3541 2394 3597 sed
2424 3557 2518 3612 pro
2545 3543 2852 3600 diversitate
2882 3545 3046 3616 ipsius
3076 3549 3380 3618 impietatis,
3407 3553 3591 3609 diver-

2007 3631 2082 3686 sis
2111 3631 2382 3700 suppliciis
2424 3631 2649 3688 dicimus
2675 3648 2794 3689 esse
2828 3636 3161 3692 crucianttos.
3207 3638 3321 3694 Non
3365 3641 3590 3699 dicimus

2007 3723 2176 3779 Deum
2201 3726 2250 3778 in
2279 3724 2546 3796 mysteriis
2573 3726 2932 3784 imbecillitate
2951 3771 2968 3794 ,
2997 3732 3048 3784 in
3079 3735 3358 3804 praeceptis
3396 3736 3588 3792 immo-

2006 3813 2314 3880 derationc,
2345 3815 2396 3869 in
2438 3815 2649 3884 jndiciis
2689 3817 3018 3875 immanitate
3061 3838 3310 3890 peccare,
3358 3825 3508 3896 cujus
3535 3839 3592 3884 et

2005 3906 2170 3977 gratia
2197 3909 2520 3976 regeneratis
2552 3910 2802 3978 mysteria
2827 3919 2950 3964 sunt
2979 3913 3148 3978 utilia,
3177 3925 3232 3968 et
3258 3918 3423 3986 gratia
3452 3917 3587 3976 libe-

2003 3997 2134 4054 ratis
2161 4007 2422 4067 praecepta
2452 3998 2704 4064 salubria,
2729 4008 2781 4054 et
2808 4000 2960 4056 bonis
2985 4003 3242 4075 malisque
3267 4010 3590 4065 convenien-

2005 4097 2086 4142 ter
2108 4087 2384 4143 distributa
2406 4088 2623 4158 judicia.
2656 4089 2795 4145 Ecce
2823 4105 2922 4146 nos
2948 4108 3007 4148 ea
3028 4083 3050 4157 ,’
3077 4094 3128 4149 in
3157 4098 3348 4167 quibus
3377 4116 3473 4155 nos
3499 4102 3585 4156 di-

2001 4180 2120 4234 citis
2156 4179 2434 4235 Joviniano
2458 4197 2579 4238 esse
2617 4182 2861 4252 pejores,
2889 4186 3172 4242 amolimnr
3197 4204 3226 4243 a
3257 4191 3411 4246 nobis
3443 4210 3455 4246 :
3489 4209 3586 4248 vos

2001 4285 2029 4323 a
2061 4270 2211 4326 vobis
2235 4271 2564 4337 amolimini,
2589 4273 2631 4325 si
2665 4274 2886 4343 potestis
2905 4314 2922 4341 ,
2956 4275 3007 4330 in
3037 4277 3227 4347 quibus
3255 4296 3344 4334 vos
3373 4282 3582 4352 pejores

1999 4361 2187 4416 eodem
2215 4362 2330 4431 ipso
2355 4361 2634 4418 .loviniano
2661 4379 2782 4418 esse
2818 4367 3144 4422 monstrabo.
3180 4368 3272 4424 llle
3297 4372 3428 4427 dixit
3456 4373 3581 4429 boni

1999 4465 2120 4506 esse
2155 4439 2558 4517 necessitatem;
2588 4468 2682 4507 vos
2707 4453 2882 4509 dicitis
2907 4470 3028 4511 esse
3058 4457 3246 4514 bonam
3280 4462 3400 4516 mali
3427 4465 3582 4534 cupi-

1997 4541 2214 4598 ditatem
2249 4559 2261 4594 :
2295 4543 2380 4598 ille
2407 4545 2479 4598 ait
2506 4558 2600 4612 per
2628 4546 2876 4614 mysteria
2907 4545 3150 4603 homines
3173 4550 3240 4602 ab
3269 4568 3450 4608 errore
3486 4570 3580 4609 co-

1998 4631 2201 4698 hiberi;
2235 4647 2356 4696 vos,
2398 4635 2534 4687 viam
2577 4644 2772 4688 rectam
2799 4636 3070 4702 gradiendi
3105 4641 3442 4708 cupiditatem
3471 4659 3576 4700 non

1997 4723 2241 4791 inspirari
2271 4739 2300 4778 a
2333 4724 2440 4777 Deo
2459 4763 2473 4785 ,
2505 4723 2598 4777 sed
2625 4725 2843 4778 arbitrio
2873 4726 3040 4781 libero
3067 4731 3264 4796 acquiri
3301 4749 3314 4785 :
3347 4733 3435 4787 ille
3468 4737 3575 4788 vir-

1992 4811 2263 4883 ginitatem
2295 4812 2470 4866 Marize
2510 4821 2688 4879 partus
2717 4813 3019 4870 conditione
3046 4815 3319 4886 dissolvit;
3351 4838 3444 4878 vos
3492 4827 3575 4898 ip-

1993 4917 2104 4956 sam
2134 4916 2351 4956 carnem
2392 4909 2628 4956 sanctam
2665 4901 2734 4957 de
2760 4903 2961 4974 virgine
2999 4917 3325 4975 procreatam
3365 4911 3590 4972 cauerat

1993 4995 2138 5048 carni
2167 4993 2441 5048 hominum
2470 4994 2789 5064 coaequans,
2821 4995 3217 5053 similitudinem
3248 5003 3423 5059 carnis
3451 5021 3575 5077 pec-

1991 5086 2092 5140 cati
2135 5101 2238 5138 non
2281 5083 2666 5156 distinguentes
2694 5099 2723 5140 a
2752 5100 2912 5141 carne
2955 5089 3152 5158 peccati
3189 5107 3202 5144 :
3235 5091 3324 5149 ille
3352 5097 3571 5154 meliora

1994 5178 2145 5231 bonis
2169 5186 2362 5247 siquat,
2381 5175 2431 5231 id
2460 5184 2562 5242 est,
2585 5177 2939 5246 integritatem
2968 5180 3266 5250 connubio;
3298 5201 3411 5250 vos.
3434 5194 3569 5244 mala

1993 5269 2176 5330 bonis;
2223 5283 2343 5322 nam
2373 5268 2688 5323 discordiam
2727 5267 2903 5323 carnis
2927 5281 2981 5326 et
3010 5272 3227 5342 spiritus
3267 5285 3370 5332 tam
3397 5279 3573 5337 dicilis

1990 5375 2110 5414 esse
2137 5359 2364 5425 bonum,
2396 5375 2553 5428 quam
2584 5359 2920 5416 concordiam
2953 5365 3252 5433 nuptiarum
3287 5388 3300 5423 :
3335 5371 3420 5426 ille
3443 5374 3573 5430 dicit

1989 5449 2126 5518 apud
2157 5449 2319 5504 Deum
2362 5449 2617 5519 aequalem
2646 5449 2899 5506 honorem
2932 5445 3176 5511 bonos-et
3199 5462 3428 5529 optimos
3472 5463 3578 5518 bao'

1990 5541 2226 5603 bituros;
2255 5555 2348 5593 vos
2367 5548 2564 5607 autem,
2593 5541 2848 5610 quosdam
2878 5543 3044 5598 honos
3069 5563 3172 5602 non
3197 5550 3368 5606 solum
3401 5553 3452 5607 in
3483 5567 3567 5606 rc-

1987 5646 2093 5700 gno
2121 5631 2213 5684 Dei
2256 5630 2510 5684 honorem
2552 5633 2751 5688 nullum
2780 5634 3102 5706 adepturos,
3141 5639 3234 5693 scd
3267 5655 3365 5696 nec
3392 5642 3559 5710 ipsum

1989 5736 2206 5790 regnum
2234 5736 2352 5773 esse.
2377 5723 2582 5776 visuros
2608 5741 2619 5775 :
2645 5723 2731 5777 ille
2759 5725 2883 5778 dicit
2913 5727 3003 5780 Dei
3035 5729 3296 5798 mysteriis
3325 5732 3562 5786 homines

2052 5856 2064 5884 ¹
2103 5855 2172 5903 sic
2203 5859 2300 5900 Mss.
2335 5860 2381 5901 In
2407 5855 2563 5916 \‘ign.,
2590 5854 2728 5905 dicis.

2672 5945 2673 5948 “
2793 5938 3389 6018 {Quamuis—ring.)
