2062 3250
271 211 337 238 lil9

268 268 383 293 imbutos
394 275 446 294 non
460 273 537 300 posse
552 273 671 300 peccare;
681 274 728 293 vos
740 266 826 293 dicitis
840 265 941 293 facilius
955 267 1059 301 quidem

268 322 314 348 per
327 313 373 340 Dei
385 314 505 347 gratiam,
516 313 562 339 sed
573 318 599 339 et
612 313 669 340 siue
683 313 724 339 illa
739 320 784 346 per
800 313 909 340 liberum
924 313 1061 340 arbitritun

269 367 345 393 posse
362 358 483 386 homines
503 366 555 386 nou
571 366 695 394 peccare;
715 358 823 386 audacia
839 359 959 394 gigantea
981 366 1061 394 repu-

268 410 379 439 gnantes
394 405 449 432 Deo
459 426 466 438 ,
482 412 542 431 cum
564 405 597 432 de
612 405 688 432 bonis
702 404 830 431 fructibus
854 405 1006 440 loqueretur
1019 404 1061 431 di-

266 454 346 483 centi,
363 452 425 479 Siue
437 460 476 478 me
490 452 554 478 ni/n'l
569 453 669 486 potestis
682 452 763 487 facere
777 451 865 487 (Joan.
882 461 925 484 xv,
942 452 980 487 5).
995 451 1060 480 Cttm

268 499 347 533 igitur
360 498 385 525 iu
404 498 522 525 deterius
538 502 637 525 tantum
653 506 667 525 a
683 497 814 525 Joviniani
832 506 924 525 errore
937 498 1041 526 tlistetis
1053 519 1060 530 ,

267 551 316 571 nos
333 549 419 570 tamen
435 544 459 571 ei
473 544 603 578 subjicitis
613 565 620 576 ,
634 549 660 571 ct
675 544 820 571 Manicha-o
833 545 923 580 potius
935 545 1061 580 adtequa-

267 590 318 623 tis;
341 597 436 624 magno
456 589 557 617 scilicet
571 590 694 624 prmsidio
708 590 864 617 (ommuniti
876 612 882 623 ,
899 591 974 625 quasi
999 598 1061 625 pro-

268 641 358 670 pterea
370 634 560 662 condideritis'
577 635 699 663 hteresint
717 644 811 663 novant
823 657 830 668 ,
846 641 875 663 ut
888 636 995 671 quando
1014 644 1061 663 vos

267 682 459 717 redarguimus,
470 682 548 710 nullis
559 682 691 710 ltaareticis
699 683 841 719 adthuare
852 683 993 718 possimus.
1006 683 1061 719 Ego

266 734 353 756 tamen
368 729 392 756 in
407 729 455 756 hac
475 736 554 756 causa
564 750 572 762 ,
587 729 612 756 iu
627 737 678 765 qua
699 730 745 758 tibi
767 730 801 757 de
815 731 935 766 originali
952 736 1060 765 peccato

265 774 376 802 multutn
398 774 489 802 videor
501 774 675 802 detestandus
686 796 693 809 ,
707 780 734 803 et
749 775 895 803 Manichwo
916 777 1002 811 potius
1016 784 1060 804 co-

263 821 425 857 asquandus,
448 830 508 849 cum
532 822 673 850 Ambrosio
688 830 747 850 smn
759 844 765 856 ,
789 823 857 850 velis
874 824 957 855 nolis,
982 831 1060 858 quem

263 868 417 895 Joviniauus
440 868 616 895 Manichrcum
641 868 765 902 dicebat,
788 874 817 896 ut
840 874 866 896 ttt
884 879 890 897 :
907 869 953 896 sed
979 870 1061 897 libere

262 915 316 947 illo,
332 918 358 941 ιιι
372 914 492 942 subdole.
508 915 627 949 Denique
641 915 723 942 semel
741 915 784 942 ille
798 915 921 948 vincitur,
936 923 996 943 cum
1008 916 1062 942 Ma-

262 960 379 987 nirltaeus
395 968 448 987 non
471 968 531 988 esse
545 960 745 988 demonstratur
760 961 917 989 Ambrosius
934 970 940 989 :
957 966 984 989 tu
999 970 1061 989 vero

260 1009 320 1041 quia
344 1007 450 1034 voluisti
470 1015 518 1034 eor
538 1007 635 1042 duplex
660 1008 776 1041 habere,
798 1008 840 1035 bis
861 1009 985 1035 vinceris.
1008 1009 1060 1035 Ar-

260 1053 317 1087 gitis
333 1053 502 1079 Ambrosium
525 1052 699 1080 Mauiclttcum
715 1061 794 1086 esse;
811 1053 923 1081 ostendo
947 1062 998 1080 non
1016 1062 1060 1081 es-

260 1107 307 1125 se:
321 1107 401 1134 negas
419 1105 443 1126 te
458 1106 582 1134 arguere,
599 1100 713 1127 ostendo
723 1104 749 1127 te
763 1108 875 1135 arguere
895 1109 901 1126 :
920 1106 1061 1135 utrumque

260 1149 348 1171 autem
365 1145 475 1171 (-larcbit
495 1145 519 1172 ei
536 1145 580 1180 qui
604 1145 728 1180 superius
744 1153 803 1180 qua:
818 1145 940 1173 dixerit'
956 1146 1060 1181 legerit.

298 1189 414 1218 CXXIII.
430 1190 489 1217 ,Ιιιιη
502 1190 602 1218 Verum
622 1191 761 1218 videamus
785 1196 811 1218 et
833 1196 940 1219 cetera.
960 1192 999 1220 De
1020 1192 1062 1220 his

262 1244 321 1270 quae
336 1236 438 1270 egimus
452 1236 517 1263 satis
529 1244 660 1271 superque
671 1237 797 1264 lectorem
813 1236 971 1264 instructum
984 1243 1058 1273 puto,

263 1290 312 1315 qua
329 1282 425 1308 virtttte
443 1281 483 1309 vel
507 1289 627 1308 meorum
642 1281 774 1309 dictorum
788 1282 888 1317 aliquid
907 1287 1059 1318 oppugnet,

264 1327 304 1353 vel
318 1326 470 1361 Opinionem
486 1331 592 1354 tueatur
604 1335 695 1360 suam;
708 1332 735 1354 et
750 1327 810 1354 ideo
821 1336 872 1355 non
887 1328 938 1355 erit
950 1335 1061 1356 necesse

264 1372 423 1407 scriptorum
445 1372 470 1400 id
492 1373 610 1400 omnium
632 1373 791 1408 repetitione
812 1378 972 1401 monstrare.
987 1375 1061 1408 Quo-

264 1418 334 1445 niam
351 1418 393 1445 vix
408 1418 526 1453 singulos
538 1426 700 1454 sparsosque
714 1419 858 1446 versiculos
871 1419 904 1446 de
919 1419 986 1446 libro
1002 1427 1061 1447 tneo

264 1472 414 1499 proponens
429 1464 493 1496 sibi,
508 1472 609 1500 eosque
625 1464 734 1491 laudans
756 1464 918 1501 frequenter,
936 1474 1060 1493 nonnun-

263 1519 341 1546 quam
356 1511 436 1538 etiant
450 1511 540 1538 titillat
554 1511 740 1546 suggillatione
754 1512 909 1539 brevissima
922 1521 929 1543 ;
945 1520 1005 1539 cum
1019 1517 1060 1539 ta-

264 1566 323 1584 men
341 1558 390 1584 hoc
404 1557 473 1592 qttod
489 1556 665 1583 ntordendutn
679 1561 761 1591 putat,
777 1566 790 1584 a
804 1565 846 1584 me
859 1565 910 1584 non
926 1558 960 1584 sit
975 1558 1020 1591 ita,
1034 1562 1062 1586 ut

263 1603 421 1638 suspicatur,
432 1603 574 1638 prolatum.
584 1603 763 1636 Quamobrem
773 1603 805 1630 ad
818 1603 882 1631 illud
894 1612 961 1639 opus
969 1612 1058 1632 mcum

264 1649 389 1675 lectorem
405 1648 491 1683 dirigo
508 1658 514 1675 :
530 1648 630 1675 videbit
643 1649 818 1676 assertionem
833 1650 975 1677 concittere
989 1650 1061 1678 veri-

264 1695 320 1721 tati.
335 1695 383 1722 llic
402 1702 467 1722 sane
489 1695 533 1730 qui
557 1695 607 1722 sibi
628 1695 795 1730 querebatur
815 1696 967 1731 ohjectum,
991 1697 1062 1732 quod

264 1745 383 1767 naturam
405 1740 593 1767 criminaretur
614 1745 641 1767 et
665 1741 786 1773 sentina,
807 1742 961 1768 continuam
977 1743 1061 1769 simu-

264 1786 334 1813 laudi
358 1793 409 1813 non
432 1786 519 1821 potuit
542 1791 634 1813 tenere
658 1786 812 1821 patientiam
828 1796 835 1813 :
851 1787 898 1814 sed
920 1792 1060 1822 postquam

263 1833 405 1869 priestigiis
416 1831 426 1849 ³
442 1833 544 1868 patroni
567 1833 607 1860 sui
628 1833 764 1859 serenavit
784 1833 920 1866 auditttm,
937 1833 1007 1861 velut
1022 1838 1061 1861 te-

263 1879 342 1907 studo
355 1883 436 1914 caput
447 1879 543 1914 aperit.
556 1878 622 1905 Nam
635 1886 696 1905 cum
708 1878 828 1911 dixisset,
842 1879 903 1913 quia
915 1879 965 1906 nisi
976 1879 1060 1907 Adam

265 1929 412 1961 peccasset,
431 1926 466 1952 ita
481 1925 604 1951 homines
617 1932 746 1959 generare
761 1925 911 1959 potuissent
922 1945 928 1957 ,
947 1929 975 1951 ut
989 1925 1060 1952 sole-

267 1980 327 2000 mus
339 1976 386 1999 aut
395 1971 524 1998 articulos
542 1977 713 1997 commovere
723 1990 730 2003 ,
749 1975 796 1997 aut
811 1971 966 2005 unguiculas
982 1978 1061 1998 exse-

267 2025 347 2045 care:
363 2015 479 2049 addidit,
496 2025 505 2042 ι
523 2015 576 2043 Sed
596 2015 618 2043 si
633 2023 726 2043 semen
738 2015 825 2050 ipsum
840 2016 940 2043 nullum
953 2016 1062 2043 maledi-

267 2069 338 2091 ctum
365 2063 461 2097 ltabet,
482 2062 543 2098 qttid
567 2068 608 2090 est
636 2061 706 2096 quod
733 2063 860 2097 sctiplum
884 2067 926 2090 est
950 2063 974 2090 in
995 2063 1062 2090 libro

266 2108 419 2144 Sapientiae,
433 2107 493 2135 Non
505 2108 625 2144 ignorans
634 2108 754 2143 quoniam
767 2115 874 2142 nequam
883 2113 936 2135 erat
950 2109 1016 2135 natio
1029 2109 1062 2135 il-

268 2156 360 2187 larum,
375 2159 397 2181 et
412 2154 537 2181 naturalis
547 2154 645 2180 malitia
656 2154 778 2187 ipsorum,
789 2158 814 2180 et
827 2154 887 2189 quia
901 2162 951 2180 non
964 2158 1062 2189 poterat

267 2200 361 2227 mutari
375 2200 492 2235 cogitatio
505 2199 606 2226 illorum
615 2198 642 2225 in
654 2205 800 2234 perpetuum
812 2207 821 2226 :
834 2207 917 2226 semen
931 2200 996 2226 enim
1009 2205 1062 2226 erat

268 2245 430 2273 tttaledictum
441 2245 473 2271 ab
483 2245 554 2271 initio
569 2254 578 2270 ι
595 2244 678 2280 (εαρ-
692 2252 738 2277 xu,
753 2245 796 2277 10,
810 2245 866 2280 it).
879 2246 965 2280 Atque
976 2245 1061 2280 ipsum

268 2292 448 2320 testimonium
471 2291 540 2326 quod
564 2291 688 2326 protulit,
709 2291 813 2318 Subdita
835 2293 1063 2327 argumentatione

268 2339 448 2374 prosequitur,
463 2347 472 2363 ‹
490 2337 589 2372 Nempe
603 2337 636 2365 de
651 2337 861 2373 quibuscumque
876 2339 924 2365 ista
936 2338 1016 2371 dicat,
1029 2338 1063 2366 de

267 2384 428 2416 hominibus,
446 2393 456 2410 ι
471 2383 566 2419 inquit.
583 2392 593 2409 ι
608 2382 671 2411 dicit
685 2393 693 2409 ι
709 2382 759 2417 (De
774 2382 879 2417 Nuptiis
893 2389 916 2410 at
934 2383 1061 2419 Concupi-

266 2431 378 2464 scentia,
395 2429 438 2456 lib.
457 2428 492 2463 Ξ,
514 2438 539 2456 ιι.
563 2429 643 2456 17-ίὶ1
660 2429 679 2463 ).
706 2429 743 2456 Eu
759 2430 803 2464 qui
818 2437 847 2457 se
863 2430 1035 2464 proﬁtebatur
1047 2438 1062 2457 a

268 2476 472 2503 Maniclucorum
492 2474 588 2502 studiis
607 2475 762 2508 destitisse,
784 2475 828 2509 qui
849 2476 899 2502 sub
923 2476 1064 2504 occasione

268 2522 407 2550 sententia:
428 2529 509 2557 quam
529 2529 582 2549 non
605 2521 745 2556 intelligit,
760 2521 929 2549 maledictum
952 2529 1062 2555 semen,

234 2582 235 2585 η
269 2568 394 2596 tnalitiam
408 2567 553 2595 naturalem
563 2587 572 2600 ,
588 2572 615 2595 et
628 2567 858 2594 iuconvertibilem
877 2568 1062 2603 cogitationem

273 2614 428 2648 pronuntiat
441 2614 602 2648 iniqttorunt.
617 2613 697 2640 Fama
713 2617 761 2645 est,
776 2613 845 2648 apud
861 2615 981 2642 rataelita
993 2614 1003 2630 ⁸
1013 2615 1063 2643 Nili

271 2668 399 2696 aquarum
423 2659 605 2695 proruenlium
628 2658 740 2693 strepitu
764 2667 812 2686 usu
833 2661 937 2687 aurium
959 2661 1064 2688 accolas

271 2707 422 2734 destitutos.
433 2705 554 2733 Finxerit
564 2703 628 2732 illud
638 2704 740 2738 opinio,
751 2712 809 2740 qua:
821 2705 854 2733 de
868 2706 972 2740 magnis
982 2706 1065 2741 majo-

273 2760 300 2779 ra
313 2752 443 2787 dispergit
456 2760 463 2778 :
478 2750 547 2777 valet
560 2754 648 2777 tamen
662 2750 813 2785 exemplum
830 2751 863 2778 ad
882 2752 1064 2787 castigandam

305 2851 311 2882 ξ
332 2849 400 2882 ωιιι.
412 2847 654 2882 mutarit-verius
671 2852 753 2873 autem
773 2853 835 2881 Mss,
851 2850 1017 2877 condiderim.

304 2881 314 2895 '
331 2879 410 2903 uidex
423 2882 496 2908 νυνι..
508 2878 624 2903 diximus.

306 2911 316 2925 ³
333 2910 447 2935 Verbum.
460 2909 594 2939 prtestigiis.
608 2917 638 2934 ex
652 2912 820 2940 manuscriptis
829 2911 971 2936 addidimus.

306 2941 317 2955 δ
334 2940 368 2964 sic
380 2943 432 2964 uss.
451 2944 474 2964 tn
486 2942 562 2972 εἰμι,
576 2941 697 2972 catadyta.

605 209 728 237 ()PliltH
748 210 953 238 lill‘Elll-Eli'l'l
973 211 1109 238 CONTRA
1126 209 1308 244 ιυιιιΑΝυιι.
1325 214 1353 241 S.
1370 213 1554 242 AUGUSTINI

1842 219 1904 248 ιιει

1121 266 1300 301 insipientium
1316 267 1471 296 Surditatem
1482 289 1489 301 ,
1503 269 1547 304 qui
1567 269 1671 305 fragore
1686 273 1797 299 terroris
1811 276 1907 308 mutui,

1117 312 1185 339 sicut
1195 312 1302 347 aSpides
1312 313 1401 341 surdre
1414 320 1503 342 rerum
1515 315 1623 343 voaibus
1633 316 1798 346 o‘bnit‘untur.
1810 318 1909 347 Clamat

1117 358 1294 393 Augustinus,
1314 359 1433 395 Nequam
1455 365 1497 388 est
1511 361 1647 390 hominum
1671 363 1760 395 natio,
1783 365 1908 393 naturalis

1117 405 1217 433 malitia
1228 426 1235 438 ,
1256 406 1429 435 immutabilis
1441 408 1567 443 cogitatio
1584 408 1609 436 in
1628 415 1787 445 perpetuum
1797 432 1805 444 ,
1819 418 1907 439 semen

1116 452 1287 480 maledictum
1302 453 1336 481 ab
1350 454 1435 481 initio.
1445 454 1479 482 Et
1489 455 1661 483 inveniuntur
1672 455 1770 489 adhuc,
1781 458 1824 493 qui
1837 457 1907 485 illum

1116 506 1169 525 non
1184 506 1374 535 usquequaque
1385 499 1522 528 Manichtei
1533 506 1673 530 autument
1687 502 1841 532 charactere
1854 512 1908 539 per-

1115 545 1243 572 cussum?
1256 545 1455 580 lnterrogentur
1477 545 1558 575 hodie
1581 547 1741 584 quicumque
1761 554 1823 577 sunt
1843 550 1910 585 ipsae

1115 596 1175 616 rum
1188 590 1306 618 sordium
1321 596 1467 620 sectatores
1481 592 1578 627 publici
1591 602 1598 621 :
1612 593 1633 620 si
1648 593 1718 621 aliud
1729 594 1853 626 dixerint.
1863 600 1909 623 nos

1114 640 1239 669 putemur
1251 636 1331 664 fuisse
1347 637 1461 665 mentiti.
1478 638 1548 673 Ergo
1562 638 1584 665 si
1598 642 1640 665 cst
1654 639 1754 667 malitia
1769 641 1906 672 naturalis,

1115 682 1249 715 quomodo
1263 687 1289 711 te
1305 683 1382 719 lingis
1401 684 1497 711 malam
1513 692 1566 712 non
1583 686 1758 720 pronuntiare
1772 682 1910 714 naturam?

1114 726 1143 754 Si
1154 732 1195 755 est
1207 735 1299 755 semen
1313 729 1481 756 maledictum
1495 730 1529 758 ab
1542 730 1618 758 initio
1629 751 1636 764 ,
1649 731 1784 766 quomodo
1803 737 1829 760 te
1843 732 1906 760 dicis

1115 773 1179 800 vitia
1195 774 1361 802 voluntatum
1376 782 1519 808 accusare,
1539 784 1592 804 non
1608 778 1761 805 seminum?
1775 778 1802 806 Si
1816 779 1906 807 immu-

1115 820 1203 848 tabilis
1215 821 1341 856 cogitatio
1355 821 1555 857 malignantium
1571 827 1630 856 est,
1646 824 1779 859 quemodo
1794 829 1819 853 te
1835 825 1903 860 peje‘

1114 874 1158 894 ras
1179 867 1291 894 liberum
1314 868 1453 895 arbitrium
1474 869 1618 896 conﬁteri?
1637 868 1713 897 Nisi‘
1732 875 1867 905 superest,
1881 876 1905 898 ut

1114 912 1173 940 illos
1187 912 1325 948 Hebraeos,
1337 913 1431 942 Siraclt
1442 915 1464 948 ',
1481 915 1524 943 vel
1534 915 1686 948 Philonem,
1700 916 1744 952 qui
1758 916 1816 944 libri
1827 917 1905 952 ipsius

1113 959 1158 994 qui
1172 959 1310 994 Sapientia
1326 959 1433 993 dicitur,
1446 965 1570 988 auctores
1589 961 1690 989 incerta
1708 961 1832 996 opinione
1850 970 1906 990 cre-

1113 1004 1221 1039 duntur,
1237 1005 1312 1033 dicas
1324 1005 1407 1033 fuisse
1419 1001 1602 1034 Manichacos.‘

1149 1053 1217 1080 Atio.
1232 1052 1348 1086 Quilibet
1362 1057 1455 1080 auctor
1470 1052 1550 1080 fuerit
1563 1052 1622 1081 libri
1636 1052 1715 1088 hujus
1726 1074 1734 1087 ,
1750 1053 1834 1087 bene,
1846 1054 1903 1089 quia

1112 1099 1298 1127 auctoritatem
1311 1098 1369 1134 ejus
1382 1107 1436 1127 non
1452 1099 1567 1135 respuis.
1589 1097 1703 1127 ldoneus
1716 1105 1757 1127 est
1770 1100 1858 1135 igitur,
1873 1108 1903 1128 ev

1112 1149 1167 1180 quo
1176 1143 1305 1173 adversus
1314 1153 1370 1176 vos,
1385 1153 1445 1180 quze
1457 1152 1599 1180 possumus
1613 1145 1744 1178 invenire,
1758 1145 1904 1173 testimoaia

1113 1189 1291 1228 proferamus.
1305 1190 1371 1219 Nam
1383 1196 1411 1219 et
1426 1188 1548 1226 Pelagius
1560 1191 1654 1219 doctor
1666 1191 1679 1206 τ
1690 1197 1777 1219 vester
1798 1191 1823 1218 in
1840 1191 1905 1218 libro

1112 1246 1192 1274 quem
1206 1236 1429 1266 Testimoniorum
1444 1235 1485 1265 vel
1503 1236 1685 1272 Capitulorum
1705 1237 1804 1269 edidit,
1821 1236 1904 1272 posuit

1113 1292 1146 1312 ex
1165 1283 1218 1312 isto
1239 1281 1308 1311 libro
1328 1291 1388 1319 qua;
1404 1283 1545 1310 intentioni
1561 1291 1616 1310 suae
1630 1282 1745 1310 credidit
1764 1282 1904 1310 convenire

1116 1328 1167 1366 (De
1179 1326 1260 1358 Gestit
1274 1329 1384 1366 Pelagii,
1397 1338 1424 1356 η.
1435 1329 1474 1365 6).
1485 1329 1567 1365 Cujus
1578 1329 1638 1356 libri
1649 1333 1741 1356 auctor
1751 1329 1833 1364 magis
1845 1329 1903 1364 quia

1114 1375 1276 1403 Manichaaus
1298 1383 1350 1402 non
1375 1373 1443 1407 fuit,
1466 1374 1531 1402 satis
1557 1378 1704 1409 aperteque
1728 1372 1903 1404 demonstrat.

1113 1421 1194 1449 etiam
1208 1420 1242 1448 ab
1256 1420 1295 1447 eis
1309 1419 1355 1455 qui
1370 1419 1508 1447 lllanicltzci
1523 1427 1575 1447 non
1591 1423 1672 1453 sunt,
1694 1423 1721 1447 et
1743 1419 1768 1446 in
1791 1413 1904 1446 Ecclesia

1113 1463 1212 1494 Christi
1226 1466 1276 1501 legi
1290 1466 1428 1501 accipique
1441 1468 1611 1496 meruerunt.
1627 1464 1745 1499 potuisse
1758 1463 1809 1491 dici
1829 1462 1903 1491 mali-

1113 1514 1178 1541 tiam
1194 1513 1340 1540 naturalem
1350 1534 1358 1546 ,
1373 1514 1431 1540 sine
1446 1512 1498 1539 ulla
1512 1511 1720 1547 reprehensione
1735 1511 1903 1539 institutionis

1113 1562 1143 1587 et
1154 1557 1316 1587 conditionis
1330 1555 1396 1591 Dei,
1412 1562 1566 1585 naturarum
1586 1557 1705 1585 ontnium
1719 1557 1902 1592 sapientissimi

1114 1609 1194 1640 atque
1208 1604 1301 1639 optimi
1322 1603 1461 1632 creatoris.
1479 1602 1556 1631 Unde
1576 1608 1604 1631 et
1621 1603 1765 1638 Apostolus
1783 1610 1834 1630 non
1852 1602 1903 1629 alio

1113 1658 1196 1678 sensu
1208 1650 1311 1678 dixisse
1325 1650 1478 1677 intellectus
1489 1654 1545 1682 est,
1561 1648 1670 1677 Fuimus
1682 1649 1748 1675 enim
1761 1653 1785 1676 et
1797 1657 1841 1676 nos
1854 1648 1902 1675 ali-

1113 1696 1215 1732 quando
1228 1700 1320 1722 natura
1333 1696 1382 1730 ﬁlii
1394 1695 1450 1729 inc,
1461 1695 1525 1722 sicut
1537 1700 1562 1721 et
1574 1695 1657 1722 ceteri
1670 1695 1679 1730 (
1693 1694 1788 1730 Eplter.
1808 1702 1836 1727 ιι,
1854 1694 1870 1721 5
1881 1694 1900 1728 ).

1113 1742 1192 1776 Quod
1202 1741 1310 1778 quidatn
1323 1749 1375 1769 non
1386 1741 1420 1769 ad
1433 1742 1555 1774 verbum,
1569 1741 1615 1768 sed
1630 1737 1662 1767 ad
1677 1741 1832 1768 sententiam
1843 1745 1903 1767 sttttt

1114 1789 1280 1824 interpretati
1297 1783 1434 1821 dicentes,
1451 1787 1561 1815 Fuimus
1572 1788 1643 1815 enitn
1659 1792 1686 1815 et
1699 1795 1747 1814 nos
1766 1785 1903 1822 aliqttandn

1105 1830 1272 1862 naturaliter
1285 1831 1330 1861 lilii
1347 1834 1403 1861 inc.
1417 1833 1492 1867 Quod
1511 1839 1599 1860 atttetn
1618 1832 1670 1864 ait,
1689 1833 1753 1859 sicut
1770 1837 1792 1859 et
1810 1832 1901 1863 ceteri,

1113 1879 1230 1907 ostendit
1241 1886 1336 1907 omnes
1356 1879 1403 1906 ira:
1424 1879 1492 1906 tilios
1507 1886 1567 1907 esse
1589 1883 1680 1905 natura
1691 1898 1698 1911 ,
1713 1878 1762 1905 nisi
1777 1877 1902 1913 qll0>di|lll

1113 1934 1208 1954 eorum
1221 1933 1237 1953 a
1259 1932 1345 1953 massa
1371 1925 1527 1960 perditionis
1546 1925 1629 1959 gratia
1654 1924 1741 1951 divina
1761 1924 1896 1951 discernat

1114 1971 1152 2000 De
1175 1972 1269 1999 alienis
1293 1978 1357 2006 ergo
1380 1971 1414 1998 ab
1440 1969 1490 1998 hac
1511 1972 1594 2006 gratia
1619 1971 1698 1998 etiam
1722 1970 1813 1998 Petrus
1841 1977 1903 2004 apo-

1113 2016 1198 2045 stolus
1218 2017 1348 2052 quucns:
1364 2015 1400 2043 Ili
1417 2024 1489 2048 vero,
1511 2016 1611 2051 inquit,
1627 2017 1691 2043 velut
1706 2014 1794 2042 mutd'
1807 2016 1904 2042 anima-

1114 2063 1148 2090 lia
1171 2068 1302 2098 procreata
1327 2062 1476 2089 naturaliter
1498 2062 1525 2088 in
1548 2062 1717 2097 captivitatem
1738 2065 1762 2088 et
1779 2060 1901 2088 interitum

1114 2108 1148 2143 (ll
1164 2108 1233 2135 Pet'r.
1247 2116 1277 2141 ιι,
1290 2108 1348 2143 12).
1360 2105 1418 2136 Non
1431 2115 1462 2135 se
1475 2108 1573 2143 quippe
1584 2108 1717 2135 cxuebaut
1730 2111 1845 2135 veterem
1856 2106 1903 2134 lto-

1114 2153 1224 2180 minem.
1244 2152 1299 2180 Nisi
1322 2158 1410 2181 autem
1430 2157 1508 2180 vetus
1527 2153 1616 2180 omnis
1638 2152 1718 2180 homo
1738 2157 1901 2184 nasceretur,

1115 2199 1204 2227 nulltts
1219 2198 1344 2234 parvulus
1361 2198 1527 2227 renascendi)
1539 2202 1721 2225 renowtretur.
1737 2197 1813 2225 Absit
1823 2202 1901 2232 ergo,

1114 2249 1144 2272 ut
1156 2250 1217 2272 cum
1231 2244 1368 2272 Creatoris
1380 2244 1485 2271 dicatur
1499 2244 1607 2279 injuria,
1624 2244 1778 2270 naturaliter
1788 2247 1846 2270 esse
1857 2242 1904 2270 lto-

1114 2291 1201 2319 mines
1216 2291 1262 2318 ira!
1278 2290 1347 2317 ﬁlios
1359 2299 1365 2317 :
1377 2290 1446 2317 sicut
1460 2290 1518 2317 sine
1533 2290 1585 2317 ulla
1608 2291 1667 2324 ejus
1685 2289 1780 2324 injuria
1795 2288 1904 2324 quisque

1114 2336 1211 2365 dicitur
1224 2337 1380 2364 naturaliter
1393 2336 1505 2369 surdus,
1518 2342 1563 2364 aut
1579 2336 1734 2364 naturaliter
1746 2342 1845 2367 ctrcus,
1861 2340 1903 2363 aut

1115 2382 1271 2410 naturaliter
1292 2381 1446 2414 morbidus;
1466 2382 1583 2416 itemqu’e
1604 2382 1672 2409 alius
1694 2379 1847 2409 naturaliter
1867 2380 1904 2407 fa-

1116 2434 1193 2462 tuus,
1213 2428 1281 2455 alius
1301 2427 1457 2455 naturaliter
1476 2427 1639 2458 obliviosos,
1663 2427 1730 2454 alius
1752 2423 1907 2454 naturaliter

1116 2475 1274 2507 iracundus;
1288 2479 1316 2502 et
1328 2477 1424 2501 extera
1440 2473 1644 2501 innumerabilia
1657 2473 1731 2507 vitia,
1743 2472 1798 2500 sive
1811 2474 1906 2506 corpo-

1116 2528 1185 2554 rum,
1200 2521 1266 2554 sive,
1278 2519 1351 2556 quod
1365 2523 1408 2547 est
1420 2520 1542 2556 gravius,
1562 2520 1713 2547 animorum
1723 2540 1730 2552 ,
1747 2513 1792 2547 Dei
1802 2515 1908 2553 opiﬁcio

1116 2573 1277 2598 creatorum,
1291 2565 1465 2602 ejusdemque
1475 2566 1521 2593 Dei
1534 2564 1650 2597 oceullo.
1667 2565 1713 2593 sed
1724 2565 1797 2600 justo
1807 2563 1907 2599 judicio

1117 2612 1278 2640 vitiatur-uni.
1292 2611 1364 2640 Idem
1377 2612 1475 2647 quippe
1490 2612 1546 2646 ipse
1562 2611 1643 2638 totius
1656 2610 1772 2638 hominis
1784 2614 1885 2638 creator
1898 2618 1906 2635 :

1116 2664 1144 2686 et
1157 2663 1244 2686 tamen
1259 2658 1381 2693 quamvis
1397 2665 1457 2685 cum
1477 2657 1535 2692 ejus
1548 2656 1626 2684 laude
1645 2661 1736 2684 natura
1753 2656 1787 2684 sit
1807 2655 1885 2683 hamo
1899 2663 1908 2687 ;

1116 2703 1192 2732 nullo
1204 2703 1285 2731 modo
1299 2707 1387 2731 tamen
1405 2711 1467 2731 cum
1481 2703 1539 2738 ejus
1551 2703 1745 2738 vituperattone
1763 2704 1854 2729 natura
1869 2701 1911 2727 vi-

1119 2750 1202 2777 tiosus
1215 2754 1256 2776 est
1269 2748 1358 2776 homo.
1372 2748 1478 2776 Scimus
1492 2749 1581 2783 itaque
1592 2755 1644 2775 non
1659 2748 1731 2780 vitia,
1742 2747 1790 2775 sed
1800 2751 1910 2774 natura:

1118 2803 1178 2823 esse
1191 2795 1343 2823 tribuendas
1357 2795 1490 2822 conditori
1507 2794 1560 2822 Deo
1575 2802 1581 2821 :
1598 2794 1646 2821 sed
1667 2794 1736 2821 unde
1757 2794 1808 2821 sint
1830 2794 1889 2821 vitia
1901 2813 1911 2826 ,

1151 2854 1159 2868 ι
1176 2853 1322 2883 vigniertus,
1335 2858 1406 2877 nunc.
1419 2856 1447 2876 At
1459 2856 1523 2881 Mss.
1535 2852 1589 2877 nisi.

1150 2884 1160 2899 ¹
1169 2880 1254 2908 .Codex
1266 2887 1397 2911 Furiarum,
1409 2886 1433 2907 ut
1444 2882 1514 2907 illum
1528 2883 1654 2908 Hebr-reum
1665 2880 1743 2913 lilium
1753 2880 1845 2906 sirult.

1151 2915 1161 2930 ³
1172 2917 1208 2938 Ἐκ
1221 2917 1274 2938 Mss.
1287 2914 1390 2942 additur,
1401 2914 1492 2938 doctor.

1150 2946 1160 2960 δ
1178 2946 1213 2969 sic
1290 2948 1314 2970 tu
1326 2945 1404 2974 \‘ign.,
1414 2947 1521 2969 ciamua.
