4124 6532
327 466 449 544 uit

319 601 477 656 debet
501 597 701 662 dicere,
732 596 822 668 qui
849 594 960 650 t'ult
987 592 1236 649 resistere
1263 587 1574 646 Manichaee.
1600 585 1660 641 Et
1681 583 1750 642 de
1771 584 1904 639 alia-

321 708 436 750 rum
462 691 676 762 quidem
705 699 882 745 rerum
907 686 1067 754 vitiis,
1090 699 1222 754 quas
1245 698 1275 737 a
1298 679 1406 738 Deo
1427 685 1636 737 creatas
1658 677 1905 742 fatentur,

321 783 414 841 sed
443 781 560 854 ejus
596 779 990 853 sapientissime
1019 775 1388 839 ordinatione,
1429 771 1547 828 sive
1579 769 1765 834 bonis.
1791 768 1906 823 sive

324 877 480 936 etiam]
515 874 672 932 malis
697 871 901 944 angelis
941 868 1208 933 subditas,
1237 861 1564 938 respondere
1597 859 1905 918 facillimum

323 981 437 1036 est,
463 969 532 1026 ab
557 969 637 1026 eis
661 965 856 1039 quibus
892 963 1170 1035 subiacent
1189 1003 1204 1027 ,
1244 974 1428 1017 earum
1465 967 1676 1030 quoque
1703 954 1909 1010 semina

326 1077 482 1136 po~se
511 1058 688 1117 vitiari
707 1102 722 1126 ,
753 1071 811 1114 ut
840 1073 946 1113 non
975 1058 1148 1112 solum
1180 1055 1308 1110 llant
1328 1093 1345 1119 ,
1377 1065 1562 1107 verum
1589 1049 1750 1105 etiam
1775 1057 1909 1104 cono

323 1155 588 1226 cipiautur
613 1159 1004 1221 nascunturque
1029 1146 1256 1203 vitiosas.
1279 1145 1356 1200 De
1377 1143 1594 1198 homine
1615 1139 1808 1212 agitur,
1840 1137 1910 1194 de

325 1243 570 1301 rationali
597 1239 868 1296 animante
887 1282 903 1306 ,
932 1237 1001 1295 de
1029 1236 1262 1308 imagine
1289 1229 1385 1290 Dei
1409 1233 1604 1305 agitur,
1629 1229 1783 1302 cujus
1807 1243 1907 1284 na-

327 1343 440 1391 tura
471 1335 618 1390 nullo
638 1333 800 1390 modo
822 1325 1024 1388 diaboli
1049 1327 1340 1385 ludibrium
1363 1325 1510 1382 lieret
1533 1366 1548 1390 ,
1571 1335 1730 1394 quem
1765 1329 1911 1377 recte

324 1424 595 1480 credimus
633 1429 911 1479 auctorem
955 1432 1080 1476 esse
1129 1417 1376 1474 vitiorum
1398 1458 1414 1482 ,
1443 1413 1546 1470 nisi
1583 1426 1680 1485 per
1708 1411 1911 1483 justum

327 1514 420 1570 Dei
461 1513 724 1586 judicium
773 1520 992 1584 propter
1033 1503 1292 1581 originale
1338 1514 1633 1578 peccatum.
1678 1501 1916 1573 Denique

325 1619 424 1661 nec
450 1619 544 1658 vos
567 1604 689 1675 ipsi,
709 1613 966 1676 quantum
986 1601 1256 1664 existimo,
1279 1593 1462 1653 dicere
1481 1594 1710 1661 audetis,
1727 1605 1915 1666 qnam-

323 1697 404 1752 vis
427 1696 618 1766 dogma
641 1705 876 1750 vestrum
898 1693 1014 1748 hate
1039 1699 1146 1748 tam
1171 1688 1286 1745 dira
1316 1697 1572 1760 sequatur
1589 1684 1912 1752 absurditas,

327 1785 380 1840 in
401 1785 646 1857 paradiso
669 1793 920 1842 exortura
941 1781 1106 1838 fuisse
1131 1789 1209 1836 tut
1231 1791 1296 1836 ac
1317 1787 1462 1834 tanta
1481 1777 1606 1832 vitia
1633 1777 1915 1844 naturalia,

325 1881 372 1933 si
403 1885 658 1950 peccante
685 1876 937 1944 nemine,
971 1873 1056 1929 illa
1096 1874 1149 1929 in
1187 1885 1291 1943 qua
1329 1878 1412 1926 est
1438 1868 1649 1924 condita
1671 1911 1686 1935 ,
1715 1876 1918 1944 natura:

327 1971 576 2026 humanas
599 1969 618 2002 ¹
645 1967 870 2024 lelleitas
902 1971 1260 2038 permaneret.
1290 1958 1401 2020 Vos
1441 1971 1618 2017 autem
1660 1968 1918 2032 negantes

225 2107 229 2111 .
324 2061 586 2133 originale
609 2069 909 2131 peccatum,
943 2054 1182 2130 proiecto
1201 2062 1443 2111 naturam
1463 2063 1624 2126 quant
1651 2049 1788 2110 Deus
1811 2063 1916 2108 non

324 2153 567 2220 creavit,
614 2165 682 2207 ex
720 2151 874 2222 cujus
913 2147 1296 2206 commixtione
1335 2147 1444 2204 sint
1483 2145 1756 2202 hominum
1793 2155 1918 2200 cum

325 2245 524 2317 quibus
552 2251 846 2300 nascuntur
870 2241 996 2298 vitia
1017 2285 1031 2310 ,
1065 2237 1241 2298 facitis
1283 2238 1572 2296 introduci.
1604 2236 1651 2295 0
1680 2237 1918 2310 perversi

327 2336 588 2402 lneretici,
625 2334 1038 2392 Manichaeorum
1071 2331 1344 2404 adjutores
1361 2375 1378 2400 ,
1407 2329 1478 2388 de
1501 2327 1808 2387 Hanicbaeis
1831 2344 1921 2385 ca-

326 2429 678 2485 lumniatores
703 2469 718 2496 ,
772 2433 828 2484 et
877 2421 1276 2491 Catholicorum
1338 2421 1532 2480 eadem
1583 2421 1922 2480 concorditer

323 2531 514 2578 coiitra
543 2533 638 2578 vos
660 2535 785 2578 vera
805 2521 828 2555 '
856 2519 1147 2578 dicentium
1191 2519 1418 2574 aliorum
1449 2512 1771 2574 contentiosi
1814 2514 1920 2572 cri-

323 2616 643 2684 urinatores,
668 2613 894 2670 aliorum
923 2611 1132 2670 subduli
1156 2609 1500 2668 adulatores!

399 2701 636 2761 CXXIV.
663 2700 780 2762 Jun.
805 2701 1096 2775 [inspectet
1125 2713 1268 2757 nunc
1293 2701 1514 2758 forsitan
1556 2699 1748 2764 lector,
1789 2712 1922 2768 quo-

325 2797 494 2854 modo
529 2793 634 2853 hoc
659 2796 1022 2852 testimonium
1057 2791 1254 2850 debeat
1295 2787 1516 2862 intelligi
1547 2809 1562 2846 :
1588 2788 1729 2862 quod
1773 2799 1923 2844 certe

323 2904 436 2943 non
468 2887 737 2958 pertinere
755 2884 824 2938 ad
845 2881 1115 2943 traducem
1139 2882 1364 2952 peccati,
1391 2895 1492 2936 nec
1509 2873 1579 2934 ad
1603 2875 1921 2935 Manicha-o-

320 2993 448 3034 rum
478 2976 784 3048 opinionem
805 3016 820 3040 ,
848 2972 950 3028 iste
975 2973 1092 3042 ipse
1129 2973 1220 3042 qui
1259 2971 1434 3026 fuerat
1469 2970 1587 3040 ejus
1615 2979 1917 3040 usurpator,

319 3066 566 3124 ostendit
589 3083 606 3132 ;
631 3065 706 3120 ait
722 3065 890 3132 enim,
923 3081 945 3116 ι
981 3063 1058 3118 De
1086 3061 1512 3134 quibuscumque
1541 3059 1643 3115 hoc
1667 3059 1828 3125 dicat,
1853 3058 1923 3116 de

320 3161 639 3218 hominibus
675 3157 841 3215 dicit:
875 3175 894 3211 ι
920 3169 1041 3213 cum
1077 3163 1223 3212 certe
1255 3155 1298 3210 si
1333 3154 1402 3210 de
1431 3152 1658 3209 naturali
1697 3159 1923 3222 peccato

315 3253 554 3320 diceret,
579 3266 683 3307 non
709 3250 778 3307 d‘e
797 3249 1244 3322 quibuscumque,
1263 3246 1366 3304 sed
1379 3247 1449 3304 de
1467 3245 1716 3302 omnibus
1738 3245 1924 3316 loque-

319 3354 498 3403 retur.
526 3344 719 3417 Opinio
760 3343 957 3416 quippe
985 3332 1399 3398 Maniclneomm
1429 3335 1752 3412 generaliter
1790 3353 1922 3396 cun-

315 3421 539 3494 ctorum
585 3435 891 3490 mortalimn
933 3431 1156 3488 infamat
1185 3440 1430 3488 naturam
1454 3449 1468 3486 :
1498 3431 1763 3487 sententia
1793 3444 1924 3487 vero

316 3531 399 3588 de
426 3541 530 3601 qua
561 3527 870 3599 qua-rimus,
899 3525 1061 3581 etiam
1088 3525 1156 3580 ab
1183 3516 1300 3596 ipso
1331 3523 1622 3596 plagiatore
1651 3538 1752 3580 suo
1779 3523 1922 3578 reci-

321 3621 409 3693 pit
433 3618 833 3682 testiinonium,
859 3615 1001 3688 quod
1031 3625 1136 3672 non
1167 3614 1220 3670 in
1251 3626 1469 3678 omnes,
1501 3612 1596 3670 sed
1635 3612 1688 3670 in
1717 3613 1925 3686 aliquos

321 3710 539 3782 prolata
564 3709 652 3764 sit.
681 3703 762 3764 Ex
777 3721 887 3778 quo
908 3715 1138 3773 constat,
1161 3705 1366 3760 nullum
1387 3705 1436 3760 ei
1466 3703 1736 3774 negotium
1758 3701 1925 3760 fuisse

319 3818 454 3860 cum
479 3800 720 3868 traduce,
746 3815 864 3870 qua:
894 3807 1228 3870 nequaquam
1257 3798 1532 3853 universos
1555 3839 1572 3864 ,
1595 3795 1688 3853 sed
1717 3797 1924 3868 pleros-

319 3909 439 3970 que
482 3893 740 3968 percellit.
785 3893 948 3966 Igitur
991 3901 1208 3949 ostenso
1241 3889 1376 3947 nihil
1401 3889 1469 3948 de
1493 3907 1556 3948 ea
1583 3898 1830 3963 spectare
1855 3885 1925 3948 ad

323 3985 612 4061 profanant
641 3986 988 4058 Opinionem,
1022 3984 1190 4055 ipsius
1215 3984 1332 4040 libri
1359 3981 1614 4054 suffragio
1647 3979 1926 4055 scriptoris

321 4077 455 4152 ejus
479 4082 684 4136 Sanitas
708 4087 1002 4134 asseratur.
1030 4076 1292 4146 Loquitur
1322 4074 1392 4131 ad
1429 4073 1594 4131 Deum
1623 4092 1638 4129 :
1667 4073 1926 4130 Misereris

321 4171 584 4236 muniunt,
619 4170 860 4242 quoniam
896 4169 1069 4224 omnia
1114 4176 1286 4237 potes,
1317 4175 1362 4221 et
1397 4166 1692 4222 dissimulas
1719 4177 1926 4238 peccatu

321 4261 597 4318 hominum
621 4269 826 4334 propter
850 4259 1192 4332 ρωιιὶιιιτιιὶαηι
1217 4272 1234 4312 :
1259 4257 1431 4330 diligis
1465 4256 1598 4312 enim
1621 4257 1793 4311 omnia
1811 4271 1933 4331 qua!

320 4361 489 4420 sunt,
530 4363 576 4408 et
597 4349 724 4408 nihil
765 4350 916 4406 odisti
953 4351 1132 4406 horum
1158 4359 1270 4420 qua:
1295 4347 1473 4418 fecisti.
1505 4346 1768 4414 Quomodo
1793 4347 1930 4402 enim

321 4437 504 4518 ροεεὲι
541 4442 737 4514 aiiqnid
764 4456 1079 4514 permanere,
1113 4441 1214 4494 nisi
1234 4449 1288 4494 tu
1317 4439 1598 4494 uoluisses?
1617 4434 1800 4494 Parcis
1827 4457 1924 4495 au-

320 4547 440 4594 rem
467 4532 718 4601 omnibus,
748 4533 986 4604 quoniam
1025 4543 1114 4587 tua
1155 4541 1302 4598 sunt,
1337 4530 1582 4595 Domino,
1610 4531 1700 4604 qui
1729 4532 1926 4588 animas

317 4627 530 4700 diligis.
555 4623 726 4682 Bonus
749 4625 884 4680 enim
902 4624 1114 4696 spiritus
1135 4631 1255 4677 tuus
1269 4631 1346 4676 est
1360 4621 1412 4675 in
1431 4619 1660 4676 cautibus
1681 4636 1701 4674 :
1722 4633 1932 4693 propter

317 4719 480 4794 quod
502 4721 594 4775 ltus
613 4721 699 4790 qni
727 4729 917 4784 errant,
948 4715 1176 4790 partibus
1195 4714 1430 4784 corripis,
1457 4717 1504 4766 et
1522 4713 1586 4768 de
1611 4711 1789 4784 quibus
1809 4707 1928 4786 pec?

314 4818 462 4868 cant
481 4811 759 4866 admonens
789 4807 1095 4881 alloqueris,
1127 4811 1188 4858 ut
1206 4802 1383 4859 relicta
1413 4803 1608 4858 malitia
1635 4806 1844 4859 credant
1872 4803 1926 4860 in

316 4909 408 4967 re,
437 4897 648 4955 Domine
671 4897 825 4971 (Sep.
858 4906 931 4962 XI,
959 4895 1152 4960 ili-ui,
1179 4893 1256 4966 2).

414 4989 549 5048 Are.
582 4987 864 5058 Quomodo
889 4985 1171 5044 miseretur
1197 4985 1434 5042 omnium
1467 4985 1608 5042 Dens
1627 5029 1640 5050 ,
1671 5002 1792 5042 cum
1823 4987 1925 5042 alia

313 5079 618 5151 Scriptura
643 5076 808 5144 dicat,
845 5073 969 5134 Non
992 5077 1274 5132 miserearis
1297 5078 1522 5132 omnium
1549 5077 1634 5148 qui
1657 5089 1928 5149 operantur

309 5175 656 5244 irﬁquitatent
683 5169 708 5246 (
727 5167 867 5227 Psdl.
895 5183 1037 5238 LVIII,
1059 5173 1158 5242 ii);
1191 5169 1290 5226 nisi
1329 5169 1452 5243 quia
1481 5178 1538 5227 et
1577 5171 1628 5226 in
1659 5170 1764 5226 illis
1791 5188 1926 5242 quo-

311 5267 465 5322 rum
493 5277 596 5320 non
625 5265 926 5328 miseretur,
948 5276 1137 5318 omnes
1155 5259 1398 5318 Itamines
1417 5263 1488 5318 ita
1505 5268 1650 5328 sunt,
1671 5273 1728 5319 ut
1749 5264 1926 5318 oniioia

303 5369 538 5431 genere
567 5357 842 5413 hominum
871 5356 1267 5428 intelligantur;
1298 5354 1437 5410 sicut
1464 5355 1664 5411 dictum
1693 5363 1793 5422 est,
1829 5351 1955 5412 θεον

305 5450 542 5508 cimotis
579 5458 725 5504 omne
761 5448 874 5503 olus
900 5439 1070 5520 (Luc.
1100 5462 1152 5502 XI
1169 5488 1184 5513 ,
1213 5443 1340 5516 l2),
1367 5445 1418 5502 id
1445 5455 1524 5502 est
1545 5487 1560 5511 ,
1588 5459 1749 5504 omne
1771 5447 1932 5506 oleris

291 5535 718 5613 genuisi'Quid
741 5548 920 5604 autem
959 5546 1011 5594 te
1049 5537 1296 5608 adjuvat,
1341 5535 1484 5608 quod
1523 5537 1782 5608 seriptura
1811 5537 1932 5594 libri

305 5633 636 5703 Sapientia!
656 5640 762 5686 non
783 5629 853 5686 de
875 5627 1125 5685 omnibus
1151 5627 1456 5708 hominibus
1485 5628 1820 5700 loquebatur,
1845 5629 1932 5686 ubi

299 5727 446 5789 ait,
475 5721 616 5792 quod
649 5721 906 5779 naturalis
931 5729 1077 5781 esset
1096 5719 1292 5775 malitia
1319 5719 1552 5776 illorum.
1581 5719 1765 5792 Neque
1789 5719 1932 5777 enim

399 5839 424 5866 ⁸
466 5841 516 5882 ιιι
541 5831 684 5882 editis
719 5833 982 5894 omissum,
1003 5829 1258 5894 unum;
1302 5827 1417 5882 licet
1439 5829 1490 5881 in
1511 5812 1735 5882 omnibus
1770 5840 1936 5884 exstet

301 5895 702 5956 annuseriptis.

399 5959 430 5989 ⁸
471 5956 553 6008 Hic
575 5955 640 6010 ex
663 5963 770 6008 llas.
796 5955 1088 6016 restituitur,
1111 5964 1240 6004 ocra.

1665 472 1866 532 LIBER
1907 469 2252 541 QUARTUS.

3461 471 3484 528 Ι
3496 469 3600 527 i2!

2016 582 2138 653 quia
2166 582 2236 637 de
2260 581 2574 654 quibusdam
2596 624 2613 648 ,
2643 595 2749 638 non
2775 581 2846 638 de
2870 565 3120 638 omnibus
3139 579 3446 640 hominibus
3470 597 3600 654 age-

2015 673 2126 742 bat,
2151 673 2272 729 ideo
2297 674 2462 730 etiam
2491 671 2616 730 fecit
2643 673 2867 745 intelligi
2900 665 3075 730 nullos
3104 671 3241 729 alios
3278 683 3400 730 esae
3427 673 3598 732 tales:

2013 777 2137 822 cum
2163 766 2451 838 Apostolus
2473 767 2614 824 dicat
2633 809 2650 834 ,
2684 765 2899 823 Fuimus
2922 775 2970 822 st
2991 781 3086 822 nos
3111 765 3390 840 aliquando
3415 777 3602 821 natura

2017 858 2116 928 pm
2137 859 2248 924 iras,
2275 845 2408 915 sicut
2431 871 2482 916 et
2503 860 2690 916 atteri.
2724 859 2996 917 lsraclitas
3023 868 3200 916 autem
3221 860 3313 915 illo
3337 868 3600 930 tempore,

2016 964 2123 1005 non
2151 950 2368 1022 quidem
2397 951 2560 1008 etiam
2589 953 2734 1024 ipsos
2757 967 2946 1008 omnes
2963 994 2980 1020 ,
3007 951 3102 1008 sed
3139 951 3255 1024 pios
3274 993 3289 1017 ,
3324 949 3396 1006 ab
3425 951 3509 1006 his
3535 951 3604 1006 de

2016 1040 2210 1112 quibus
2236 1043 2434 1097 dictum
2459 1052 2544 1099 est
2562 1085 2576 1108 ,
2609 1041 2880 1099 Naturalis
2904 1043 3100 1098 malitia
3121 1057 3329 1109 eorum,
3357 1055 3466 1098 non
3494 1039 3604 1096 dis-

2015 1127 2270 1189 cernebat
2304 1143 2512 1202 natura,
2539 1135 2635 1191 sed
2674 1135 2876 1206 gratia;
2907 1143 3130 1206 propter
3148 1134 3289 1206 quod
3317 1134 3480 1190 etiam
3508 1129 3606 1188 Dei

2019 1227 2113 1282 tllii
2138 1239 2261 1284 sunt
2289 1229 2602 1299 nuncupati.
2627 1227 2930 1286 Videndum
2969 1238 3054 1295 est
3089 1229 3250 1286 etiam
3271 1269 3288 1294 ,
3330 1225 3604 1300 quomodo

2017 1315 2216 1374 dictum
2259 1320 2367 1386 sit,
2417 1317 2601 1393 Diligis
2645 1323 2818 1376 omnia
2859 1335 2976 1394 qua
3014 1329 3172 1376 sunt:
3196 1319 3446 1392 quoniam
3483 1327 3612 1374 sunt

2017 1413 2180 1467 etiam
2208 1411 2404 1484 iniqui;
2433 1423 2488 1469 et
2509 1411 2636 1469 alibi
2667 1413 2922 1485 scriptum
2946 1419 3062 1480 est,
3103 1411 3270 1469 Odisti
3311 1426 3485 1467 omnes
3517 1415 3612 1484 qui

2017 1509 2291 1574 operantur
2312 1503 2626 1576 iniquitatem
2646 1502 2818 1580 (Psal.
2839 1517 2895 1573 ν,
2923 1505 2999 1577 7).
3018 1503 3203 1577 Diiigit
3217 1518 3345 1576 ergo
3362 1512 3416 1561 et
3438 1503 3604 1575 ipsos.

2019 1595 2072 1651 in
2117 1601 2372 1667 quantum
2414 1596 2656 1653 homines
2695 1611 2842 1665 sunt,
2883 1597 2998 1654 odit
3040 1597 3094 1654 in
3135 1605 3390 1670 quantum
3440 1597 3608 1670 iniqui

2019 1692 2178 1754 sunt;
2205 1695 2261 1744 ct
2287 1685 2506 1744 damnat
2538 1701 2636 1746 eos
2674 1689 2798 1762 quia
2843 1689 3012 1762 iniqui
3041 1693 3202 1759 sunt,
3241 1699 3298 1746 et
3339 1690 3464 1746 facit
3487 1705 3612 1747 esse

2020 1778 2141 1849 quia
2179 1777 2425 1836 homines
2459 1790 2622 1837 sunt:
2653 1781 2788 1850 Quia
2817 1782 2978 1850 nihil,
3009 1783 3217 1856 inquit,
3244 1783 3398 1839 odisti
3423 1785 3612 1840 horum

2018 1882 2134 1941 quae
2164 1871 2346 1942 fecisti.
2369 1872 2529 1928 Amat
2556 1887 2688 1944 ergo
2717 1873 2857 1931 Deus
2885 1872 3136 1932 homines
3163 1885 3330 1947 usque
3353 1873 3488 1932 adeo
3503 1885 3528 1943 ,'
3552 1885 3612 1930 ut

2021 1962 2203 2030 etiam,
2233 1975 2354 2020 cum
2383 1963 2548 2037 iniqui
2573 1973 2718 2030 sunt,
2740 1974 2887 2022 amet
2907 1973 2967 2022 ut
2990 1965 3236 2024 homines
3259 1975 3400 2034 sunt,
3424 1981 3611 2038 quam-

2021 2055 2102 2110 vis
2127 2056 2300 2112 oderit
2327 2057 2468 2130 quod
2497 2057 2660 2131 iniqui
2687 2059 2815 2115 sint.
2846 2059 2926 2116 Ac
2963 2073 3060 2131 per
3105 2060 3210 2116 hoc
3255 2055 3426 2131 iniqui
3473 2069 3610 2131 quos

2025 2145 2167 2204 Deus
2193 2146 2342 2214 odit,
2391 2159 2447 2205 et
2483 2158 2610 2206 sunt
2654 2149 2938 2218 homines,
2976 2153 3250 2224 quoniam,
3277 2151 3420 2208 Deus
3454 2163 3610 2208 suum

2021 2245 2166 2294 amat
2189 2237 2489 2311 opiﬁcium;
2512 2251 2566 2298 et
2591 2241 2775 2298 miseri
2805 2252 2961 2312 sunt,
3003 2243 3258 2316 quoniam
3286 2241 3430 2300 Deus
3464 2253 3613 2304 aniat

2015 2329 2295 2402 judicium.

2091 2421 2303 2480 CXXV.
2353 2423 2472 2482 ιυι.
2515 2425 2776 2484 Cernlsne
2819 2440 2980 2500 quam
3021 2428 3212 2486 infesta
3259 2429 3330 2486 sit
3371 2428 3610 2501 opinioni

2022 2525 2214 2572 vestrae
2235 2515 2550 2588 gratillcatio
2581 2515 2674 2576 Dei
2696 2518 3030 2577 laudatoris?
3061 2519 3198 2577 Dicit
3223 2537 3348 2578 cum
3369 2523 3608 2580 condere

2021 2609 2249 2675 animas,
2271 2619 2326 2666 et
2351 2619 2534 2668 amare
2565 2629 2580 2666 :
2603 2613 2746 2684 quod
2769 2628 2801 2669 a
2824 2614 2978 2670 vobis
3017 2619 3270 2685 negatur,
3299 2616 3388 2688 qui
3416 2615 3610 2688 iuratis

2024 2698 2388 2757 innocentium
2414 2702 2622 2759 animas
2649 2715 2770 2761 esse
2795 2705 2895 2762 sub
2918 2703 3154 2775 diabolo,
3179 2717 3234 2763 et
3251 2723 3442 2764 exosus
3463 2707 3611 2772 Deo;

2022 2805 2144 2847 cum
2169 2791 2298 2847 nihil
2323 2789 2552 2850 habeant
2575 2793 2744 2861 aliud,
2773 2811 2931 2868 quam
2977 2798 3118 2870 quod
3145 2798 3216 2855 ab
3245 2809 3463 2856 auctore
3491 2815 3612 2856 sor-

2025 2884 2134 2940 tite
2163 2891 2308 2940 sunt.

2093 2975 2232 3031 Anc.
2257 2975 2398 3046 Ergo
2427 2976 2718 3033 secundum
2764 2981 2817 3035 te
2840 3020 2856 3045 ,
2900 2988 2956 3036 et
2984 2975 3280 3038 fatuitatem
3307 2998 3336 3036 a
3365 2981 3476 3039 Deo
3514 2998 3612 3039 au-

2022 3071 2173 3120 ctore
2222 3061 2519 3120 sortiuntur
2558 3069 2878 3138 quicumque
2925 3065 3056 3123 fatui
3104 3080 3428 3138 nascuntur,
3478 3087 3614 3142 anI

2024 3155 2193 3226 magis
2219 3165 2378 3226 quam
2404 3167 2643 3212 mortuos
2665 3156 2793 3214 dicit
2808 3174 2958 3216 saera
2975 3151 3250 3233 Scriptura
3273 3177 3395 3218 esse
3421 3163 3613 3234 lugen-

2027 3245 2126 3302 dos
2157 3244 2364 3318 (Eucti.
2397 3261 2511 3305 uti
2531 3290 2550 3317 ,
2588 3249 2656 3306 i5
2683 3249 2726 3320 ).
2755 3248 2865 3307 Sed
2897 3251 3123 3308 istorum
3167 3267 3380 3326 quoque
3405 3253 3614 3310 animas

2024 3336 2314 3394 secundum
2331 3339 2614 3410 quemdam
2631 3339 2872 3410 modum,
2891 3340 2942 3396 id
2960 3351 3063 3410 est,
3091 3351 3150 3398 ut
3174 3343 3302 3410 sint,
3327 3353 3376 3398 ut
3411 3345 3609 3408 vivant.

2026 3439 2084 3486 ut
2111 3429 2362 3496 sentiant,
2385 3439 2444 3487 ut
2482 3431 2727 3502 quamvis
2759 3433 2982 3490 obtunsa
3013 3436 3212 3492 mentis
3257 3435 3404 3504 acie,
3434 3447 3610 3495 tamen

2025 3521 2308 3594 pecoribus
2331 3523 2674 3588 antecellunt,
2697 3532 2842 3582 amat
2878 3526 3062 3598 utique
3093 3525 3252 3583 Deus.
3286 3528 3399 3584 Alia
3430 3541 3609 3584 autem

2023 3623 2108 3670 est
2133 3613 2225 3670 illa
2243 3611 2478 3680 dilectio.
2499 3611 2571 3672 de
2593 3629 2693 3687 qua
2721 3619 2976 3688 scriptum
3003 3625 3086 3676 est
3115 3638 3130 3675 :
3161 3619 3425 3676 Nmtinem
3443 3620 3614 3696 diligit

2026 3700 2183 3770 Deus,
2205 3705 2301 3760 nisi
2319 3719 2432 3760 eum
2447 3705 2534 3778 qui
2553 3721 2668 3762 cum
2687 3708 2937 3778 sapientia
2957 3709 3148 3766 habitat
3175 3710 3328 3786 (Sap.
3358 3729 3453 3780 vn,
3474 3714 3546 3771 28
3567 3717 3610 3786 ).

2025 3795 2130 3854 Sed
2157 3809 2254 3852 vos
2272 3795 2482 3864 dicite’,
2507 3796 2655 3854 unde
2675 3800 2795 3870 plus
2815 3810 2953 3856 amet
2977 3800 3116 3859 Deus
3143 3803 3346 3860 animas
3371 3807 3618 3876 pannulo-

2027 3903 2167 3954 rum,
2193 3887 2386 3960 quibus
2413 3890 2657 3960 providet
2681 3891 2948 3948 lavacrum
2979 3897 3419 3966 regenerationis,
3446 3901 3504 3954 ut
3519 3915 3616 3955 eos

2025 3979 2203 4034 mittat
2220 3979 2275 4036 in
2299 3990 2552 4052 regnum;
2581 3974 2636 4037 et
2665 3983 2805 4038 unde
2819 3983 2937 4038 aliis
2965 3996 3069 4040 non
3089 3991 3304 4054 prius-tet
3331 3987 3432 4044 hoc
3456 3987 3622 4046 bene-

2027 4069 2210 4128 ﬁcium
2235 4089 2251 4126 :
2281 4085 2406 4130 cum
2424 4087 2518 4129 eos
2539 4086 2644 4130 non
2684 4075 2996 4142 discernunt
3023 4077 3126 4134 ulla
3153 4079 3342 4135 merita
3369 4081 3615 4138 volunta-

2029 4173 2161 4228 tum,
2191 4175 2292 4221 nec
2315 4165 2386 4222 sit
2410 4163 2555 4238 apud
2579 4165 2768 4236 Detnn,
2785 4181 2944 4238 quam
2973 4171 3126 4226 nobis
3139 4171 3494 4228 inslilsissime
3518 4189 3612 4228 so-

2028 4257 2154 4314 letis
2185 4253 2440 4329 objicere,
2469 4258 2711 4330 acceptio
2749 4269 3119 4330 personarum.
3169 4260 3480 4336 Quanquam
3521 4265 3618 4322 ubi

2027 4349 2358 4418 dictum'est,
2406 4348 2563 4404 Amas
2617 4345 2844 4416 ominus,
2877 4363 2978 4409 nec
3013 4351 3213 4409 dictum
3263 4365 3384 4423 est,
3413 4337 3623 4423 Onitae;

2027 4443 2236 4498 animas
2261 4483 2278 4510 ,
2307 4440 2448 4498 nulla
2475 4443 2546 4498 sit
2569 4431 2812 4516 quaestio.
2849 4441 3104 4504 Fortasse
3139 4449 3334 4520 quippe
3357 4422 3436 4506 sic
3463 4422 3628 4532 νοεῖ-ἶ

2031 4543 2140 4589 tum
2162 4543 2284 4602 est,
2313 4543 2370 4591 ut
2393 4543 2582 4592 omnes
2619 4536 2760 4592 Deus
2789 4537 2996 4594 animas
3021 4539 3248 4606 condat;
3281 4555 3382 4597 nec
3423 4540 3628 4598 omnes

2029 4629 2208 4680 ulmea
2234 4621 2438 4697 diligat,
2471 4621 2564 4682 sed
2587 4637 2720 4698 quas
2741 4642 2772 4682 a
2803 4627 3019 4683 caeteris
3041 4645 3144 4684 non
3177 4629 3381 4686 meritis
3400 4646 3609 4696 earum,

2029 4716 2121 4770 sed
2167 4727 2280 4771 sua!
2303 4715 2488 4786 gratias
2514 4715 2760 4788 largitate
2793 4717 3067 4784 discernit,
3104 4727 3162 4774 ut
3205 4719 3449 4775 habitent
3487 4736 3610 4776 cum

2029 4805 2324 4876 sapientia:
2359 4805 2482 4877 quia
2503 4805 2752 4862 uitulinam
2769 4806 2936 4878 diligit
2949 4803 3112 4874 Deut,
3137 4807 3236 4863 nisi
3257 4825 3374 4864 eum
3392 4812 3486 4880 qui
3495 4829 3612 4866 cum

2027 4891 2272 4967 sapientia
2327 4895 2524 4950 habitat
2573 4911 2600 4950 :~
2644 4888 2894 4952 Dominus
2945 4907 3114 4952 autem
3171 4899 3262 4953 dat
3311 4897 3614 4972 sapientiam

2033 4989 2318 5064 (Premit,
2349 4986 2442 5058 6).
2567 5001 2586 5012 "
2769 4987 2778 4996 ’

2098 5079 2334 5139 CXXVI.
2382 5080 2502 5138 ιυι..
2548 5081 2919 5138 Ptn‘nit‘entiam
2967 5093 3218 5155 qucque,
3253 5101 3412 5158 quam
3443 5071 3612 5144 Deum

2029 5175 2262 5232 afﬁrma
2293 5174 2444 5240 dare,
2493 5184 2724 5230 vestrum
2770 5174 2961 5245 dogma
3005 5187 3108 5230 non
3139 5176 3346 5250 recipit,
3405 5179 3457 5235 in
3509 5195 3618 5253 quo

2032 5267 2233 5324 malum
2279 5265 2522 5322 naturale
2566 5273 2620 5322 ct
2684 5267 2914 5336 nequitia
2963 5267 3157 5324 molari
3213 5271 3415 5326 nesciat
3443 5275 3618 5328 conti-

2034 5371 2210 5418 nctur.

2106 5455 2242 5512 Anc.
2274 5449 2386 5508 lmo
2405 5461 2504 5509 nos
2524 5451 2700 5522 [tutius
2729 5461 2914 5508 contra
2952 5463 3048 5510 vos
3075 5449 3300 5512 dicimus
3317 5497 3334 5526 ,
3355 5467 3410 5512 et
3449 5440 3618 5528 ipsam

2037 5543 2404 5617 manentium
2431 5537 2600 5598 Deum
2619 5542 2751 5600 dare
2776 5559 2790 5598 :
2816 5546 2939 5616 quia
2957 5546 3079 5602 licet
3105 5543 3374 5604 voluntate
3394 5547 3624 5620 quisque

2035 5645 2158 5709 agat
2199 5634 2599 5708 penitentiam;
2638 5645 2966 5706 prteparatur
3001 5637 3161 5693 etiam
3189 5637 3432 5693 voluntas
3459 5651 3488 5690 a
3515 5637 3623 5706 Do-
3672 5687 3673 5690 η

2039 5729 2184 5784 mino
2221 5723 2350 5797 (Id.
2395 5739 2520 5788 vni,
2567 5741 2668 5780 sec.
2719 5720 2927 5797 LXX),
2969 5712 3016 5782 et
3057 5726 3166 5783 licet:
3212 5737 3285 5782 est
3335 5721 3618 5781 inmutatio

2038 5819 2257 5871 dextera
2283 5813 2508 5880 Emeisi,
2544 5829 2704 5886 quam
2739 5831 2890 5873 sacer
2923 5817 3134 5873 insonat
3159 5815 3404 5872 Psallam
3427 5811 3618 5886 (Ρωι.

2107 5955 2124 5985 ι
2159 5951 2232 6002 sic
2251 5957 2358 6001 uss.
2383 5956 2434 6001 tu
2453 5913 2617 6014 γῆσέκ,
2641 5949 2818 6002 dicitis.
