4124 6504
547 419 568 472 1
582 419 685 475 623

550 549 710 587 um
729 577 745 600 ,
773 533 826 586 ιι
853 534 901 602 );
933 531 1054 602 quia
1083 539 1140 586 ut
1183 529 1335 586 ﬁeret
1363 531 1550 586 Petrus
1575 573 1588 593 ,
1611 546 1732 584 eum
1763 531 1996 598 respexit
2024 531 2134 584 Do.

549 628 724 682 minus
754 631 772 699 (
797 627 920 682 Luc.
969 643 1107 696 xxu,
1138 627 1197 681 6|
1226 669 1240 692 ,
1273 627 1382 696 62)
1413 645 1425 680 :
1456 628 1596 682 unde
1621 629 1696 681 ait
1725 626 1793 682 de
1819 627 2136 697 quibusdam

547 721 888 792 cnapostolus
915 721 1051 790 ejus,
1100 720 1184 776 Ne
1207 725 1336 794 forte
1372 723 1455 776 det
1493 723 1594 777 illis
1622 721 1755 776 Deus
1795 722 2139 792 paenitentiam

551 818 568 884 (
595 815 637 870 II
662 814 797 868 Tim.
836 830 890 875 ιι,
910 814 980 868 9.3
1003 817 1042 885 ).
1077 813 1142 868 Et
1166 815 1304 884 quod
1329 816 1674 870 innnutabilis
1695 816 1892 870 malitia
1919 816 2134 883 dicitur,

539 904 750 959 homini
780 913 863 960 est
893 905 1254 970 immutabilis,
1278 909 1365 976 qui
1393 921 1512 962 eam
1554 914 1761 962 mutare
1793 923 1898 960 non
1927 915 2133 978 potest;

543 1013 653 1053 non
687 996 815 1058 Deo,
845 997 932 1067 qui
952 997 1126 1050 omnia
1157 1006 1350 1066 potest.

618 1087 879 1144 CXXVII.
903 1087 1024 1144 Jun.
1052 1087 1202 1152 Quod
1223 1098 1399 1143 autem
1422 1086 1819 1143 commendavit
1842 1087 2135 1144 admonere

550 1183 738 1244 Deum,
772 1191 827 1235 ut
860 1181 1041 1236 relicta
1071 1181 1268 1236 malitia
1306 1190 1613 1250 peccatores
1641 1180 1864 1235 credant
1904 1181 1955 1235 in
1987 1196 2133 1246 eum,

509 1310 522 1319 μ
547 1274 740 1328 evertit
783 1274 1000 1328 omnino
1034 1272 1339 1343 Opinionem
1381 1272 1637 1326 naturalis
1664 1272 1786 1326 mali
1819 1289 1834 1327 :
1864 1273 1985 1343 quia
2015 1287 2136 1327 cer-

547 1374 655 1420 tnm
682 1373 765 1420 est
785 1364 1012 1436 relinqui
1035 1381 1142 1422 non
1173 1380 1326 1435 posse
1351 1365 1654 1432 congenita.

618 1458 750 1512 AUC.
782 1457 1010 1511 Possunt
1031 1457 1192 1512 etiam
1212 1456 1487 1526 congenita
1519 1455 1745 1526 relinqui
1769 1473 1782 1520 ;
1811 1455 1903 1511 sed
1922 1455 2135 1527 quando

547 1548 596 1605 id
627 1559 878 1620 operatur
924 1548 976 1602 in
1024 1547 1238 1604 homine
1272 1549 1661 1620 Omnipotens:
1687 1564 1808 1602 nam
1850 1557 1905 1604 et
1942 1563 2133 1603 corru-

547 1641 654 1710 ptio
674 1640 952 1711 congenita
981 1649 1063 1696 est
1085 1642 1319 1712 corpori.
1342 1641 1482 1712 quod
1526 1650 1706 1696 tamen
1743 1641 1841 1696 erit
1885 1642 2133 1696 incorru-

543 1736 742 1805 ptibile.
2055 1719 2066 1728 ’

609 1824 889 1881 CXXVIII.
917 1825 1037 1883 «ιυι.
1064 1826 1198 1881 Hine
1225 1826 1485 1897 explicata
1514 1825 1767 1896 patientia
1798 1827 1910 1892 Dei,
1933 1835 1990 1882 et
2017 1826 2130 1882 dis-

542 1919 852 1987 pensatione
893 1918 1173 1974 mitiSsima
1196 1959 1210 1982 ,
1241 1934 1343 1989 qua
1371 1933 1474 1972 non
1499 1918 1613 1972 vult
1642 1927 1867 1972 mortem
1894 1919 2129 1974 morien-

541 2013 628 2078 tis,
659 2011 757 2067 nisi
797 2021 853 2066 ut
883 2021 1184 2067 revertatur
1211 2021 1264 2066 et
1291 2012 1452 2076 vivat,
1483 2011 1781 2082 approbare
1811 2010 1952 2082 quod
1981 2011 2131 2068 dixe-

540 2113 621 2158 rat
648 2105 808 2159 ctiam
839 2119 934 2174 per
954 2104 1196 2172 exempla
1241 2103 1516 2173 persistit,
1545 2103 1774 2174 facitque
1805 2104 2128 2159 utentioucm

538 2211 743 2257 eorum,
774 2195 862 2267 qui
893 2194 947 2249 in
976 2203 1116 2250 terra
1137 2195 1440 2250 Chananzea
1467 2195 1710 2250 viventes
1741 2196 1971 2264 pessime
1994 2195 2126 2249 iram

550 2287 948 2357 Omnipotentis
1000 2287 1374 2352 accenderant,
1411 2297 1468 2342 ut
1505 2287 1904 2359 impenderetur
1928 2288 2130 2344 ultione

538 2379 830 2448 justissima
858 2377 1213 2435 Israelitarnm
1242 2378 1526 2450 triumphis
1559 2382 1575 2412 ι
1595 2421 1611 2446 ,
1633 2379 1734 2435 sub
1757 2379 1851 2434 Dei
1876 2380 1987 2449 jam
2013 2382 2129 2450 lege

545 2471 853 2526 viventium.
896 2469 1023 2525 Illos
1049 2471 1181 2526 enim
1217 2471 1452 2542 antiquos
1473 2470 1776 2525 habitatores
1801 2482 1993 2526 sancta:
2031 2481 2133 2526 tua:

544 2573 689 2616 terra
711 2561 907 2626 adiens,
939 2561 1178 2629 quoniam
1208 2563 1414 2616 odibilia
1443 2579 1596 2632 opera
1622 2562 1709 2617 tibi
1729 2563 2014 2634 faciebant,
2040 2582 2131 2635 per

546 2653 881 2706 medicamina
925 2662 972 2707 et
1009 2654 1265 2722 sacriﬁcia
1289 2654 1480 2725 injusta
1504 2696 1517 2720 ,
1545 2664 1594 2708 et
1617 2667 1872 2710 necatores
1908 2656 2131 2724 ﬁliorum

545 2745 653 2798 sine
675 2745 1038 2811 misericordia,
1071 2745 1272 2800 voluisti
1301 2747 1510 2814 perdere
1537 2763 1626 2815 per
1649 2763 1832 2800 manus
1862 2758 2126 2816 parentum

547 2847 855 2899 nostrorum,
887 2846 942 2890 ut
975 2835 1184 2908 dignam
1211 2837 1491 2908 percipiant
1517 2838 1972 2908 peregrinationem
2003 2855 2130 2908 pne-

546 2947 717 2984 rorum
747 2928 855 2993 Dei,
884 2945 998 3002 qua:
1017 2929 1106 2985 tibi
1132 2932 1357 2984 omnium
1376 2929 1580 2985 citarier
1599 2939 1674 2985 est
1699 2940 1834 2986 terra
1855 2931 2010 3004 (Sap.
2035 2948 2127 2999 xtl,

544 3022 702 3091 5-7).
727 3020 944 3091 Septem
967 3033 1187 3093 gentes,
1217 3022 1414 3093 quibus
1441 3038 1506 3078 ex
1545 3023 1776 3079 maxima
1804 3035 1954 3100 parte
1981 3024 2132 3082 dule-

545 3114 632 3177 tis,
679 3111 929 3166 Israelitis
979 3123 1117 3168 terra
1151 3113 1582 3184 repromissionis
1608 3115 1728 3168 data
1763 3124 1880 3180 est,
1913 3125 2132 3186 propter

541 3203 665 3274 quid
696 3203 834 3258 Deus
861 3203 1087 3258 voluerit
1112 3206 1307 3276 perire,
1333 3213 1580 3264 testatur.
1624 3207 1703 3265 Ne
1726 3211 1747 3240 ¹
1772 3208 1915 3264 enim
1948 3209 1999 3263 in
2029 3225 2130 3264 una

546 3294 822 3349 hominum
864 3303 1050 3349 natura
1077 3311 1175 3366 per
1222 3297 1452 3368 aliquam
1483 3313 1832 3369 personarum
1859 3300 2129 3370 acceptio-

543 3403 663 3442 nem
715 3384 856 3454 apud
902 3386 1064 3441 Deum
1119 3387 1390 3443 videretur
1436 3405 1556 3445 esse
1597 3390 1880 3456 discretio;
1915 3400 2132 3461 proliter

540 3480 667 3552 quid
693 3481 979 3536 Chananzei
1007 3481 1301 3537 meruerint
1327 3482 1552 3538 interlici
1570 3523 1586 3550 ,
1609 3483 1966 3539 commendat.
1998 3481 2132 3540 Illos

540 3591 670 3646 ergo
719 3578 954 3645 antiquos
1004 3575 1307 3630 habitatores
1356 3585 1548 3631 sancta:
1591 3585 1692 3631 tua:
1715 3586 1882 3644 terrai,
1938 3577 2129 3647 inquit,

540 3671 658 3723 odio
688 3669 922 3723 habuisti.
945 3667 1341 3738 Quamobrem?
1367 3667 1524 3723 Certe
1553 3668 1844 3724 secundum
1875 3677 1927 3726 te
1947 3669 2134 3726 debuit

541 3757 795 3823 subdere,
832 3759 953 3828 quia
980 3758 1048 3814 de
1083 3758 1344 3814 diabolica
1371 3769 1526 3815 erant
1556 3760 1937 3816 commixtione
1969 3776 2132 3831 gene-

541 3851 684 3916 rati,
741 3850 862 3920 quia
914 3865 944 3904 a
999 3851 1336 3906 tenebrarum
1400 3853 1638 3922 principe
1691 3853 2129 3923 possidehantur,

540 3943 664 4012 quia
689 3941 975 3997 tabiﬁcavit
1002 3941 1170 3997 Adam
1213 3957 1403 3997 omnes
1421 3943 1490 4001 de
1519 3957 1613 3997 sua
1659 3945 1828 4014 stirpe
1855 3954 2128 4000 venturos.

547 4034 742 4088 Verum
761 4033 890 4087 nihil
909 4033 1098 4088 horum
1116 4051 1129 4087 :
1147 4033 1239 4090 sed
1261 4049 1420 4103 quam
1437 4036 2135 4096 eausamredditodiorumi

547 4125 666 4186 Sola
697 4141 856 4197 Opera
881 4128 1164 4182 commissa
1193 4142 1287 4196 per
1303 4126 1632 4204 voluntatem
1648 4128 1889 4184 liberam.
1907 4129 2127 4197 Oderax,

544 4217 732 4290 inquit,
759 4234 862 4284 eos,
891 4218 1129 4288 quoniam
1159 4234 1310 4273 exosa
1339 4220 1426 4274 tibi
1459 4235 1617 4291 Opera
1635 4221 1906 4291 faciebant.
1937 4223 2129 4280 Verum

542 4325 610 4365 ne
660 4309 1013 4372 nesciremus,
1051 4323 1171 4379 qua:
1211 4318 1393 4364 essent
1437 4323 1599 4380 opera
1622 4353 1637 4376 ,
1670 4322 1831 4384 tuque
1860 4315 1974 4370 haec
2002 4332 2130 4388 gen-

543 4403 674 4456 tium
702 4401 835 4456 facta
860 4401 1344 4470 concupiscentiam
1385 4404 1671 4474 genitalem
1699 4422 1951 4477 vocares,
1989 4411 2132 4482 ipsas

540 4494 750 4565 species
797 4493 1124 4563 operationis
1159 4495 1490 4566 exsequitur.
1521 4495 1621 4551 Per
1653 4499 2018 4570 medicamina,
2052 4503 2133 4559 in-

539 4587 673 4657 quit,
716 4594 761 4639 et
799 4584 1055 4655 sacriﬁcia
1095 4585 1302 4656 injusta,
1346 4596 1392 4641 et
1433 4598 1689 4645 necatores
1735 4602 1878 4647 erant
1903 4594 2130 4664 ﬁliorum

536 4678 645 4732 sine
657 4678 1001 4733 misericordia
1021 4692 1044 4742 ;
1063 4676 1114 4731 id
1135 4687 1234 4745 est,
1259 4678 1534 4752 maleﬁciis
1561 4690 1615 4737 et
1634 4681 1907 4740 sacriﬁciis
1927 4686 2129 4742 servie-

540 4770 688 4832 bant,
731 4785 850 4840 qua:
893 4769 1093 4839 injusta
1134 4779 1287 4826 erant
1313 4813 1329 4838 ,
1378 4786 1499 4826 cum
1541 4772 1699 4828 idolis
1743 4773 2123 4844 offerebantur,

540 4862 680 4916 cultu
733 4862 1001 4917 Creatoris
1046 4861 1253 4932 ahjecto
1291 4881 1306 4917 :
1349 4864 1542 4934 quibus
1580 4866 1873 4939 sacrilegiis
1918 4869 1938 4900 ³
1986 4870 2128 4940 ipsas

541 4952 962 5008 necessitudines
987 4951 1340 5023 deputabant;
1364 4955 1640 5011 daemonas
1683 4957 1936 5014 videlicet
1964 4961 2124 5015 etiam

542 5045 941 5114 parricidiorum
1009 5047 1350 5103 immanitate
1404 5048 1695 5117 placantes.
1762 5050 1892 5105 Vide
1949 5052 2128 5123 itaque

537 5154 694 5208 quam
717 5155 821 5193 non
848 5140 915 5194 de
936 5155 1002 5194 eo
1029 5139 1275 5212 loquatur
1293 5141 1538 5208 crimine,
1566 5141 1708 5209 quod
1737 5146 1991 5216 contingit
2011 5146 2124 5201 Ma-

536 5231 795 5294 niebazus,
854 5229 904 5283 id
957 5240 1058 5293 est,
1117 5233 1324 5286 cunctis
1372 5246 1471 5301 per
1525 5241 1767 5287 naturam
1817 5235 2126 5295 adltmt‘eute

538 5321 893 5386 mortalibus,
951 5321 1040 5391 qui
1095 5320 1218 5376 hinc
1266 5322 1388 5377 illos
1445 5323 1775 5392 potissimum
1835 5325 2124 5385 offendisse

536 5417 945 5472 commemorat,
973 5409 1114 5479 quod
1147 5426 1247 5465 nec
1276 5427 1304 5464 ιι
1330 5413 1670 5480 parvulorum
1697 5427 1912 5470 suorum
1944 5419 2122 5474 exitiis

539 5499 925 5569 temperabant.
953 5498 1188 5569 Quorum
1215 5512 1361 5558 certe
1389 5519 1536 5560 mors
1579 5521 1683 5562 non
1714 5521 2017 5566 recurreret
2052 5511 2120 5569 ad

601 5693 618 5762 ξ
652 5697 725 5762 ste
748 5694 992 5762 δμωαί
1019 5709 1152 5755 vero,
1180 5695 1466 5762 tn'nmplms.

596 5754 928 5840 :gign‘ierius
940 5771 1076 5840 ιλιες.
1102 5767 1157 5811 At
1177 5754 1341 5840 ουιριξκί
1360 5769 1502 5825 Pt~rt.,
1524 5777 1598 5813 ne.

640 5821 720 5864 Sic
739 5827 845 5869 ius.
871 5825 923 5870 tu
947 5821 1100 5886 nm...
1124 5821 1384 5885 sacri/icit.-

1257 418 1502 475 OI‘ERIS
1541 417 1950 472 IMPERFI‘ZCTI
1991 415 2125 472 (ἰοΝ

2241 420 2264 469 ι
2301 419 2666 488 JULIANUM,
2707 421 2765 478 S.
2809 424 3174 482 AUGUSTINI

3693 436 3714 494 i
3733 440 3818 496 t'u

2253 532 2610 588 interfectoris
2640 539 2652 567 ⁸
2704 537 2952 592 invidiam
2973 581 2988 604 ,
3020 541 3064 594 si
3094 549 3310 612 propter
3356 558 3517 600 unum
3558 563 3818 617 peccatum

2250 633 2304 677 et
2331 625 2590 692 parricida
2624 625 2733 682 Deo
2759 627 3088 698 displiceret,
3121 639 3175 686 et
3206 632 3370 689 ﬁlius.

2323 717 2454 772 Auc.
2479 715 2566 772 Sic
2593 717 2691 773 ista
2720 719 2975 790 loqueris,
3002 723 3152 792 quasi
3183 733 3402 796 prepter
3426 743 3586 783 unum
3613 731 3815 803 aliquod

2250 808 2451 874 peccati
2479 823 2644 878 genus
2675 825 2864 866 omnes
2891 811 3137 868 homines
3165 817 3450 885 puniantur
3474 860 3488 884 ,
3513 830 3605 876 aut
3630 839 3726 880 nos
3749 825 3815 879 di-

2247 911 2433 951 camus
2483 909 2702 968 promer
2749 901 2921 956 solum
2966 904 3224 975 originale
3261 919 3535 977 peccatum
3578 928 3696 970 esse
3734 916 3817 972 ira:

2249 986 2386 1040 ﬁlios
2427 1003 2542 1054 eos,
2575 991 2662 1058 qui
2709 992 2812 1060 jam
2854 994 3085 1063 grandes
3125 1006 3313 1054 aztates
3356 1012 3537 1071 agunt.
3589 1005 3814 1074 Quisquis

2246 1095 2346 1132 non
2367 1082 2525 1136 credit
2551 1083 2604 1136 in
2635 1082 2848 1150 Filium,
2881 1086 3020 1141 sicut
3041 1088 3116 1142 ait
3144 1089 3256 1159 ipse
3276 1091 3443 1148 Filius
3467 1136 3481 1155 .
3508 1113 3608 1150 non
3633 1098 3817 1155 habebit

2245 1172 2417 1236 vitam,
2447 1174 2536 1228 sed
2572 1175 2650 1230 ira
2677 1174 2771 1230 Dei
2802 1189 2968 1232 manet
3004 1195 3157 1250 super
3185 1198 3296 1236 eum
3319 1183 3508 1254 (Joan.
3541 1203 3594 1243 ιιι
3614 1231 3630 1255 ,
3669 1189 3769 1260 56)
3801 1210 3811 1244 '.

2245 1262 2338 1318 sed
2364 1276 2484 1318 sunt
2512 1265 2630 1322 aliis
2670 1266 2758 1321 alii
2792 1269 3024 1339 pejores,
3057 1287 3218 1342 super
3257 1289 3391 1346 quos
3427 1277 3519 1334 Dei
3547 1280 3723 1352 utique
3746 1283 3813 1339 ira

2244 1354 2417 1424 major
2447 1367 2656 1422 manet;
2691 1375 2788 1414 nec
2817 1369 2992 1418 tamen
3013 1376 3202 1420 omnes
3224 1365 3301 1421 sic
3324 1379 3637 1426 evertuntur
3662 1385 3812 1444 atque

2241 1443 2507 1513 delentur,
2554 1459 2612 1504 ut
2655 1451 2739 1506 isti
2782 1451 2850 1508 de
2872 1452 3064 1524 quibus
3091 1455 3297 1526 agitur,
3323 1459 3412 1530 qui
3442 1470 3635 1516 terram
3658 1505 3675 1531 ,
3705 1443 3813 1536 qua:

2246 1537 2500 1594 lsraclitis
2524 1540 2645 1595 data
2685 1552 2804 1606 est,
2839 1545 3201 1614 possidebant.
3241 1549 3377 1617 Quid
3407 1561 3492 1607 est
3517 1569 3643 1625 ergo
3681 1558 3811 1626 quod

2241 1628 2398 1696 dicis,
2437 1649 2455 1683 ι
2492 1632 2624 1687 Vide
2653 1634 2832 1704 itaque
2875 1652 3034 1707 quam
3077 1653 3182 1694 non
3231 1639 3300 1696 de
3326 1656 3393 1696 eo
3431 1643 3674 1714 loquatur
3712 1649 3811 1702 cri-

2243 1721 2407 1788 mine,
2437 1723 2579 1792 quod
2631 1724 2885 1797 conﬁngit
2911 1726 3273 1785 Manichteus’
3302 1749 3321 1784 ι
3363 1732 3450 1788 ubi
3477 1735 3557 1790 vis
3604 1737 3810 1807 intelligi

2241 1814 2501 1886 originale
2540 1827 2852 1888 peceatum;
2880 1820 3020 1891 quod
3065 1837 3170 1877 non
3199 1823 3453 1895 conﬁngit
3483 1826 3808 1895 Manicha-us,

2239 1907 2354 1975 sed,
2388 1916 2445 1984 ut
2467 1911 2646 1964 caateri
2672 1910 2956 1976 Catholici,
2985 1920 3040 1966 et
3067 1922 3252 1969 contra
3282 1930 3398 1982 vos,
3423 1927 3478 1974 et
3501 1932 3680 1974 contra
3711 1921 3811 1974 Ma-

2239 1998 2503 2055 nichaeum
2529 2001 2813 2056 conﬁtetur
2857 2003 3173 2059 Ambrosius
3201 2022 3214 2058 :
3241 2006 3362 2075 quia
3391 2023 3498 2062 non
3523 2018 3604 2064 est
3628 2008 3808 2065 aliena:

2238 2099 2441 2146 natura;
2486 2092 2816 2156 commixtio,
2864 2109 3024 2165 quam
3077 2095 3401 2152 Manichazus
3439 2099 3672 2166 inducit;
3723 2102 3811 2157 sed

2239 2189 2436 2236 nostra:
2464 2181 2775 2253 depravatio
2801 2183 2870 2238 de
2900 2194 3120 2254 peccato
3145 2227 3160 2249 ,
3191 2187 3334 2257 quod
3363 2187 3414 2242 in
3445 2189 3696 2245 mundum
3724 2207 3812 2262 per

2237 2290 2398 2329 unum
2422 2275 2693 2333 hominem
2722 2277 2974 2346 intravit,
3001 2287 3057 2334 et
3095 2295 3188 2348 per
3211 2295 3398 2336 omnes
3437 2281 3677 2340 homines
3699 2299 3812 2356 per-

2238 2367 2466 2430 transiit,
2496 2368 2637 2439 quod
2666 2377 2850 2424 contra
2901 2369 3058 2424 ﬁdem
3088 2371 3403 2427 catholicam
3454 2389 3548 2428 vos
3589 2376 3807 2443 negatis.

2239 2459 2417 2530 Usque
2443 2459 2648 2515 adeone
2675 2476 2850 2517 οωοιιε
2876 2477 2956 2528 es,
2987 2471 3044 2516 ut
3069 2478 3176 2518 non
3220 2463 3402 2519 videas
3421 2506 3435 2529 ,
3468 2467 3586 2536 quia
3618 2467 3662 2521 si
3693 2482 3810 2538 pro-

2239 2562 2419 2620 pterea
2452 2561 2731 2622 peccatum
2764 2553 3022 2625 originale
3050 2569 3155 2609 non
3184 2564 3286 2622 est,
3323 2557 3443 2625 quia
3481 2557 3566 2612 hic
3591 2573 3813 2614 comme-

2238 2652 2499 2698 moratum
2518 2658 2626 2698 non
2653 2653 2755 2708 est,
2780 2660 2878 2700 uec
2899 2645 2998 2699 alia
3028 2655 3242 2715 peccata
3267 2657 3482 2717 peccata
3505 2657 3676 2714 erunt,
3701 2666 3814 2720 qua:

2239 2734 2323 2790 hic
2363 2745 2780 2792 commemorata
2823 2752 2930 2791 non
2969 2746 3114 2803 sunt,
3157 2738 3270 2794 sive
3314 2739 3429 2794 istis
3457 2740 3677 2806 minora,
3707 2741 3813 2797 sive

2237 2826 2475 2896 majora?
2515 2826 2780 2898 Numquid
2809 2827 2929 2884 ideo
2976 2827 3269 2885 Sodomitze
3314 2829 3477 2886 deleti
3515 2848 3616 2887 non
3670 2843 3813 2896 sunt,

2235 2919 2359 2990 quia
2387 2935 2496 2976 non
2515 2920 2583 2975 de
2604 2920 2708 2975 illis
2737 2921 2936 2974 dictum
2965 2929 3047 2976 est
3072 2909 3231 2992 quod
3267 2922 3523 2979 maleﬁcia
3552 2931 3607 2978 et
3650 2925 3812 2995 parri-

2236 3010 2425 3065 cidalia
2480 3010 2740 3066 sacriﬁcia
2768 3011 3067 3067 faciebant?
3107 3020 3202 3066 aut
3237 3011 3355 3067 ideo
3407 3013 3489 3068 isti
3541 3014 3812 3069 Chanamri

2235 3101 2404 3159 deleti
2429 3118 2533 3158 non
2562 3112 2705 3169 sunt,
2737 3103 2858 3172 quia
2889 3118 2993 3157 non
3023 3101 3090 3159 de
3112 3103 3214 3158 illis
3237 3103 3434 3160 dictum
3454 3119 3536 3161 εει
3555 3105 3690 3176 quod
3704 3121 3812 3162 ma-

2236 3196 2371 3253 sculi
2406 3197 2458 3252 in
2486 3196 2756 3252 masculos
2777 3195 3155 3267 turpitudinem
3181 3197 3565 3268 operabantur?
3605 3198 3814 3254 Vernat-

2240 3299 2417 3345 tamen
2461 3289 2678 3344 tacitum
2729 3302 2835 3344 non
2876 3297 2978 3355 est,
3030 3287 3172 3358 quod
3228 3297 3343 3345 erat
3393 3304 3575 3344 eorum
3622 3291 3815 3346 malitia

2238 3373 2530 3439 naturalis;
2582 3387 2704 3443 quae
2741 3372 2955 3444 quidem
3001 3373 3236 3428 omnium
3286 3373 3591 3438 hominum.
3627 3375 3719 3432 sed
3764 3377 3812 3430 iu

2237 3466 2356 3521 aliis
2377 3466 2572 3532 minor,
2601 3465 2655 3520 in
2709 3464 2831 3520 aliis
2859 3465 3032 3536 major
3075 3475 3158 3521 est
3183 3484 3197 3521 :
3228 3465 3366 3522 sicut
3391 3482 3611 3539 corpora
3638 3485 3816 3526 eorru-

2239 3557 2444 3628 ptihilia
2486 3566 2611 3613 sunt
2646 3557 2885 3612 omnium
2907 3599 2922 3625 ,
2951 3555 3045 3613 sed
3075 3557 3205 3614 alias
3237 3559 3442 3616 animas
3467 3562 3658 3628 minus,
3684 3564 3812 3618 alias

2237 3651 2358 3721 plus
2379 3659 2637 3720 gravant,
2685 3665 2783 3720 pro
2826 3650 3134 3706 diversitate
3153 3651 3474 3721 judiciorum
3506 3655 3619 3717 Dei.
3646 3657 3815 3712 occul-

2240 3754 2414 3800 torum
2443 3744 2657 3815 quidem
2683 3786 2698 3812 ,
2732 3743 2824 3800 sed
2870 3744 2986 3799 sine
3024 3745 3128 3798 ulla
3167 3744 3497 3803 dubitatione
3535 3748 3813 3819 iustorum.

2240 3835 2376 3904 Quid
2403 3852 2529 3906 ergo
2555 3835 2773 3901 mirum,
2814 3835 2857 3890 si
2887 3851 3008 3890 cum
3040 3850 3199 3891 causa
3228 3848 3601 3908 exponeretur,
3641 3855 3735 3896 cur
3763 3841 3811 3896 in

2239 3941 2334 3982 eos
2361 3927 2480 3980 talis
2522 3925 2754 3980 vindicta
2796 3927 3138 3998 processerit,
3173 3943 3276 3982 non
3298 3928 3590 3985 voluntaria
3617 3940 3812 3986 tantum

2238 4030 2423 4072 eorum
2453 4016 2649 4070 malitia
2680 4025 3097 4071 commemorata
3134 4026 3236 4080 est,
3264 4033 3446 4074 verum
3481 4020 3635 4074 etiam
3664 4030 3814 4074 natu~

2238 4109 2386 4176 ralis,
2441 4107 2526 4162 cui
2571 4115 2769 4178 prmter
2812 4107 3026 4175 generis
3051 4106 3267 4162 humani
3313 4125 3590 4165 commune
3630 4121 3812 4167 conta-

2236 4202 2418 4272 gium.
2462 4209 2764 4255 accesserat
2811 4199 3011 4270 aliquid
3070 4202 3297 4271 amplius
3342 4218 3406 4258 ex
3452 4203 3813 4260 maledictione

2238 4292 2546 4364 prophetica
2577 4291 2825 4362 (sanctus
2870 4293 3011 4347 enim
3049 4291 3164 4348 Noe
3216 4309 3368 4352 suum
3412 4308 3654 4366 nepotem
3679 4297 3813 4352 Cha-

2237 4401 2378 4442 naan
2416 4387 2809 4457 progenitorem
2849 4387 3122 4443 inab-dixit
3145 4387 3377 4460 illorum)
3413 4389 3561 4459 (Gen.
3583 4406 3657 4457 ix,
3681 4390 3810 4461 25);

2238 4494 2345 4536 non
2389 4481 2571 4550 utique
2599 4479 2815 4549 injuste,
2846 4481 2932 4534 cui
2965 4489 3139 4535 tamen
3163 4483 3184 4512 '
3213 4493 3355 4537 esset
3391 4483 3648 4547 obnoxia,
3678 4483 3814 4539 obli-

2236 4571 2448 4644 gatione
2468 4571 2842 4652 supcessionis,
2873 4572 2930 4627 in
2959 4573 3144 4642 prole?
3169 4572 3322 4642 Quod
3345 4583 3564 4646 apparet
3585 4574 3809 4630 etiamin

2235 4662 2472 4733 parvulis
2497 4676 2684 4718 eorum
2709 4703 2725 4728 ,
2754 4660 2844 4732 qui
2875 4677 2995 4717 cmn
3030 4662 3142 4717 suis
3170 4664 3495 4732 parentibus,
3527 4673 3578 4720 et
3605 4663 3703 4719 hoc
3727 4665 3812 4735 jn-

2236 4753 2402 4808 bente
2432 4753 2559 4817 Deo,
2604 4750 2722 4807 sine
2747 4751 2908 4806 ullius
2934 4751 3105 4806 aetatis
3143 4753 3456 4822 exceptione
3494 4753 3652 4810 deleti
3691 4763 3814 4808 sunt

2236 4841 2424 4912 (Deut.
2456 4858 2517 4910 tt,
2545 4841 2654 4912 54)
2690 4860 2704 4897 :
2732 4856 2854 4897 cum
2883 4841 3116 4911 majores
3138 4853 3416 4913 prapterea
3456 4845 3678 4900 maxime
3707 4845 3813 4899 Deo

2233 4932 2633 5004 displicuerint,
2701 4933 2844 5003 qttod
2897 4933 3230 4989 daemonibus
3292 4934 3511 4990 tundere
3583 4935 3815 4990 solerent

2233 5039 2450 5081 suorum
2501 5026 2814 5097 sanguinem
2856 5027 3218 5096 parvulorum.
3275 5026 3382 5082 Nec
3434 5028 3573 5083 Deus
3618 5043 3814 5098 praece-

2234 5118 2312 5189 pit
2362 5118 2563 5174 eisdem
2605 5118 2837 5188 parvulis
2887 5119 3030 5188 parci
3091 5138 3105 5175 :
3161 5119 3269 5174 imo
3310 5121 3560 5190 praecepit
3599 5120 3816 5175 omnino

2234 5222 2339 5262 non
2389 5209 2556 5279 parci.
2615 5208 2748 5264 IIinc
2804 5208 3040 5279 intellige
3082 5226 3250 5264 centeri
3299 5210 3362 5264 ab
3414 5211 3553 5264 initio
3600 5210 3812 5264 maledi-

2231 5309 2367 5352 clum
2398 5314 2415 5352 :
2446 5315 2618 5369 neque
2663 5300 2804 5354 enim
2847 5316 2968 5354 eum
3014 5301 3104 5368 qui
3155 5300 3257 5358 hoc
3303 5301 3584 5373 praecepit,
3635 5301 3814 5356 dicere
3877 5319 3884 5322 ‘

2231 5387 2452 5442 audebis
2481 5388 2753 5458 injustam.
2805 5390 2960 5459 Quod
2989 5392 3033 5446 si
3067 5391 3156 5445 tibi
3195 5392 3428 5446 venisset
3464 5393 3518 5446 in
3556 5400 3812 5456 mentem,

2231 5493 2337 5533 non
2365 5477 2486 5534 ideo
2532 5480 2841 5552 sejungeres
2869 5496 2899 5535 a
2927 5481 3236 5552 parentibus
3257 5483 3432 5554 impiis
3461 5483 3812 5539 innocentiam

2233 5570 2480 5632 ﬁliorum,
2523 5571 2666 5641 quod
2693 5590 2712 5624 ι
2746 5572 2872 5628 inde
2903 5572 3248 5644 potissimum
3275 5573 3590 5630 oﬂ‘enderint
3620 5588 3811 5646 parea-

2293 5778 2310 5844 ξ
2342 5779 2462 5844 )‘ign
2487 5814 2501 5834 ,
2524 5778 2898 5844 interpatet-mn.
2925 5782 3053 5835 Mss.
3087 5775 3423 5841 interfectoris.

2292 5840 2311 5870 ³
2337 5839 2411 5887 Sit
2437 5846 2539 5887 Msa.
2578 5849 2624 5890 ιιι
2651 5839 2822 5899 inlitis,
2852 5844 3053 5889 tantum.
