4124 6504
393 417 528 474 H25

391 539 471 582 tes
506 529 692 586 Deum,
741 521 863 593 quia
917 534 1013 575 nec
1048 535 1078 573 a
1134 515 1468 588 parvulorum
1523 521 1738 562 suorum
1795 503 1972 558 exitiis

391 613 779 686 temperabant.
820 611 1058 679 Quarum
1084 620 1230 680 certe
1259 620 1424 670 mors,
1462 622 1481 655 ι
1507 599 1681 671 inquis
1704 639 1720 664 ,
1753 613 1856 651 non
1885 611 1974 650 re-

390 714 631 764 currcrct
663 703 730 760 ad
772 701 1127 758 interfectoris
1166 697 1416 754 invidiam
1442 737 1458 762 ,
1489 694 1533 749 si
1567 701 1783 764 propter
1809 702 1973 742 unum

393 808 666 868 peccatum
715 804 769 851 et
824 791 1083 866 parricida
1131 791 1241 846 Deo
1278 787 1603 859 displiceret,
1648 791 1704 838 et
1732 781 1910 835 'ﬁlius.
1951 794 1971 829 ι

393 890 502 947 Nec
531 888 681 944 vides
711 887 780 941 ita
820 885 1162 955 displicuisse
1194 883 1303 936 Deo
1334 887 1612 934 necatores
1641 873 1891 934 ﬁliorum,
1921 879 1980 923 ut

396 993 573 1038 tamen
616 978 832 1035 eosdem
860 993 1072 1048 quoque
1103 975 1240 1029 ﬁlios
1277 988 1399 1028 cum
1435 970 1517 1024 his
1539 968 1751 1039 juberet
1781 960 1975 1020 Occidi.

393 1074 576 1144 Neque
601 1071 767 1137 enim,
795 1069 922 1140 quia
956 1069 1030 1122 illi
1075 1065 1387 1137 impiissime
1411 1062 1571 1116 etiam
1613 1059 1749 1113 lilios
1774 1055 1978 1110 limmo-

396 1165 498 1220 niis
533 1161 916 1226 immolabant,
967 1157 1088 1214 ideo
1132 1172 1237 1212 non
1275 1153 1578 1210 debuerunt
1615 1149 1774 1206 etiam
1817 1145 1978 1201 iidem

397 1254 515 1321 lilii,
548 1269 653 1309 non
682 1251 918 1307 humano
947 1251 1172 1313 scelere,
1213 1247 1307 1303 sed
1333 1245 1534 1317 judicio
1563 1243 1766 1307 divino,
1798 1242 1981 1310 utique

390 1347 554 1419 justo,
581 1344 824 1416 quamvis
852 1343 1063 1399 occulto
1081 1383 1096 1408 ,
1131 1351 1380 1411 tanquam
1403 1351 1586 1393 semen
1617 1331 1975 1396 maledictum,

395 1439 534 1493 sicut
558 1435 752 1504 factum
779 1443 882 1500 est,
927 1435 1126 1505 pariter
1152 1431 1392 1487 interire.
1423 1428 1549 1484 llzcc
1579 1440 1682 1481 non
1727 1421 1976 1487 attendis,

396 1529 523 1584 dum
563 1526 867 1598 eloquentia
912 1526 1029 1580 sine
1066 1522 1327 1593 sapientia
1376 1519 1622 1589 raperis,
1659 1525 1713 1571 et
1765 1513 1982 1569 ﬂumine

398 1619 646 1678 vanitatis
702 1617 782 1674 vis
830 1631 950 1672 esse
998 1614 1250 1680 disertus,
1291 1610 1536 1667 desertus
1576 1607 1775 1663 lumine
1840 1603 1981 1659 veri-

401 1710 542 1766 tatis.

469 1802 704 1860 CXXIX.
744 1803 864 1859 JUL.
914 1799 1097 1855 Verum
1130 1809 1177 1854 et
1204 1800 1302 1864 his,
1333 1796 1521 1868 inquit,
1551 1805 1791 1865 tauquam
1817 1791 1983 1847 homi-

399 1895 543 1950 nibus
559 1895 840 1967 pepercisti,
861 1903 906 1948 et
931 1893 1108 1946 misisti
1128 1890 1463 1963 praecedentes
1484 1887 1754 1941 exercitum
1775 1901 1985 1954 vespas;

400 2003 498 2040 non
525 1986 642 2057 quia
667 1986 914 2058 impotens
932 2001 1046 2038 eras
1066 1983 1118 2036 iu
1141 1998 1312 2053 pugna
1338 1981 1520 2050 impios
1539 1979 1692 2050 justis
1718 1975 1982 2047 subjicere,

398 2077 490 2133 sed
518 2077 745 2148 partibus
757 2077 1004 2148 judicans
1024 2075 1179 2130 dabas
1200 2075 1365 2128 locum
1393 2071 1713 2144 paenitentite.
1750 2068 1983 2134 Aculeis,

407 2172 576 2243 inquit
600 2213 614 2236 ,
645 2185 947 2226 muscarum
980 2172 1138 2224 etiam
1167 2169 1286 2223 illos
1311 2167 1456 2238 ipsos
1481 2163 1767 2235 sacrilegos
1795 2161 1986 2217 stimu-

401 2263 576 2326 labas,
619 2271 678 2318 ut
720 2262 1010 2333 potentiam
1039 2258 1354 2315 vindicantis
1383 2258 1450 2314 de
1478 2256 1681 2312 ludicro
1707 2269 1817 2309 sua:
1845 2252 1986 2307 ami-

399 2354 592 2410 ctionis
621 2351 980 2408 adverterent.
1009 2350 1114 2406 Sed
1139 2361 1418 2420 postquam
1445 2365 1514 2404 ex
1536 2347 1761 2403 consilio
1791 2343 1908 2409 Dei,
1934 2352 1989 2398 et

402 2445 615 2501 ultionis
644 2460 838 2516 genere
864 2443 1162 2499 voluntaria
1187 2452 1399 2514 peccata
1429 2446 1734 2511 patuerunt,
1759 2449 1986 2507 quorum

403 2537 622 2608 rejectio
645 2535 1053 2606 exspectabatur
1079 2544 1133 2591 et
1161 2533 1440 2604 petebatur
1459 2533 1508 2597 ¹;
1542 2541 1668 2585 tunc
1693 2529 1906 2584 demum
1932 2527 1987 2580 in

401 2631 662 2700 obstipam
691 2629 993 2700 punitorum
1026 2628 1394 2698 profanitatem
1443 2625 1718 2698 scriptoris
1759 2623 1990 2692 assurgit

403 2722 654 2786 invectio,
681 2720 916 2792 dicitque
953 2721 1072 2776 illos
1105 2729 1304 2776 tantam
1336 2719 1499 2775 inisse
1526 2734 1647 2774 cum
1676 2715 1990 2774 criminibus

403 2811 840 2875 familiaritatem,
873 2820 934 2865 ut
979 2811 1156 2865 innata
1199 2811 1430 2880 quodam
1472 2809 1634 2865 modo
1663 2809 1986 2864 viderentur.

406 2901 527 2956 Non
551 2903 793 2972 ignorans
813 2941 828 2965 ,
860 2900 1050 2969 inquit,
1077 2897 1316 2969 quaniam
1345 2900 1646 2970 nequissima
1671 2899 1823 2968 fuerit
1851 2898 1989 2951 natio

402 2992 628 3056 illorum,
657 2998 703 3042 et
742 2989 990 3043 naturalis
1026 2989 1223 3042 malitia
1251 2989 1497 3058 ipsorum,
1528 2998 1575 3042 et
1611 2988 1848 3058 quoniam
1889 3003 1990 3040 non

405 3091 600 3152 poterat
619 3080 920 3136 commutari
941 3079 1176 3152 cogitatio
1192 3097 1366 3136 eorum
1395 3080 1447 3134 in
1470 3089 1766 3150 perpetuum
1783 3093 1803 3143 ,'
1820 3093 1991 3132 semen

402 3173 536 3227 enim
559 3182 666 3226 erat
688 3171 1008 3243 maledictum
1028 3171 1090 3225 ab
1111 3171 1254 3226 initio
1284 3187 1305 3224 :
1328 3187 1420 3224 nec
1445 3171 1622 3224 timens
1642 3168 1878 3238 aliquem,
1909 3183 1992 3222 ve-

403 3264 542 3316 niam
568 3263 728 3318 dabas
745 3263 962 3335 peccatis
990 3261 1197 3317 illorum
1217 3262 1370 3334 (Sap.
1396 3278 1486 3326 ιιι,
1512 3260 1698 3332 8-11).
1725 3259 1882 3323 Cum,
1907 3260 1988 3315 in-

403 3355 550 3426 quit,
584 3364 638 3410 tu
666 3364 771 3409 tam
799 3354 1026 3425 benigne
1053 3364 1266 3424 tamque
1297 3354 1557 3424 patienter
1585 3361 1642 3408 et
1667 3351 1992 3422 pmnitentia:

405 3457 613 3518 tempus
641 3446 944 3512 indulseris,
975 3456 1030 3502 et
1057 3446 1364 3516 speculam’
1390 3444 1766 3501 admonitionis
1794 3443 1988 3499 inﬁxe-

407 3540 500 3604 ris,
533 3549 590 3594 ut
622 3539 880 3608 justitiam
919 3553 984 3594 ac
1023 3537 1446 3594 misericordiam
1475 3537 1543 3592 ab
1567 3536 1712 3592 omni
1744 3535 1988 3600 infamia.

403 3629 473 3684 ab
501 3629 646 3684 omni
677 3629 980 3698 suspicione
1005 3629 1336 3684 crudelitatis
1361 3644 1631 3684 assereres
1663 3645 1677 3682 :
1708 3636 1882 3684 tamen
1914 3628 1990 3682 illi

404 3723 1176 3792 spreverunteommonitiones
1194 3731 1327 3787 tuas,
1341 3721 1429 3792 qui
1448 3721 1700 3776 bcuelicia
1718 3719 1992 3789 praemissa

404 3813 778 3884 despexeram,
813 3814 956 3870 velut
993 3815 1083 3884 qui
1113 3814 1275 3869 velint
1315 3814 1541 3884 probare
1582 3813 1650 3868 de
1693 3813 1832 3868 illius
1874 3827 1993 3867 esse

405 3909 610 3961 semine
647 3905 835 3969 Cham,
865 3905 918 3960 in
962 3921 1120 3976 quem
1162 3905 1275 3961 Noe
1320 3905 1506 3961 beatus
1531 3905 1769 3960 nuditate
1794 3905 1992 3970 derisa,

404 4011 630 4050 censura
670 3996 835 4066 patria
875 3997 1045 4051 fuerat
1075 3996 1354 4051 maledicta
1387 3995 1672 4066 jaculatus.
1706 3995 1841 4064 Quid
1867 4009 1994 4064 ergo

407 4089 621 4152 mirum,
653 4089 697 4143 si
722 4089 937 4159 majoris
962 4105 1146 4143 eorum
1177 4089 1198 4121 ³
1227 4089 1504 4159 proterviae
1535 4088 1747 4155 merito,
1778 4097 1991 4142 senten-

408 4180 496 4234 tia:
523 4187 639 4234 erat
658 4183 967 4235 austeritate
997 4181 1289 4249 perculsus,
1317 4179 1626 4235 recordatus
1651 4188 1734 4235 est
1762 4180 1993 4248 scriptor

408 4275 461 4323 tn
493 4270 752 4325 maculam
791 4279 1122 4339 posterorum
1153 4287 1258 4325 nou
1289 4271 1657 4326 desistentium
1684 4270 1752 4325 ab
1772 4270 1992 4324 tumula-

408 4361 574 4424 tione,
603 4375 722 4415 cum
765 4361 1070 4431 frequenter
1114 4362 1164 4416 iu
1212 4363 1327 4433 lege
1373 4363 1616 4430 imitatio,
1661 4372 1990 4433 posterorum

408 4451 812 4507 necessitudinis
839 4468 1048 4522 quoque
1075 4454 1345 4509 vocabulis
1370 4454 1659 4524 arguatur?
1688 4453 1776 4510 Sic
1801 4455 1996 4526 quippe

410 4544 666 4600 Dominus
713 4545 765 4599 in
814 4545 1102 4616 Evangelia
1144 4546 1210 4600 ad
1256 4546 1467 4602 Iudaeos
1500 4564 1513 4600 :
1553 4545 1672 4610 Vos,
1709 4548 1896 4617 inquit,
1933 4564 1996 4602 ea:

411 4643 552 4704 patre
576 4635 776 4690 diabolo
803 4639 920 4691 estis
957 4635 1134 4706 (Joan.
1165 4653 1274 4698 vm,
1299 4636 1414 4705 44).
1470 4637 1534 4692 Ει
1577 4638 1762 4692 Daniel
1806 4649 1992 4694 contra

409 4741 630 4794 spurcos
657 4727 1016 4798 presbyteros,
1035 4727 1101 4781 de
1127 4725 1290 4782 Israel
1313 4739 1487 4782 tamen
1513 4729 1676 4798 stirpe
1697 4729 1992 4796 venientes,

406 4816 598 4871 eodem
635 4833 828 4888 genere
870 4819 1060 4888 legitur
1094 4819 1330 4874 invectus
1361 4837 1374 4872 :
1407 4818 1610 4880 Semen.
1645 4819 1830 4888 inquit,
1862 4819 1995 4873 (Ilia-

409 4927 564 4974 naan,
593 4919 640 4962 et
669 4926 768 4963 non
796 4909 938 4963 Juda
982 4908 1158 4983 (Dan.
1184 4926 1295 4977 stu,
1324 4909 1452 4983 56).
1499 4910 1745 4966 Ezechiel
1785 4926 1996 4982 quoque

411 5001 664 5072 prepheta
703 5003 987 5072 exprobrat
1026 5003 1165 5073 plebi
1210 5002 1508 5060 Jerusalem
1536 5021 1549 5057 :
1579 5003 1748 5058 Mater
1772 5014 1880 5072 tua,
1911 5006 1995 5058 in-

409 5092 542 5162 quit.
573 5091 817 5158 Cettltwa,
840 5103 886 5146 et
908 5102 1050 5162 pater
1070 5104 1186 5148 tuus
1212 5094 1534 5149 Antorrlttcus
1563 5093 1773 5164 (Ezeclt.
1806 5110 1915 5162 xvr,
1937 5095 1992 5162 5,

413 5186 525 5256 45).
556 5186 651 5242 Est
671 5201 798 5256 ergo
825 5186 913 5241 hic
939 5202 1066 5242 usus
1095 5198 1148 5243 ut
1177 5186 1242 5242 ad
1269 5187 1553 5242 voluntatis
1580 5187 1827 5241 invidiam
1856 5185 1995 5240 infa-

411 5280 578 5336 matio
623 5280 806 5351 stirpis
848 5281 1086 5347 accedat,
1131 5281 1459 5356 nimiumque
1504 5281 1712 5336 crimini
1754 5279 1995 5336 videatur

475 5454 491 5484 ¹
526 5451 686 5517 codex
715 5461 863 5512 Port.,
888 5452 1084 5517 retectio
1100 5451 1487 5517 exspectabatur,
1508 5451 1580 5503 vel
1603 5453 1996 5517 expetebatur,—

409 5513 754 5578 ttorelneque,
785 5521 832 5578 et
854 5515 1131 5578 petebatur,
1156 5512 1342 5578 neque,
1365 5512 1436 5564 vel
1467 5512 1798 5578 expetebatur,
1831 5515 2001 5578 admit-

413 5577 487 5632 tit,
519 5575 687 5638 εἱαμιέ
712 5575 835 5640 legit
855 5575 1158 5637 'simpliciter
1183 5590 1197 5640 ς
1223 5575 1424 5640 quorum
1455 5575 1652 5640 refectio
1693 5575 2000 5640 exspectaba-

405 5642 527 5750 ggj;
570 5635 683 5745 tam:
728 5635 1092 5698 démumfetc.
1119 5635 1685 5697 vide'tllementJCritieq
1721 5635 1863 5705 pagg.
1887 5639 1997 5698 56l,

478 5731 965 5831 ῗῐοὲθνβρίςιιιυηι·
1045 5819 1053 5828 .

480 5819 500 5852 ⁸
529 5824 667 5871 Forte
691 5819 768 5871 hic
787 5822 945 5877 deest.
971 5819 1069 5882 qui.
1088 5847 1113 5851 -~

1731 389 1934 447 LIBER
1972 387 2316 455 QUARTUS.

3524 345 3550 436 ἰ
3567 380 3667 435 tas

2081 503 2378 566 adlurrere,
2413 516 2506 571 per
2530 501 2680 571 cujus
2710 499 2953 555 meritum
2985 496 3279 554 Convicium
3312 497 3578 567 patiuntur
3610 503 3664 550 cl

2082 593 2304 650 semina.
2334 593 2588 648 Servatur
2612 601 2791 647 autem
2825 591 2910 647 hic
2939 589 3076 646 idem
3101 605 3216 644 mos
3239 591 3397 644 etiam
3427 589 3477 642 in
3502 588 3674 641 bono-

2085 704 2198 741 rum
2231 697 2411 756 parte,
2447 697 2502 741 ut
2540 701 2661 740 cum
2692 685 2899 739 videtur
2929 683 3087 737 homo
3115 697 3211 753 per
3233 681 3407 735 omnia
3445 679 3676 749 probus,

2084 782 2380 852 congenitis
2418 780 2625 835 dicatur
2663 777 2856 833 ﬂorere
2883 776 3182 832 virtutibus.
3219 773 3368 832 Unde
3395 783 3445 829 et
3476 772 3664 828 beatus

2084 874 2185 931 Job
2206 874 2581 929 mi‘ericordim
2606 872 2850 927 allectum
2878 886 2985 943 quo
3010 868 3352 925 subveniebat
3380 863 3667 936 indigenti-

2087 967 2205 1034 bus,
2236 967 2304 1023 de
2330 966 2582 1021 uberibus
2603 981 2661 1020 se
2682 966 2926 1029 traxisse,
2960 964 3065 1017 imo
3091 963 3157 1017 de
3185 971 3334 1016 utero
3356 959 3538 1014 matris
3559 973 3670 1013 sua:

2087 1073 2265 1112 secum
2295 1057 2578 1123 conﬁrmat
2601 1071 2872 1127 egressum
2900 1052 3016 1121 (Job
3046 1069 3198 1116 xxxt,
3226 1051 3339 1119 18).
3373 1049 3510 1104 Nihil
3540 1063 3668 1117 ergo

2089 1151 2246 1206 rebus
2275 1150 2587 1222 perSpicuis,
2611 1161 2702 1205 aut
2726 1146 3037 1214 similitudo,
3069 1143 3545 1215 aut'exaggcratio,
3580 1153 3676 1194 aut

2087 1243 2404 1317 ambiguitas
2429 1243 2771 1314 praejudieare
2795 1250 2972 1312 potest
2995 1259 3008 1296 :
3037 1239 3286 1309 quoniam
3317 1253 3437 1292 cum
3465 1245 3670 1290 certum

2088 1337 2157 1392 sit
2176 1351 2444 1408 nunquam
2464 1335 2777 1392 naturalium
2800 1349 2976 1390 rerum
2999 1333 3382 1388 correctionem
3413 1345 3442 1384 a
3470 1336 3674 1384 morta-

2089 1430 2228 1485 libus
2252 1430 2480 1500 reposci,
2513 1428 2784 1499 przccipiat
2810 1437 2985 1482 autem
3024 1427 3165 1482 Deus
3198 1434 3254 1479 ut
3290 1423 3548 1479 desistant
3577 1419 3676 1476 hoc

2091 1519 2261 1575 mines
2297 1535 2327 1574 a
2369 1521 2540 1584 malo;
2587 1519 2730 1574 onmi
2762 1533 2890 1574 vero
2915 1517 3095 1572 verius
3131 1514 3488 1587 approbatur,
3519 1520 3676 1567 natu-

2091 1612 2235 1667 rale’
2263 1621 2533 1683 peccatum
2566 1627 2669 1666 non
2700 1627 2820 1666 esse
2845 1625 3019 1680 posse.

2161 1706 2296 1762 Aac.
2340 1705 2542 1760 Potasti
2579 1703 2794 1776 quidem
2819 1714 2870 1759 te
2899 1701 3211 1773 exposuisse
3239 1698 3402 1756 verba
3429 1696 3548 1753 libri
3577 1695 3676 1754 Sa-

2093 1799 2304 1870 pientis:
2331 1816 2345 1853 :
2369 1796 2462 1853 sed
2493 1814 2595 1849 non
2626 1812 2687 1849 ea
2718 1795 2910 1850 sineris
2947 1793 3163 1849 eludere
3201 1791 3377 1848 verbis
3416 1790 3674 1860 insipien-

2093 1891 2201 1946 ti:e.
2237 1889 2378 1946 Satis
2404 1889 2544 1944 enim
2571 1897 2810 1958 apparet,
2839 1897 2892 1944 et
2921 1887 3124 1942 clarum
3161 1894 3262 1949 est,
3291 1883 3559 1956 quomodo
3588 1881 3673 1936 illa

2093 1985 2239 2043 natio
2269 1982 2592 2053 nequissima
2618 1981 2756 2037 dicta
2785 1981 2872 2044 sit,
2902 1980 3122 2050 ejusque
3152 1979 3351 2033 malitia
3379 1975 3634 2032 naturalis
3658 1993 3673 2040 ;

2091 2080 2359 2150 quomodo
2405 2081 2564 2136 etiam
2603 2082 2674 2136 sit
2715 2080 2999 2151 appellata,
3027 2094 3210 2134 semen
3239 2076 3577 2132 maledictum
3609 2075 3677 2127 ab

2095 2173 2261 2228 initio.
2289 2174 2347 2230 Si
2371 2176 2536 2238 enim,
2563 2184 2619 2229 ut
2641 2184 2693 2228 ιιι
2725 2182 2900 2244 putus,
2933 2184 3150 2243 propter
3173 2170 3587 2231 :cmulationem,
3623 2166 3672 2220 id

2093 2276 2174 2322 est
2200 2267 2569 2332 imitationem,
2591 2268 2790 2323 dictum
2820 2267 3028 2333 fuisset,
3055 2283 3156 2336 qua
3190 2265 3373 2319 imitati
3400 2273 3521 2318 sunt
3555 2276 3672 2314 ma-

2087 2359 2258 2430 jorem
2279 2375 2432 2415 suum
2462 2362 2648 2427 Cbam,
2674 2377 2832 2430 quem
2863 2361 2943 2416 sui
2966 2359 3167 2430 peccati
3188 2359 3378 2413 merito
3405 2355 3681 2426 maledixit

2096 2467 2244 2525 pater
2266 2458 2382 2528 ejus
2408 2457 2522 2514 Noe
2553 2477 2566 2513 :
2597 2457 2834 2529 profecto
2870 2457 3011 2511 Deus
3052 2454 3264 2526 quando
3301 2455 3353 2509 in
3391 2453 3543 2507 istam
3582 2467 3661 2504 na-

2095 2549 2291 2605 tionem
2323 2550 2606 2606 vindictam
2641 2549 2990 2620 justissimam
3034 2546 3291 2618 protulit,
3323 2545 3531 2614 juberet
3567 2542 3684 2612 ejus

2095 2643 2328 2712 parvulis
2349 2643 2514 2712 parci,
2529 2657 2668 2713 quos
2686 2641 2865 2697 dicere
2884 2656 2988 2695 non
3011 2648 3163 2712 potes
3180 2652 3397 2694 suorum
3419 2635 3680 2704 majorum

2095 2733 2388 2789 imitatione
2430 2735 2692 2789 meruisse
2728 2732 3064 2803 supplicium.
3105 2727 3236 2785 Cum
3281 2742 3409 2799 ergo
3451 2726 3531 2782 eis
3575 2739 3682 2780 non

2093 2825 2265 2880 solum
2291 2839 2397 2880 non
2412 2824 2572 2894 jussit
2597 2823 2818 2895 pncberi
2843 2821 3282 2886 misericordiam,
3301 2819 3394 2874 sed
3417 2827 3472 2872 ut
3500 2832 3680 2887 parem

2095 2915 2380 2970 vindictam
2431 2930 2552 2969 cum
2607 2914 2915 2984 parentibus
2966 2922 3262 2973 soluerent,
3307 2911 3422 2980 ipse
3470 2909 3686 2976 insuper
3774 2919 3784 2930 '

2089 3004 2269 3076 jussit,
2298 3006 2388 3076 qui
2417 3007 2600 3075 utique
2629 3005 2826 3076 aliquid
2855 3004 3111 3074 injustum
3132 3003 3321 3073 jubere
3344 3016 3447 3055 non
3477 3000 3681 3069 potuit;

2095 3099 2226 3154 satis
2253 3091 2532 3154 evidenter
2559 3098 2730 3164 lueet,
2758 3098 2899 3169 quod
2931 3115 3035 3154 non
3067 3106 3284 3167 propter
3313 3094 3682 3165 exaggeratio-

2096 3206 2239 3250 nem.
2268 3205 2442 3260 neqne
2471 3197 2688 3260 pr0pter
2716 3189 3082 3252 imitationem,
3107 3187 3200 3243 sed
3225 3195 3438 3256 pr0pter
3461 3199 3685 3255 genera-

2099 3280 2296 3336 tionem
2327 3280 2466 3336 dicta
2496 3288 2785 3336 esteorum
2816 3279 3015 3333 malitia
3048 3278 3301 3332 naturalis
3322 3319 3335 3339 ,
3365 3286 3421 3331 et
3453 3276 3550 3343 ipsi
3590 3289 3688 3335 see

2097 3387 2219 3427 men
2249 3372 2585 3426 maledictum
2610 3371 2678 3424 ab
2696 3370 2872 3433 initio.
2919 3369 3053 3424 Nam
3095 3378 3278 3425 eontra
3318 3382 3556 3422 errorem
3587 3382 3681 3420 ve-

2097 3472 2287 3526 strum,
2323 3463 2375 3518 in
2403 3463 2506 3518 hoc
2534 3463 2650 3532 ipso
2669 3461 2893 3525 semine,
2925 3461 2992 3514 de
3018 3475 3124 3530 quo
3147 3459 3340 3530 agitur,
3371 3457 3689 3528 praphetica-

2098 3555 2332 3626 vigilavit
2351 3553 2658 3619 auctoritas,
2692 3561 2747 3607 ιιι
2769 3553 2881 3608 Noe
2902 3552 3076 3620 justus
3100 3558 3406 3620 peccantem
3429 3549 3592 3604 Cbam
3622 3548 3684 3602 ﬁ-

2100 3648 2227 3702 lium
2266 3647 2318 3700 in
2353 3646 2471 3714 ejus
2512 3645 2854 3700 malediceret
2901 3644 3031 3708 ﬁlio,
3067 3642 3116 3696 id
3159 3652 3261 3705 est,
3295 3641 3578 3704 Chanaan;
3627 3647 3686 3694 ut

2100 3740 2223 3795 hinc
2247 3739 2683 3810 intelligeremus,
2701 3737 2908 3792 vinctos
2926 3751 3046 3792 esse
3068 3736 3203 3790 ﬁlios
3224 3735 3427 3790 meritis
3449 3744 3680 3803 patrum,

2099 3832 2201 3888 nisi
2231 3832 2333 3886 hoc
2359 3831 2625 3885 vinculum
2652 3830 2995 3900 generatione
3018 3837 3264 3891 tractum,
3281 3826 3692 3898 regenerationis,

2099 3923 2354 3978 solvatur.
2387 3922 2460 3978 De
2482 3921 2584 3976 isto
2603 3937 2730 3991 ergo
2755 3919 3005 3975 Chanaan
3034 3919 3235 3974 ducunt
3263 3918 3519 3986 originem
3545 3915 3685 3969 Cha-

2024 4051 2034 4057 -
2099 4015 2291 4078 namei,
2319 4014 2406 4086 qui
2447 4014 2571 4068 dicti
2615 4024 2741 4068 sunt
2777 4028 2961 4069 semen
3001 4011 3342 4068 maledictum
3381 4011 3449 4065 ab
3487 4011 3681 4064 initio:

2099 4121 2322 4175 quorum
2370 4105 2530 4161 etiam
2571 4105 2796 4175 parvuli,
2836 4104 2958 4175 quia
2998 4114 3054 4159 et
3094 4103 3192 4173 ipsi
3233 4104 3334 4158 hoc
3370 4111 3544 4166 erant,
3577 4119 3682 4157 non

2101 4197 2414 4262 imitatione,
2445 4195 2538 4252 sed
2568 4194 2736 4265 stirpe
2761 4194 2984 4250 interﬁci
3012 4209 3133 4250 cum
3163 4193 3468 4264 parentibus
3488 4193 3687 4246 divini.

2102 4298 2185 4344 tus
2209 4288 2341 4358 jussi
2369 4297 2512 4342 sunt.
2558 4287 2650 4342 llis
2675 4286 2991 4342 Chananaeis
3029 4286 3191 4340 fuisse
3227 4284 3432 4339 similes
3459 4285 3685 4351 impudt~

2100 4395 2192 4435 cos
2216 4381 2476 4442 seniores,
2511 4379 2692 4434 Daniel
2725 4380 2983 4450 propheta
3017 4377 3232 4446 intelligi
3264 4377 3449 4437 Volttil,
3473 4377 3686 4447 quando

2099 4472 2178 4524 eis
2198 4470 2348 4529 dixit.
2383 4471 2567 4524 Semen
2593 4470 2855 4532 Chanaan,
2880 4479 3045 4524 etnon
3069 4467 3229 4530 Iuda,
3261 4477 3507 4536 tanquam
3537 4468 3685 4522 dice-

2101 4572 2211 4626 ret,
2253 4563 2463 4618 Similes
2511 4561 2633 4617 ﬁliis
2673 4561 2946 4628 Chanaan,
2974 4572 3026 4616 et
3053 4578 3158 4616 non
3188 4561 3308 4614 ﬁliis
3335 4560 3468 4616 Juda
3503 4578 3516 4611 :
3549 4561 3686 4614 sicut

2101 4655 2300 4709 dictum
2329 4665 2432 4720 est,
2465 4653 2734 4708 Generatio
2761 4656 3044 4724 viperarum
3073 4655 3090 4722 (
3117 4653 3300 4706 Matth.
3328 4667 3405 4716 ιιι,
3435 4653 3466 4704 7
3485 4651 3528 4721 ),
3561 4667 3682 4718 pro-

2103 4758 2219 4816 pter
2241 4746 2526 4817 quamdam
2555 4746 2955 4801 similitudinem
2981 4744 3194 4800 malitiae
3215 4745 3237 4776 ’
3268 4742 3540 4812 viperinus.
3583 4743 3621 4798 13
3633 4742 3692 4797 hi

2100 4848 2278 4894 autem
2315 4839 2569 4894 Dominus
2607 4839 2701 4902 ait,
2743 4836 2843 4892 Vos
2867 4854 2899 4890 a
2919 4848 3063 4906 patre
3090 4837 3292 4890 diabolo
3321 4836 3467 4900 estis;
3501 4853 3690 4893 revera

2104 4931 2450 4984 imitationem
2473 4929 2661 4998 voluit,
2693 4945 2802 4985 non
2828 4945 3010 4986 semen
3035 4930 3253 5000 intelligi
3287 4947 3300 4986 :
3331 4929 3423 4985 sed
3449 4945 3546 4986 nec
3578 4930 3690 5000 ipSt.

2101 5023 2256 5087 dixit,
2287 5020 2396 5077 Vos
2419 5037 2603 5078 semen
2629 5021 2824 5076 diaboli
2853 5022 3003 5078 estis.
3043 5022 3108 5076 Et
3151 5021 3238 5075 ubi
3281 5022 3536 5098 scriptum
3587 5033 3690 5084 est.

2107 5115 2262 5170 Pater
2304 5125 2416 5169 tuus
2457 5114 2810 5177 Amorrlusus,
2837 5124 2880 5168 et
2909 5125 3066 5166 mater
3091 5125 3178 5167 tua
3204 5113 3445 5180 Cettluea,
3469 5129 3603 5184 appa
3616 5126 3696 5168 ret

2104 5206 2224 5260 ideo
2252 5206 2450 5261 dictum
2472 5249 2488 5272 ,
2515 5205 2657 5274 quod
2682 5221 2775 5261 eos
2801 5204 3013 5260 fuerant
3042 5204 3229 5260 imitati
3253 5205 3444 5276 quibus
3476 5205 3577 5261 hoc
3610 5205 3695 5260 di-

2103 5297 2359 5351 cebatur:
2391 5295 2619 5366 denique
2663 5312 2762 5351 nec
2782 5296 2850 5350 ibi
2881 5297 3080 5351 dictum
3123 5305 3235 5361 est,
3265 5297 3461 5354 Semen
3503 5299 3696 5352 Amor-

2107 5391 2400 5456 rbzeorum,
2435 5391 2517 5445 vel
2545 5389 2924 5445 Cetthzeorum.
2959 5390 3071 5445 Non
3097 5407 3223 5460 ergo
3253 5400 3309 5444 ut
3333 5391 3532 5456 dixisti,
3568 5407 3692 5460 pro-

2106 5492 2215 5550 pter
2247 5485 2478 5535 meritam
2514 5482 2781 5536 voluntatis
2811 5484 3021 5536 nimium
3044 5482 3337 5538 criminibus
3363 5483 3686 5540 adhmeutis.

2171 5704 2185 5731 ¹
2215 5698 2380 5765 Viam,
2405 5701 2715 5765 approbatur,
2738 5709 2984 5765 peccatum
3027 5717 3120 5754 non
3158 5717 3258 5752 esse
3291 5689 3361 5764 ἰιυ
3385 5715 3467 5756 ac;
3491 5717 3566 5748 om
3587 5715 3695 5762 sse,-

2107 5763 2354 5830 tmturalc,
2374 5763 2507 5830 qu'od.
2518 5763 2761 5830 reperitur
2786 5768 2831 5814 in
2857 5767 3203 5829 mannwiptis.

2173 5826 2189 5854 ¹
2224 5821 2783 5882 ttic,mnlititc.'atlditur
2808 5840 2871 5876 ex
