4124 6566
487 367 624 424 ΗΞἸ

483 478 760 534 comitium
792 479 1056 550 patiuntur
1086 491 1135 536 et
1175 483 1388 538 semina.
1419 481 1574 538 Absit
1611 483 1756 537 enim
1797 489 1852 536 ut
1883 489 2069 538 sancta

479 569 758 642 Scriptura
783 572 1098 640 seminibus,
1125 573 1265 629 sicut
1288 583 1342 630 tu
1373 573 1680 629 hominibus
1699 615 1716 641 ,
1747 573 2077 630 convicietur

482 662 782 718 immeritis.
815 661 910 718 Ubi
937 672 1118 721 autem
1145 676 1363 724 sanctus
1397 665 1501 721 Job
1523 661 1762 734 affectum
1790 664 2075 720 misericor-

479 753 581 808 diae
606 753 673 810 de
699 764 841 813 utero
861 756 1040 816 matris
1063 774 1254 821 secum,
1293 757 1431 814 sicut
1465 772 1878 823 commemoras,
1905 775 2077 829 egres-

480 860 594 899 suut
627 846 928 917 conﬁrmat:
965 857 1018 904 et
1054 864 1176 904 eum
1215 857 1392 922 putas,
1439 859 1497 906 ut
1535 847 1785 906 eumdem
1827 844 2074 905 affectum

482 938 708 994 multum
730 939 1149 1007 commendaret,
1167 939 1212 995 1ι‹
1225 940 1498 1008 :cdixisse,
1522 956 1628 996 non
1643 939 1788 1012 quod
1807 940 1878 996 ita
1897 949 2074 996 esset:

481 1045 581 1084 cur
621 1045 764 1096 non,
797 1046 980 1103 quaeso
1015 1043 1102 1099 te,
1139 1033 1424 1094 annuimus
1447 1047 1568 1090 esse
1597 1032 1856 1106 quosdam
1887 1043 2075 1089 natura

484 1120 878 1190 misericordes,
899 1122 946 1178 si
976 1133 1160 1180 natura
1185 1123 1446 1196 quosdam
1469 1139 1576 1181 non
1605 1140 1862 1196 negamus
1886 1139 2077 1186 excor-

482 1210 616 1266 des?
632 1211 769 1269 Sunt
793 1213 934 1271 enim
959 1216 1208 1271 nonnulla
1237 1217 1539 1290 congenita,
1562 1233 1682 1290 qua:
1707 1217 1760 1273 in
1789 1225 1948 1275 aetate
1973 1231 2076 1287 qua

487 1309 615 1359 usus
631 1303 817 1376 incipit
835 1321 957 1362 esse
973 1307 1217 1376 rationis,
1239 1308 1380 1365 sicut
1395 1309 1508 1380 ipsa
1525 1307 1682 1377 ratio,
1703 1307 1964 1380 incipiunt
1981 1323 2077 1378 ap-

485 1411 698 1466 parere.
721 1397 959 1456 Proinde
990 1398 1296 1456 hominibus
1321 1410 1508 1457 natura
1529 1400 1652 1460 ﬁliis
1678 1400 1772 1458 ira:
1793 1411 2072 1472 propterea

483 1487 680 1545 dantur
704 1499 974 1563 przrcepta
1000 1492 1236 1560 vivendi,
1266 1492 1392 1565 quia
1415 1492 1573 1548 datur
1597 1501 1654 1550 et
1677 1492 1872 1564 gratia,
1903 1491 2076 1564 utqui

479 1578 637 1650 jubet
659 1579 838 1651 juvet;
884 1596 949 1638 ac
985 1583 1072 1639 sic
1106 1583 1243 1638 mala
1293 1599 1400 1640 non
1441 1583 1616 1641 solum
1651 1599 1772 1657 qua:
1800 1584 2078 1644 voluntate

482 1682 610 1728 sunt
634 1672 835 1740 addita,
858 1691 1041 1730 verum
1069 1677 1228 1732 etiam
1256 1693 1378 1749 quae
1403 1687 1527 1735 sunt
1546 1686 1926 1752 congenerata,
1957 1677 2076 1734 vin-

481 1773 688 1820 cantur.
733 1765 886 1835 Quod
931 1767 1076 1823 enim
1121 1767 1426 1826 hominibus
1472 1769 1801 1842 impossibile
1833 1778 1936 1836 est,
1965 1769 2076 1828 Deo

480 1855 634 1912 l’acile
653 1864 735 1912 est
753 1854 965 1928 (Matth.
985 1875 1095 1928 xu,
1119 1856 1237 1935 26).
1253 1859 1459 1930 Quibus
1477 1870 1656 1917 autem
1675 1877 1781 1916 non
1802 1861 1960 1917 datur
1979 1860 2076 1919 Dei

475 1947 669 2016 gratia,
698 1957 920 2020 propter
950 1966 1110 2022 quam
1146 1952 1348 2008 dictum
1377 1962 1482 2022 est,
1513 1954 1640 2024 Quis
1659 1955 1791 2009 enim
1819 1967 1866 2010 te
1882 1955 2076 2012 discer-

481 2039 593 2094 nit.’
618 2039 743 2110 quid
766 2050 937 2097 autem
957 2041 1110 2098 habes
1129 2043 1272 2116 quod
1293 2059 1396 2100 non
1414 2045 1652 2118 accepisti
1679 2044 1726 2118 (I
1749 2045 1868 2101 Car.
1895 2062 1966 2110 tv,
1989 2045 2076 2121 7)?

481 2131 921 2200 pnev‘aricatores
943 2133 1096 2200 fiunt,
1117 2135 1409 2193 accedente
1427 2137 1566 2209 lege,
1585 2153 1690 2194 non
1705 2137 1857 2211 justi.
1889 2137 1996 2195 Sed
2020 2138 2074 2195 hi

477 2239 688 2295 quoque
717 2225 784 2281 ad
813 2225 1132 2283 utilitatem‘
1175 2229 1360 2284 vivunt
1401 2229 1630 2286 liliorutn
1669 2229 2071 2300 misericordiae,

482 2325 536 2370 ut
559 2330 658 2372 cos
681 2319 947 2388 videntes,
973 2328 1028 2374 et
1064 2321 1193 2391 quid
1233 2321 1336 2378 sibi
1375 2337 1482 2378 non
1517 2323 1744 2390 merito,
1781 2323 1875 2379 sed
1909 2324 2076 2396 gratis

480 2408 712 2464 donetur
735 2408 1114 2482 intelligentes,
1139 2426 1245 2468 non
1271 2414 1618 2480 extollantur,
1639 2415 1736 2472 sed
1759 2415 1852 2488 qui
1879 2415 2078 2488 gloria-

483 2509 589 2562 tur,
612 2499 665 2553 in
694 2499 920 2558 Domino
942 2502 1201 2572 glorietur
1227 2503 1291 2576 (ll
1313 2502 1432 2560 Cor.
1461 2521 1516 2570 κ,
1549 2505 1662 2580 t7).

553 2589 770 2647 CXXX.
800 2591 920 2648 «Ιυι.
950 2593 1205 2666 Sequitur
1222 2610 1354 2652 vero
1374 2594 1644 2667 Sapientia
1671 2614 1687 2652 :
1714 2597 1842 2666 Quis
1865 2597 1955 2654 tibi
1976 2598 2078 2652 im-

484 2683 678 2752 putabis
690 2684 740 2739 si
764 2685 1005 2757 perierint
1029 2686 1280 2755 nationes,
1309 2704 1438 2760 quas
1461 2699 1517 2744 tu
1542 2690 1726 2760 fecisti,
1752 2707 1870 2746 eam
1889 2707 1992 2746 non
2010 2690 2077 2748 sit

481 2777 617 2832 clins
641 2775 802 2843 Deus,
827 2794 987 2849 quam
1010 2787 1084 2846 tu,
1110 2783 1194 2835 cui
1221 2797 1346 2837 cura
1365 2792 1440 2838 est
1458 2783 1524 2838 de
1535 2783 1770 2840 omnibus
1785 2783 1817 2840 ἵ
1833 2785 1940 2842 Sed
1957 2801 2075 2841 cum

481 2868 555 2923 sis
571 2869 767 2938 justus,
781 2870 925 2940 iuste
950 2871 1122 2926 omnia
1153 2871 1413 2944 disponis;
1438 2874 1604 2947 ipstun
1630 2891 1827 2948 quoque
1858 2876 1947 2946 qui
1972 2892 2074 2932 non

394 2963 400 2970 “
481 2961 627 3017 debet
656 2962 846 3030 puniri,
870 2967 1206 3020 condemnare
1224 3007 1239 3030 ,
1275 2974 1501 3021 externus
1531 2967 1753 3022 testimas
1789 2984 1823 3022 a
1855 2977 1947 3022 ttta
1969 2968 2074 3022 vir-

485 3062 590 3110 tute
616 3055 812 3110 :oirtns
837 3057 973 3110 enim
1005 3065 1096 3111 tua
1121 3058 1340 3129 justititn
1371 3059 1574 3114 initium
1609 3067 1700 3114 est.
1743 3061 2075 3132 Astipnlatur

480 3157 629 3204 certe
650 3151 924 3206 communi
961 3151 1279 3222 prudentum
1301 3151 1518 3221 rationi,
1545 3155 1670 3227 quia
1700 3156 1988 3212 maximum
2017 3158 2070 3214 in

483 3240 596 3298 Deo
617 3242 828 3314 signum
849 3243 1052 3314 justitia
1079 3248 1168 3312 sit,
1192 3261 1350 3318 quam
1394 3247 1738 3318 Manichacus,
1774 3259 1831 3306 et
1861 3249 2074 3308 Tradu-

479 3333 666 3390 cianus
687 3335 834 3391 omni
857 3345 1050 3392 conatu
1073 3337 1370 3394 fabularum
1392 3354 1609 3398 suarum
1641 3352 1914 3415 pernegat.

553 3429 690 3484 Anc.
720 3427 778 3482 In
809 3427 1160 3486 conviciando
1179 3431 1263 3488 cui
1287 3441 1340 3489 te
1357 3432 1529 3490 dicam
1550 3435 1802 3503 similem,
1822 3437 1922 3492 nisi
1945 3437 2076 3494 tibi?

479 3517 537 3574 Si
563 3530 743 3576 autem
773 3521 1036 3592 saperetis
1062 3521 1232 3580 Deum
1252 3538 1374 3581 esse
1394 3525 1620 3600 justum,
1648 3543 1918 3600 nunquam
1945 3544 2076 3586 oon-

480 3609 659 3680 genita
687 3611 852 3677 vitia,
897 3613 979 3670 vel
1017 3613 1260 3686 corporis
1307 3613 1554 3682 humani,
1597 3617 1682 3674 vel
1723 3619 1910 3686 animi,
1956 3635 2075 3692 qua:

482 3719 680 3774 negare
699 3718 805 3760 non
829 3707 1070 3776 potestis,
1103 3707 1406 3764 tribueretis
1423 3707 1640 3779 opiﬁcio
1657 3710 1792 3780 ejus,
1817 3711 1910 3768 sed
1931 3711 2077 3780 judi-

481 3795 604 3861 nio;
634 3805 689 3852 et
717 3795 840 3852 Iunc
865 3798 1123 3868 originale
1151 3807 1446 3870 peccatum,
1475 3801 1589 3857 sive
1615 3810 1831 3872 peccata
1847 3805 1890 3871 ⁸,
1921 3803 2077 3860 intel-

483 3885 748 3958 ligerelis,
777 3904 882 3944 nou
912 3891 1198 3960 negat-etis.

555 3977 796 4034 CXXXI.
847 3979 968 4036 Ιυι.
1018 3981 1261 4054 Denique
1301 3993 1424 4054 post
1466 3984 1735 4055 paululuut
1783 3988 2073 4058 sequitur:

487 4067 621 4124 Illos
643 4059 778 4125 enim
804 4071 1120 4142 castigando,
1152 4073 1297 4130 bona:
1317 4075 1427 4146 spei
1441 4075 1614 4148 fecisti
1632 4075 1770 4146 filios
1797 4088 1926 4142 tuos,
1953 4097 2080 4151 quo—

487 4165 626 4217 niam
655 4163 920 4236 judicans,
955 4165 1048 4222 das
1088 4167 1141 4222 in
1185 4169 1402 4238 peccatis
1445 4166 1612 4224 locant
1655 4171 1974 4240 paenitentia.
2017 4173 2082 4228 Si

485 4257 620 4312 enim
655 4257 888 4312 inimicos
928 4273 1184 4314 servorum
1214 4269 1418 4315 tuorum
1459 4269 1505 4314 et
1549 4261 1700 4316 morti
1735 4261 1928 4318 debitos
1965 4280 2080 4318 cum

487 4358 630 4406 tanto
649 4351 874 4405 cruciatu
897 4350 1254 4407 adutouitiouis
1277 4351 1530 4418 liberaui,
1553 4351 1682 4410 dans
1711 4363 1909 4426 tempus
1929 4365 1977 4408 et
1997 4355 2080 4410 lo-

487 4455 604 4496 cum
640 4457 729 4510 per
753 4456 901 4510 quem
931 4443 1088 4511 possit
1115 4443 1301 4498 mutari
1328 4442 1557 4511 malitia;
1596 4459 1710 4498 cum
1740 4455 1930 4510 quanta
1957 4446 2080 4500 dili-

489 4532 661 4606 gentia
691 4532 892 4602 iutlieas
917 4533 1052 4602 ﬁlios
1074 4543 1186 4588 tuos
1205 4573 1219 4598 ,
1260 4549 1476 4606 quorum
1519 4535 1810 4606 parentibus
1845 4547 1894 4592 et
1923 4537 2080 4609 jura-

489 4633 659 4678 menta
702 4633 746 4678 et
791 4634 944 4695 pacta
989 4623 1173 4680 dedisti
1214 4625 1460 4680 bonarum
1494 4627 1882 4700 promissionum
1899 4627 1928 4684 .’
1952 4627 2082 4685 Cum

487 4731 609 4788 ergo
637 4716 779 4772 nobis
806 4715 1130 4786 disripiiuatn
1157 4717 1270 4782 das,
1297 4719 1532 4776 inimicos
1556 4730 1756 4778 nostros
1784 4720 2082 4794 multiplici-

487 4819 566 4890 ter
594 4811 846 4882 ﬂagellas,
890 4821 943 4865 ut
987 4811 1260 4868 bonitatem
1303 4821 1442 4868 tuam
1485 4815 1760 4890 cogitemus
1793 4814 2082 4886 judicantis

494 4903 648 4974 (Sep.
675 4917 770 4970 att,
788 4903 1010 4976 ἠ-ΞΙ).

559 4996 698 5051 Are.
738 4996 919 5064 Quare
940 4996 1105 5062 Deus,
1131 5011 1254 5052 cum
1285 4996 1356 5052 sit
1380 4997 1638 5070 prmscius
1665 4999 1906 5055 omnium
1932 4997 2080 5055 futu-

489 5097 672 5140 rarum
688 5123 702 5146 ,
725 5093 936 5154 tempus
958 5095 1017 5140 et
1045 5087 1218 5142 locum
1243 5101 1344 5157 per
1365 5101 1526 5160 quem
1549 5088 1718 5158 possit
1747 5091 1940 5146 mutari
1970 5105 2086 5146 ma-

491 5177 626 5243 titia,
655 5175 864 5232 dederit
890 5178 1050 5232 etiam
1073 5179 1174 5246 eis,
1203 5179 1274 5235 de
1307 5179 1499 5250 quibus
1531 5180 1733 5237 dictum
1766 5191 1904 5250 erat,
1935 5183 2080 5255 quod

493 5285 682 5326 eorum
703 5270 954 5339 cogitatio
973 5285 1078 5325 nou
1105 5279 1316 5342 poterat
1335 5271 1530 5328 mutari
1551 5272 1609 5327 in
1637 5282 1972 5344 perpetuum,
1993 5290 2084 5332 sa-

497 5361 565 5414 tis
593 5359 846 5423 osteud‘tt,
869 5359 955 5414 ubi
985 5359 1078 5423 ait,
1109 5359 1266 5416 Bona:
1289 5361 1401 5432 spei
1427 5361 1590 5430 fecisti
1625 5363 1760 5433 filios
1796 5373 1928 5428 tuos,
1955 5381 2086 5436 quo-

497 5452 636 5506 niam
654 5450 900 5521 judicans
917 5450 1012 5504 das
1035 5450 1090 5506 in
1111 5452 1328 5520 peccatis
1349 5450 1514 5522 locum
1537 5453 1858 5519 pcnitentie.
1881 5455 1962 5511 Ad
1984 5456 2087 5512 hoc

498 5559 627 5618 ergo
647 5543 808 5601 datur
827 5553 1038 5614 tempus
1057 5552 1112 5598 et
1137 5543 1290 5600 locus
1310 5543 1634 5614 pcuitentia:
1657 5546 1814 5603 etiam
1840 5548 1964 5606 ﬁliis
1993 5551 2088 5606 ira:

562 5705 580 5767 '_
613 5704 756 5767 taliti,
783 5703 871 5756 sed
893 5699 1102 5765 siquam
1121 5700 1189 5754 ad
1214 5693 1488 5754 utilitatem.
1511 5701 1804 5766 Castigautur
1829 5722 1890 5766 ex
1915 5721 2088 5764 mauu-

487 5763 702 5825 scriptis.

559 5829 578 5862 ³
592 5822 812 5894 Supple,
836 5822 1099 5878 naturalia.

1159 369 1405 428 OPERIS
1444 367 1864 458 IMPERFEC'I‘I
1897 365 2176 426 CONTRA
2211 365 2575 436 IULIANUhi,
2619 370 2679 425 S.
2717 369 3091 430 AUGUSTINI

3629 384 3766 444 M28

2182 479 2378 535 deditis
2414 480 2592 546 morti,
2632 490 2686 536 et
2722 483 3088 556 paenitentiam
3120 503 3228 543 non
3255 489 3473 559 acturis,
3494 493 3616 564 quia
3642 509 3767 557 sunt

2181 569 2322 627 inter
2345 569 2488 636 illus,
2513 571 2596 630 vel
2617 575 2856 630 exorturi
2881 585 3006 632 sunt
3027 575 3096 634 de
3116 577 3220 634 illis
3247 579 3338 638 lilii
3369 581 3760 656 misericordiae,

2179 659 2375 730 quibus
2397 661 2498 717 hoc
2519 665 2706 732 prosit,
2733 665 2876 736 quod
2903 665 3007 722 illis
3029 683 3132 724 non
3163 669 3376 740 profuit.
3407 673 3586 744 Itaque
3605 675 3760 734 etiam

2162 761 2346 823 ’super
2368 752 2510 814 ﬁlios
2538 755 2852 826 perditionis
2881 775 2987 815 non
3006 771 3099 817 est
3127 762 3300 818 inanis
3319 765 3336 796 ¹
3371 764 3464 821 Dei
3486 783 3582 824 nec
3603 769 3750 825 inirtt-

2180 852 2364 900 ctuosa
2390 846 2642 918 patientia
2673 865 2686 902 :
2721 863 2940 907 necesse
2963 860 3048 908 cst
3073 853 3216 909 enim
3245 856 3410 924 prosit
3431 859 3514 913 eis
3538 875 3671 930 quos
3695 877 3761 918 ex

2181 951 2357 993 massa
2384 938 2698 1010 perditionis
2724 957 2829 996 non
2855 942 3084 1000 humana
3111 947 3335 1015 merita,
3359 949 3452 1004 sed
3485 952 3653 1022 gratia
3679 953 3761 1006 di-

2181 1028 2303 1084 vina
2331 1029 2615 1098 discernit;
2661 1047 2784 1092 cum
2812 1033 2893 1090 vel
2931 1035 3130 1106 gratias
3169 1049 3364 1109 agunt,
3408 1041 3547 1111 quod
3587 1041 3654 1098 ab
3687 1043 3765 1100 eis

2183 1119 2277 1176 Dei
2306 1121 2672 1184 misericordia
2711 1123 3118 1194 discernuntur,
3146 1129 3230 1184 vel
3265 1145 3332 1192 ex
3372 1132 3621 1203 perituris
3659 1149 3762 1193 tum

2179 1212 2426 1289 perituri,
2456 1213 2550 1269 Dei
2578 1213 2930 1288 dispositione
2956 1228 3269 1280 nascuntur.

2249 1301 2514 1360 CXXXII.
2539 1303 2660 1361 Jun.
2687 1305 2935 1364 Advertis
2955 1319 3084 1380 ergo
3102 1319 3352 1382 quantam
3369 1311 3760 1374 distinctionem

2179 1393 2490 1462 superﬁcies
2526 1395 2810 1453 verborum
2844 1397 3036 1462 fecerit
3068 1400 3136 1461 de
3171 1405 3373 1462 naturis
3403 1405 3623 1466 duarum
3651 1408 3763 1479 ple.

2179 1484 2325 1542 bium
2351 1505 2364 1539 :
2386 1487 2652 1544 Israelitas
2679 1489 2814 1547 lilios
2837 1491 2931 1550 Dei
2951 1502 3128 1560 vocat,
3150 1503 3205 1550 et
3227 1495 3560 1558 Cltauanmos
3579 1515 3760 1561 semen

2179 1579 2544 1638 maledictum.
2591 1583 2648 1640 Si
2689 1582 2790 1641 hoc
2824 1584 2967 1661 quod
3001 1598 3158 1646 sonat
3191 1587 3258 1644 ad
3283 1595 3650 1661 generationes
3679 1609 3763 1650 reo

2178 1668 2413 1728 ferretur
2438 1681 2494 1730 et
2518 1684 2732 1746 partus;
2761 1675 3045 1732 dicendum
3067 1687 3203 1744 erat,
3229 1680 3387 1736 aliam
3415 1697 3535 1739 esse
3555 1684 3762 1760 religio.

2178 1775 2360 1821 serum
2388 1765 2809 1836 generationem,
2829 1768 2990 1826 aliam
3012 1769 3383 1842 profanorum.

2250 1851 2386 1910 Atto.
2435 1853 2701 1930 Numquid
2747 1859 3000 1930 quoniam
3043 1875 3166 1919 cum
3209 1862 3456 1922 audimus
3484 1863 3618 1924 illius
3646 1867 3754 1936 Dei,

2179 1941 2523 2016 intelligimus
2547 1946 2807 2019 gratiam;
2851 1949 2974 2006 ideo
2997 1967 3120 2008 cum
3149 1953 3394 2014 audimus
3423 1956 3558 2012 lilius
3587 1955 3758 2015 homi-

2177 2045 2329 2098 num,
2361 2050 2468 2090 non
2505 2033 2764 2096 debemus
2791 2054 3084 2112 agnoscere
3109 2045 3456 2116 conliteriqne
3481 2049 3759 2107 naturain?

2176 2123 2313 2194 Quid
2342 2135 2427 2181 est
2456 2143 2587 2200 ergo
2613 2130 2756 2206 quod
2783 2130 2938 2199 dicis,
2963 2149 3067 2188 non
3094 2133 3414 2192 inveniendo
3440 2137 3564 2210 quid
3589 2140 3755 2210 dicas,

2178 2216 2342 2274 homo
2359 2222 2728 2280 contentiose?
2751 2221 3026 2296 Cognosce
3051 2226 3192 2298 quod
3215 2243 3402 2287 verum
3423 2239 3526 2298 est,
3547 2233 3758 2290 attende

2176 2310 2320 2386 quod
2351 2312 2556 2372 clarum
2585 2322 2690 2371 est.
2733 2314 2929 2372 Semen
2961 2317 3304 2380 maledictum
3326 2319 3606 2378 Chananazi
3632 2323 3756 2382 dicti

2177 2411 2302 2458 sunt
2326 2413 2542 2476 propter
2561 2415 2668 2462 tam
2695 2407 2888 2463 malam
2909 2411 3241 2486 progeniem,
3261 2421 3317 2467 ut
3341 2411 3450 2468 Deo
3467 2403 3758 2485 justissima

2177 2495 2480 2555 vindieaute
2502 2507 2662 2572 atque
2681 2501 2997 2572 imperante,
3016 2519 3113 2558 nec
3133 2503 3250 2574 ejus
3275 2505 3546 2576 parvulis'
3569 2523 3754 2579 parce-

2178 2597 2361 2655 retur,
2390 2591 2481 2668 qui
2512 2601 2761 2664 parentes
2789 2608 2917 2649 suos
2977 2595 3119 2650 nulla
3152 2596 3434 2654 voluntatis
3466 2588 3787 2664 imitatione'

2177 2681 2365 2736 sectati
2403 2693 2546 2737 sunt.
2588 2683 2708 2740 Filii
2737 2700 2866 2742 vero
2897 2684 2990 2742 Dei
3025 2685 3151 2742 dicti
3187 2697 3312 2744 sunt
3339 2687 3624 2757 Israelita,
3650 2705 3756 2750 non

2177 2781 2396 2846 propter
2432 2777 2740 2844 progeniem
2781 2786 3006 2842 naturas,
3043 2775 3138 2832 sed
3170 2787 3389 2849 propter
3415 2777 3756 2850 adoptionem

2176 2863 2379 2936 gratiae.
2423 2863 2548 2921 Sive
2571 2879 2701 2938 ergo
2723 2865 2971 2924 dicantur
3003 2867 3094 2924 lilii
3119 2878 3174 2924 et
3207 2869 3322 2939 lilii,
3350 2870 3468 2928 sive
3497 2886 3676 2930 semen
3703 2883 3758 2930 et

2177 2970 2386 3020 semen,
2408 2957 2538 3028 quid
2569 2966 2620 3014 te
2647 2959 2800 3030 juvat
2827 2960 2927 3016 ista
2953 2963 3304 3021 consonantia
3332 2965 3604 3026 nominum
3622 3007 3640 3034 .
3669 2967 3756 3026 ubi

2175 3060 2354 3104 rerum
2383 3058 2465 3105 est
2491 3059 2636 3106 tanta
2663 3051 2952 3109 distantia?

2247 3136 2534 3198 CXXXIII.
2555 3140 2683 3199 Jun.
2731 3141 2866 3198 Dum
2909 3152 3180 3200 constaret
3221 3153 3436 3214 tamen,
3466 3147 3755 3206 secundum

2177 3228 2338 3286 etiam
2371 3231 2509 3289 hanc
2532 3233 2843 3303 vanitatem,
2871 3235 3146 3292 traducem
3175 3233 3327 3308 pritbi
3365 3255 3471 3294 non
3495 3254 3613 3296 esse
3639 3255 3758 3312 peo-

2177 3321 2282 3378 cati
2306 3340 2320 3377 :
2343 3323 2488 3398 quod
2514 3324 2867 3398 interruptum
2907 3327 3196 3386 multarum
3226 3329 3386 3390 simul
3407 3315 3610 3392 Semina
3635 3347 3760 3404 gen-

2178 3414 2310 3470 tium
2339 3414 2724 3484 perducebant.

2249 3507 2389 3564 Anc.
2422 3507 2577 3565 Aliud
2617 3521 2703 3566 est
2748 3509 2888 3569 illius
2917 3511 3072 3568 unius
3119 3512 3348 3570 hominis
3375 3531 3556 3575 semen
3576 3557 3594 3584 ,
3622 3515 3758 3588 quod

2179 3608 2304 3655 sunt
2359 3616 2549 3658 omnes
2601 3601 2887 3671 homines;
2930 3603 3074 3661 aliud
3135 3604 3341 3664 diversa
3376 3607 3399 3640 ³
3438 3608 3759 3666 diversarum

2179 3692 2417 3764 gentium
2445 3692 2648 3754 semina
2670 3737 2686 3763 ,
2713 3712 2834 3768 qua:
2864 3697 2992 3754 illud
3039 3715 3146 3756 non
3191 3701 3578 3773 interrumpunt
3596 3744 3613 3766 .
3639 3705 3760 3775 quia

2179 3803 2244 3845 ex
2278 3787 2368 3843 illo
2386 3798 2576 3844 cuncta
2597 3789 2931 3847 descendunt
2955 3810 2968 3850 :
2991 3808 3166 3864 neque
3185 3805 3343 3865 agunt
3369 3810 3466 3852 sua
3491 3795 3758 3866 varietate,

2181 3891 2238 3936 ut
2268 3880 2397 3937 illud
2431 3892 2702 3952 peccatum
2735 3883 2890 3956 primi
2935 3885 3202 3956 hominis,
3228 3903 3334 3959 quo
3358 3889 3549 3944 mutari
3576 3890 3764 3945 meruit

2182 3972 2414 4030 humana
2441 3982 2664 4044 natura,
2691 3975 3020 4050 quibuslibet
3057 3979 3214 4050 longe
3249 3987 3370 4050 post
3405 3980 3536 4036 natis
3564 3981 3632 4036 sit
3669 3995 3762 4050 po-

2183 4064 2342 4120 steris
2373 4064 2490 4136 ejus
2515 4065 2734 4120 noxium
2759 4081 2776 4133 ;
2805 4066 2900 4122 sed
2929 4077 2987 4122 ut
3007 4069 3180 4140 magis
3199 4067 3223 4100 ⁸
3251 4069 3493 4128 minusve
3519 4069 3588 4126 sit
3615 4070 3763 4125 inuo-

2184 4160 2350 4214 xium.
2389 4159 2536 4218 Sicut
2562 4161 2706 4216 enim
2737 4161 2954 4232 quidam
2991 4173 3236 4232 parentes
3259 4173 3546 4234 aggravant
3583 4178 3764 4236 pecca-

2187 4263 2298 4309 tum
2328 4253 2607 4324 originale.
2637 4253 2710 4308 ita
2737 4254 2952 4326 quidam
2982 4255 3222 4311 relevant
3246 4273 3260 4310 :
3282 4257 3376 4312 sed
3409 4272 3564 4312 nemo
3591 4257 3724 4312 tollit
3743 4297 3760 4320 ,

2186 4344 2288 4400 nisi
2321 4344 2410 4400 ille
2437 4343 2506 4400 de
2528 4360 2638 4416 quo
2661 4345 2862 4400 dictum
2889 4357 2992 4412 est,
3026 4345 3162 4402 Ecce
3188 4347 3363 4419 Agnus
3393 4345 3518 4412 Dei,
3546 4363 3657 4404 ecce
3679 4347 3764 4419 qui

2186 4436 2319 4492 tollit
2347 4447 2553 4509 peccata
2582 4439 2760 4493 mandi
2787 4438 2969 4512 (Joan.
3001 4458 3040 4508 t,
3071 4441 3164 4512 99)
3190 4457 3206 4502 :
3234 4441 3319 4497 cui
3345 4441 3544 4498 nullum
3573 4441 3764 4498 bonum

2189 4527 2422 4584 hominis
2445 4528 2794 4600 impossibile,
2825 4531 3026 4588 nullum
3059 4533 3253 4586 malutn
3283 4543 3363 4589 est
3385 4533 3695 4591 insanabile.

2257 4620 2547 4680 CXXXIV.
2587 4621 2706 4678 ,Ιιιι⁸
2737 4621 2938 4691 Porro,
2971 4623 3110 4686 sicut
3148 4623 3279 4680 illud
3325 4625 3468 4694 quod
3505 4625 3573 4704 de
3611 4625 3767 4683 lauds

2186 4711 2382 4768 dicitur
2419 4710 2724 4768 Iudaeorum
2751 4753 2768 4780 ,
2802 4727 2908 4768 non
2947 4712 3015 4774 ad
3055 4713 3162 4770 hoc
3201 4714 3378 4780 valet,
3407 4724 3466 4770 ut
3493 4716 3764 4787 quisquam

2184 4803 2414 4874 genuina
2454 4803 2705 4860 credatur
2737 4803 3020 4860 sanctitate
3065 4803 3398 4876 fulgerezita
3438 4807 3595 4862 etiam
3625 4804 3768 4876 quod

2189 4893 2447 4950 naturalis
2489 4893 2689 4952 malitia
2727 4904 2970 4960 vocatur,
3000 4910 3106 4950 non
3147 4895 3215 4952 ad
3257 4895 3356 4952 hoc
3384 4896 3557 4956 valet.
3587 4905 3642 4952 ut
3679 4911 3768 4952 se-

2189 4983 2330 5040 ntina
2362 4983 2548 5040 vitiosa
2569 4984 2928 5054 commendet,
2953 4983 3046 5042 sed
3075 4985 3192 5042 sine
3217 4985 3522 5057 przejudicin
3549 4995 3770 5052 natura,

2189 5076 2342 5147 cujus
2365 5076 2812 5148 itnperturbabilis
2842 5077 2978 5134 ratio
3003 5085 3116 5146 est,
3146 5093 3266 5152 qua:
3301 5077 3553 5149 quidquid
3579 5077 3770 5144 habet,

2189 5185 2218 5222 a
2247 5169 2358 5228 Deo
2403 5183 2504 5226 suo
2527 5179 2746 5226 auctore
2777 5169 3022 5238 sortitur,
3053 5170 3282 5226 varietas
3320 5169 3418 5224 ista
3457 5170 3733 5226 verborum
3753 5209 3770 5234 ,

2189 5269 2282 5317 aut
2309 5261 2624 5320 invectionis
2654 5261 2910 5333 impetum
2949 5262 3158 5334 signat,
3185 5272 3279 5318 aut
3322 5261 3638 5322 laudationis
3659 5259 3774 5316 olli-

2195 5369 2336 5410 CIIIm
2348 5391 2364 5408 ο

2266 5447 2400 5502 Anc.
2425 5442 2484 5502 Si
2523 5457 2634 5504 non
2655 5453 2739 5506 est
2764 5445 3082 5520 cujusquam
3099 5443 3355 5503 sanctitas
3370 5442 3624 5516 genuina,
3645 5455 3769 5512 quo-

2195 5537 2356 5595 modo
2381 5536 2582 5596 dictum
2601 5545 2688 5594 est
2703 5537 2973 5602 laciniae.
3002 5536 3314 5608 Priusquam
3334 5537 3398 5592 de
3425 5537 3569 5592 vulsa
3589 5549 3768 5600 cures,

2259 5652 2274 5715 i
2311 5651 2510 5715 sicitas.
2537 5650 2828 5715 vignierius,
2849 5663 3038 5705 manus.

2258 5714 2279 5780 ξ
2310 5710 2468 5780 mdes
2495 5710 2638 5773 vorti,
2671 5725 2944 5780 procorum
2965 5712 3225 5780 parvulis._
3436 5775 3442 5780 _
3590 5771 3618 5780 ﬂ
3740 5779 3750 5780 ί
3776 5740 3785 5749 -

2261 5774 2281 5806 ³
2309 5772 2470 5840 uidex
2491 5781 2614 5840 Fort.
2627 5771 3087 5840 'atiuddiversaram
3095 5773 3304 5838 gadium
3321 5775 3544 5840 ίτηυιξιιυο
3561 5771 3770 5822 ἄνατα

2263 5839 2283 5866 δ
2318 5834 2454 5897 aditi,
2476 5836 2650 5899 majus.
2673 5836 2844 5888 melius
2864 5837 3022 5889 codex
3045 5834 3192 5896 mn,
3213 5834 3386 5898 magis.
