4124 6566
439 492 745 562 uinctiﬁtwi
769 501 821 548 te
849 490 1070 563 (larem.
1099 502 1147 554 ι,
1170 483 1274 568 .5)?
1299 480 1582 554 Quomodo
1607 479 1772 544 otism
1814 479 2016 540 dictum

438 599 520 646 est
543 586 615 646 de
631 585 843 647 Joanne
866 582 1101 654 Baptista
1115 621 1140 647 ,
1172 578 1374 649 Spiritu
1405 583 1585 639 meto
1621 573 1890 646 replebitur
1906 572 2022 645 jam

441 681 558 740 inde
577 677 640 734 ab
667 687 810 738 utero
825 675 1005 734 castris
1031 671 1175 733 suis?
1197 669 1339 742 quod
1362 665 1646 733 exsultatio
1669 665 1788 735 ejus
1803 677 2022 735 quoque

441 769 706 836 ustettdit,
731 766 944 840 quando
971 761 1247 826 Elisobetlt
1288 767 1647 833 praegnantem
1679 756 2022 826 coniugatam

442 875 722 934 insiginens
745 858 895 930 virgo
919 856 1084 914 Maria
1112 853 1360 912 salutavit
1387 849 1550 924 (Luc.
1580 865 1620 916 t,
1652 849 1740 912 15,
1767 847 1858 913 tl,
1887 846 1960 908 ιι
1977 843 2021 916 ).

445 959 524 1020 An
543 962 607 1010 et
630 951 747 1008 huic
767 949 907 1006 dicta
929 963 1036 1004 non
1059 944 1396 1017 proprietatis
1413 951 1543 1006 sunt
1559 940 1702 1004 dicta
1717 935 2021 1010 ,prmconio,

443 1047 540 1107 sed
577 1043 898 1106 laudationis
937 1039 1154 1100 ofﬁcio?
1177 1038 1268 1098 Sic
1295 1037 1435 1111 agite
1451 1076 1468 1104 ,
1495 1035 1574 1092 sic
1589 1033 1897 1096 vanescite;
1925 1029 2028 1086 hoc

445 1150 504 1201 nt
528 1137 758 1203 dicatis,
787 1142 980 1190 vestra:
1021 1139 1188 1189 restat
1231 1129 1471 1188 insaniae.
1499 1125 1646 1198 .Quid
1689 1125 1834 1181 enim
1868 1123 2026 1184 lere-

445 1231 628 1298 mium.
647 1227 785 1301 quid
803 1227 1072 1290 Joannem
1096 1223 1292 1282 tumori
1314 1225 1330 1256 ¹
1359 1230 1553 1280 vestrm
1580 1219 1771 1277 frontis
1797 1215 2030 1288 apponi-

447 1336 568 1382 qus
581 1337 602 1388 ς
615 1319 838 1393 quando
860 1319 1034 1390 ipsum
1054 1315 1325 1378 Christum
1343 1328 1456 1370 non
1481 1309 1789 1370 discernitis
1803 1321 2028 1365 acarne

447 1412 688 1484 peccati,
721 1409 1024 1482 nullamque
1047 1422 1263 1466 carnem
1281 1406 1529 1462 dicentes
1552 1401 1883 1474 originaliter
1909 1413 2030 1456 eSse

451 1503 647 1576 peccati
666 1545 684 1572 ,
713 1502 792 1558 sic
813 1501 963 1556 illum
991 1500 1202 1557 ceteris
1224 1497 1544 1568 coacquatis,
1573 1503 1635 1550 ut
1659 1493 1818 1551 etiam
1855 1493 2028 1563 ipsum

450 1594 698 1652 habuisse
740 1591 1023 1666 genuinam
1067 1605 1261 1662 negare
1306 1585 1570 1659 cogatnini
1592 1587 1615 1620 ²
1656 1584 1989 1642 sanctitatem
2013 1623 2030 1649 ,

447 1688 539 1759 qui
587 1694 743 1742 natus
783 1693 867 1742 est
911 1683 980 1740 de
1023 1683 1225 1754 Spiritu
1273 1690 1460 1737 sancto
1502 1688 1557 1736 et
1591 1678 1796 1751 virgine
1830 1675 2030 1742 Maria,

450 1792 642 1848 expers
666 1774 888 1832 omnino
915 1773 1126 1838 delicti,
1153 1771 1275 1844 quia
1300 1785 1494 1850 expers
1513 1767 1656 1844 illius
1671 1765 2035 1846 ωηοψιίαΰβ

450 1885 572 1942 quae
610 1867 990 1924 commixtione
1031 1865 1090 1921 iit
1135 1863 1397 1921 sexuum?
1422 1861 1556 1932 Quia
1597 1869 1654 1918 et
1692 1858 1953 1916 Jeremias
1980 1863 2037 1913 et

450 1961 704 2028 Joannes,
733 1958 974 2031 quamvis
1001 1955 1315 2018 sanctiﬁcatl
1345 1955 1398 2010 in
1428 1951 1595 2009 uteris
1624 1961 1852 2006 matrum
1873 1993 1890 2019 ,
1921 1955 2036 2004 tra-

453 2062 646 2109 xerunt
673 2061 850 2110 tamen
875 2049 1132 2122 originale
1159 2056 1452 2119 peccatum.
1475 2044 1610 2102 Nam
1642 2058 1756 2115 quo
1781 2043 1889 2100 alio
1919 2055 2035 2098 me-

453 2146 558 2202 rito
586 2143 864 2201 interirent
890 2157 1077 2204 eorum
1122 2140 1314 2197 animae
1341 2138 1410 2196 de
1436 2137 1631 2212 popqu
1652 2149 1756 2196 suo
1774 2176 1792 2204 ,
1819 2133 1924 2190 nisi
1950 2133 2038 2190 die

449 2245 642 2292 octavo
657 2233 1207 2298 .eiscuutciderentur;
1229 2229 1292 2290 id
1313 2239 1400 2287 est
1413 2231 1440 2264 ='
1460 2229 1570 2287 nisi
1595 2227 1667 2286 ad
1689 2225 1888 2284 Christi
1913 2241 2038 2297 gra-

458 2327 585 2382 tiam
615 2325 956 2396 pervenirent
979 2321 1034 2391 δ,
1065 2337 1223 2394 quem
1245 2320 1336 2377 die
1363 2319 1652 2386 octavo,sid
1678 2326 1780 2386 est,
1803 2327 1930 2390 post
1954 2332 2040 2374 se-

458 2418 679 2488 ptimum
721 2415 928 2474 sabbati
945 2455 964 2484 ,
991 2423 1418 2472 resurrecturum
1447 2425 1665 2485 propter
1699 2411 2040 2484 iustiﬁcatio-

456 2523 579 2570 netn
601 2517 867 2577 nostram,
885 2503 1066 2564 carnis
1085 2506 1171 2563 illa
1191 2504 1526 2564 circumcisio
1545 2501 1846 2576 ﬁgurabat!
1871 2502 2042 2566 Erant

449 2615 585 2672 ergo
600 2599 686 2658 illi
709 2608 766 2658 et
789 2609 978 2662 natura
995 2596 1096 2659 .tllii
1114 2597 1214 2654 irae
1236 2596 1305 2652 ab
1323 2597 1490 2652 uteris
1515 2602 1766 2660 matrum,
1795 2604 1848 2650 et
1869 2591 2040 2664 gratia

457 2691 549 2751 lilii
573 2689 954 2749 misericordia
970 2690 1046 2748 ab
1071 2690 1238 2750 uteris
1258 2699 1530 2755 matrum;
1555 2687 1678 2760 quia
1704 2701 1807 2744 nec
1841 2686 1936 2747 illa
1960 2685 2040 2742 eis

450 2781 631 2841 adhuc
672 2781 846 2842 inerat
870 2781 1159 2849 sanctitas,
1186 2795 1306 2854 qua:
1331 2779 1600 2838 vinculum
1646 2779 1882 2837 solveret
1921 2792 2044 2836 suc,

449 2873 715 2938 t'ossionis
735 2873 982 2934 olutosiae
1008 2871 1153 2942 quod
1175 2885 1280 2928 suo
1310 2881 1551 2941 tempore
1571 2871 1712 2927 solvi
1738 2870 2038 2942 oportebat,

453 2973 514 3027 et
558 2964 738 3026 inerat
757 2971 938 3019 tamen
965 2975 1088 3032 qnze
1125 2975 1426 3034 pracocem
1445 2962 1468 2994 '
1495 2961 1692 3018 Christi
1727 2975 1762 3020 a
1787 2961 2042 3018 maternis

458 3055 749 3117 visceribus
773 3053 1104 3124 designabat.
1129 3052 1240 3114 Stal
1273 3069 1448 3112 novus
1475 3052 1758 3111 btereticus
1773 3093 1792 3120 ,
1818 3053 2041 3125 religio-

455 3160 550 3206 sus
570 3145 592 3178 ⁸
621 3145 872 3218 physicus
898 3144 980 3202 vis
999 3145 1213 3216 putari,
1239 3159 1364 3202 cum
1389 3145 1552 3212 dicis,
1583 3144 1868 3200 naturalem
1889 3143 2042 3199 mati-

455 3239 580 3298 tiatu
607 3246 656 3293 et
683 3253 851 3296 semen
873 3235 1200 3294 maledictum
1225 3237 1342 3292 siue
1360 3235 1654 3309 wmjudicio
1675 3243 1870 3294 natura
1889 3233 1995 3294 dici
2019 3275 2038 3304 ,

455 3329 602 3401 ομιρω
619 3369 636 3396 ,
662 3327 840 3399 inquis
860 3369 877 3396 ,
907 3325 1336 3398 imperturbabitis
1371 3329 1505 3384 ratio
1530 3326 1780 3402 quidquid
1803 3325 1982 3394 habet,
2006 3342 2042 3382 ι

455 3418 566 3482 Deo
602 3435 700 3478 suo
723 3429 935 3483 praetore
965 3418 1202 3480 sortitur.
1228 3417 1420 3476 Nonne
1449 3428 1502 3476 te
1539 3418 1828 3476 admonent
1853 3427 1908 3476 ut
1939 3431 2042 3476 cor

452 3509 698 3575 habeas,
729 3510 917 3570 saltem
943 3509 1034 3582 qui
1067 3508 1554 3570 fatuinascunturt
1577 3507 1690 3570 Nec
1735 3516 1914 3569 tamen
1954 3507 2042 3566 vel

451 3599 556 3672 ipsi
579 3600 713 3659 fatui
737 3599 901 3656 Deum
917 3599 1106 3658 dicere
1129 3598 1327 3656 audent
1347 3598 1603 3658 [audiatis
1616 3609 1910 3658 auctorem.
1930 3597 2043 3664 Nec

451 3696 658 3768 ptique,
687 3701 750 3754 ut
769 3691 1094 3751 Mauichaeus
1111 3691 1316 3764 desipit
1352 3693 1437 3755 vel
1467 3693 1693 3762 insanit,
1721 3693 1912 3750 alienae
1940 3707 2038 3752 na»

451 3795 590 3850 tum:
607 3785 926 3852 commixtio
943 3825 960 3852 ,
1001 3783 1100 3842 sed
1140 3794 1338 3844 nostrae
1369 3784 1682 3856 depravatio
1703 3784 1909 3842 invexit
1934 3783 2040 3844 hoc

453 3877 661 3940 .vitiutn.
685 3876 862 3946 ilujus
887 3891 1016 3951 ergo
1045 3875 1159 3932 .vitii
1189 3875 1460 3943 meritum,
1483 3885 1540 3932 et
1563 3877 1788 3938 aliorum
1815 3885 2037 3938 natura-

460 3967 588 4030 lium
615 3981 954 4044 quorumque
990 3965 1242 4026 vitiorum
1277 3981 1389 4024 non
1430 3967 1740 4035 inveniunt,
1783 3968 1876 4039 qui
1921 3967 2038 4028 sani

455 4067 582 4120 sunt
609 4059 660 4114 in
689 4057 813 4124 llde,
833 4056 942 4120 nisi
967 4057 1224 4130 originale
1251 4065 1550 4130 peccatum.

526 4149 788 4209 CXXXV.
816 4148 934 4205 ιω..
961 4149 1112 4210 Sicut
1135 4157 1314 4210 autem
1342 4149 1428 4205 hic
1455 4166 1638 4208 semen
1667 4150 2031 4220 maledictum,

446 4242 534 4308 sic
557 4243 680 4300 alibi
709 4243 956 4314 equidem
975 4285 992 4310 ,
1017 4241 1112 4304 ubi
1141 4241 1314 4314 major
1337 4251 1422 4302 est
1458 4243 1698 4300 lectionis
1725 4246 2036 4314 auctoritas,

447 4347 638 4396 semen
666 4333 859 4404 dicitur
879 4333 1237 4395 benedictum.
1263 4334 1512 4408 Loquens
1529 4335 1672 4394 enim
1694 4335 1762 4392 de
1787 4337 2041 4394 lsnelitis

447 4427 618 4490 lsaias
647 4426 937 4498 Propheta.
971 4425 1364 4496 Αἰάἕβαύιιηε»
1395 4427 1596 4498 imm"
1625 4427 1914 4494 ¹¹⁰¹¹¹¹⁴⁶ν⁸²
1941 4428 2040 4500 ἱρά

446 4519 836 4585 inhabitabant;
857 4519 1190 4589 pertinebunt
1229 4519 1437 4586 pineas,
1465 4529 1511 4577 et
1537 4520 1640 4592 ipsi
1656 4521 2040 4582 entandtteabtntt

447 4612 656 4684 [ructus
693 4627 868 4668 eorum
888 4625 910 4673 ;
927 4627 1032 4667 non
1055 4610 1378 4679 mdiﬁcabunt
1396 4651 1413 4677 ,
1438 4619 1490 4666 et
1519 4612 1610 4667 alii
1637 4611 1967 4680 habitabant;
1989 4624 2038 4672 et

449 4717 557 4758 non
575 4701 924 4772 pastinabunt,
953 4711 1000 4756 et
1023 4701 1116 4756 alii
1154 4701 1550 4764 manducabunt.
1581 4701 1876 4765 Secundum
1895 4707 2040 4764 (enim

448 4791 564 4860 dies
583 4790 716 4864 ligni
729 4792 882 4858 silc,
910 4802 1060 4846 erant
1099 4790 1206 4848 dies
1247 4791 1423 4862 populi
1449 4791 1546 4850 nui
1567 4807 1586 4847 :
1610 4808 1764 4863 opm
1786 4794 2038 4850 tabisrust

455 4897 626 4940 eorum
649 4891 970 4952 perseverant
988 4881 1043 4948 ’ς
1079 4881 1220 4940 electi
1247 4881 1346 4936 mei
1379 4876 1481 4936 non
1519 4881 1816 4942 laborabunt
1857 4885 1912 4940 in
1939 4901 2032 4940 suo

456 4989 626 5044 ctuntt,
653 4990 746 5030 nec
777 4974 914 5043 ﬁlios
941 4973 1274 5044 procreabant
1299 4973 1355 5028 in
1391 4974 1660 5030 maledicto
1673 5015 1694 5042 ,
1723 4977 1844 5048 μία
1865 4992 2037 5036 sean

447 5063 767 5124 benedictum
791 5081 824 5118 a
849 5063 954 5120 Deo
974 5072 1056 5122 .est
1085 5061 1236 5136 (Isat'.
1265 5079 1395 5131 LXV,
1421 5063 1642 5136 QI-S3).

442 5173 455 5204 ο
526 5163 659 5215 Anc.
701 5156 850 5213 [lane
890 5157 1041 5212 lsaia:
1083 5157 1416 5228 prophetiam
1443 5159 1489 5212 si
1535 5159 1862 5232 intelligeres
1883 5201 1900 5227 ,
1926 5177 2032 5224 non

446 5260 570 5310 eam
599 5249 752 5309 nobis
775 5258 836 5310 ut
856 5247 1166 5318 elabereris,
1187 5248 1286 5306 sed
1309 5248 1404 5305 tibi
1419 5250 1594 5320 potius
1623 5259 1680 5308 ut
1691 5253 2034 5324 corrigereris

519 5425 535 5456 ³
571 5425 708 5485 mliti,
731 5436 841 5475 cunt
862 5423 1304 5485 oriﬁmendantttr
1335 5439 1400 5478 ex
1436 5435 1540 5480 mss.

516 5486 538 5550 ξ
571 5484 720 5550 mm)
743 5484 982 5550 ἔστωνιῦιά
1007 5498 1027 5537 ἔ
1047 5495 1296 5550 summe.

519 5546 541 5618 ξ
571 5552 622 5618 tu
639 5545 1094 5618 oditisdeerat,_s'd
1113 5545 1212 5618 est;
1229 5549 1504 5600 Beaituitur
1530 5563 1591 5600 οι
1618 5554 1969 5617 stattttscript‘s.

520 5606 540 5678 ξ
573 5616 750 5678 ttmnes
771 5615 898 5678 aliis,
916 5607 1230 5678 pertinerent.

517 5666 542 5733 ξ
571 5670 728 5733 codex
749 5666 892 5728 clam,
915 5666 1179 5733 pascentes.

522 5727 543 5794 ξ
571 5731 729 5794 Gades
745 5727 901 5790 avorti,
917 5727 1186 5794 religionis.

517 5787 542 5822 ⁷
573 5791 696 5842 Idem
725 5799 826 5852 iis,
849 5787 1228 5852 pcrscti'rabuut.
1291 5844 1297 5851 ,

1761 320 1976 424 Lmen.
1998 357 2342 434 QUARTUS.

3569 363 3708 420 H30

2129 490 2452 548 opponens.
2478 474 2637 536 Aliud
2654 474 2806 534 enim
2836 489 2942 534 non
2969 477 3218 550 mortale,
3241 477 3337 538 sed
3363 477 3706 558 immortale;

2130 580 2230 622 nec
2255 565 2504 634 cantate,
2527 564 2624 630 sed
2651 565 2927 638 spirituale
2960 581 3146 632 semen
3182 567 3428 629 videres:
3452 570 3598 646 quod
3625 571 3708 628 vi-

2128 660 2289 718 debat
2322 659 2563 718 Joannes
2603 660 2969 735 evangelista,
2999 661 3211 734 quando
3252 661 3493 732 dicebat,
3530 661 3711 723 Danais

2129 753 2216 822 qui
2258 761 2408 812 natus
2430 762 2503 810 est
2531 767 2600 808 es
2623 751 2732 810 Dee
2749 792 2766 820 ,
2789 769 2895 810 non
2920 761 3126 825 peccat;
3161 755 3285 826 quia
3323 771 3494 810 semen
3509 756 3631 828 ejus
3649 757 3713 814 in

2129 845 2242 916 ipso
2267 855 2431 903 mouet
2457 845 2498 915 (I
2517 843 2673 900 locu.
2697 861 2780 910 tu.
2807 845 2886 916 9).
2909 845 3217 905 Secundum
3244 845 3346 903 hoc
3359 861 3546 906 semen
3563 850 3710 920 quis-

2132 953 2236 1009 que
2276 952 2382 999 non
2427 947 2610 1010 peccat
2637 955 2652 993 :
2679 937 2801 1016 quia
2834 947 2890 999 et
2923 938 2971 997 si
2999 947 3182 1009 peccat
3223 947 3280 994 ut
3321 937 3520 1006 homo.
3545 939 3713 1000 habet

2135 1042 2312 1094 tamen
2353 1031 2578 1096 alterum
2605 1046 2822 1098 semen,
2855 1031 3153 1092 secundum
3193 1030 3337 1104 quod
3373 1047 3559 1093 semen
3600 1048 3713 1093 non

2135 1131 2308 1193 potest
2324 1137 2573 1194 peccare,
2601 1123 2725 1195 quia
2741 1137 2818 1180 es
2845 1123 2954 1180 Deo
2971 1133 3127 1179 natus
3146 1133 3250 1182 est.
3277 1123 3579 1182 Secundum
3609 1122 3712 1183 hoc

2134 1229 2318 1272 semen
2349 1213 2442 1270 lilii
2483 1229 2590 1270 non
2615 1225 2968 1286 procreantur
3003 1215 3059 1272 in
3102 1215 3405 1273 maledicto.
3439 1215 3498 1272 ln
3520 1215 3716 1288 quibus

2137 1303 2413 1376 Propheta:
2439 1305 2616 1365 verbis
2635 1307 2886 1379 evigilat-6
2903 1305 3132 1366 debuisti
3151 1347 3166 1371 .
3193 1315 3249 1366 et
3271 1307 3549 1364 advertere
3572 1307 3720 1380 quod

2137 1410 2242 1451 non
2269 1411 2366 1467 pro
2385 1412 2576 1468 magno
2601 1413 2821 1454 munere
2841 1397 2944 1472 hoc
2961 1399 3360 1470 promitteretur
3381 1398 3574 1474 populo
3598 1399 3712 1462 Dei.

2137 1487 2237 1544 nisi
2266 1487 2388 1559 quia
2415 1496 2760 1560 procreantur
2787 1483 2882 1546 lilii
2906 1491 2960 1546 in
2986 1490 3272 1547 maledicto
3312 1489 3606 1547 secundum
3631 1491 3712 1546 al-

2139 1587 2311 1634 terum
2351 1593 2570 1644 semen,
2599 1578 2741 1652 quod
2769 1589 2856 1637 est
2894 1596 2962 1637 ex
2991 1581 3198 1649 Adam;
3225 1584 3337 1638 non
3377 1592 3556 1638 autem
3589 1597 3716 1653 pro-

2137 1678 2386 1726 creantur
2415 1669 2470 1725 in
2499 1671 2782 1727 maledicto
2806 1671 3100 1728 secundum
3129 1673 3396 1729 Christum
3423 1715 3436 1739 ,
3461 1673 3605 1745 quod
3629 1680 3717 1728 est

2139 1776 2322 1823 semen
2343 1761 2685 1824 benedictum
2711 1763 2780 1820 ab
2801 1763 2974 1820 initio.
3005 1763 3124 1836 ipse
3146 1773 3232 1821 est
3257 1766 3398 1821 enirn
3421 1775 3474 1821 et
3497 1764 3724 1836 Sapien-

2141 1854 2214 1909 tia
2241 1853 2369 1920 Dei,
2399 1853 2467 1910 de
2493 1871 2596 1926 qua
2619 1855 2818 1912 dictum
2847 1865 2964 1922 est,
2991 1854 3210 1928 Liguunt
3238 1857 3352 1912 vita
3390 1867 3462 1914 est
3488 1859 3720 1916 omnibus

2140 1948 2550 2019 amplectentibus
2574 1967 2686 2005 eam
2713 1949 2897 2025 (Prov.
2929 1967 3010 2019 nt,
3040 1952 3168 2025 18):
3195 1953 3336 2010 unde
3361 1963 3416 2011 et
3443 1953 3546 2010 iste
3577 1957 3719 2012 “Pro-

2145 2039 2322 2108 pheta,
2350 2041 2435 2098 vel
2451 2041 2597 2100 Deus
2615 2044 2792 2114 potius
2807 2059 2907 2116 per
2926 2045 3268 2116 Propltetam,
3299 2045 3591 2104 Secundum
3612 2049 3722 2109 dies

2143 2132 2270 2209 tigni
2298 2134 2442 2202 vita,
2471 2135 2677 2206 inquit,
2705 2147 2851 2197 erunt
2876 2137 2985 2194 dies
3011 2139 3108 2193 mei
3136 2139 3331 2212 populi.
3361 2139 3479 2196 =Vita
3520 2153 3718 2201 talenta

2143 2234 2198 2281 et
2224 2225 2538 2282 immortalis
2563 2228 2970 2298 promittebatur
2999 2228 3086 2286 his
3113 2229 3306 2297 verbis,
3335 2245 3448 2288 non
3489 2229 3720 2293 carnali-

2143 2315 2262 2384 bus,
2290 2316 2388 2374 sed
2413 2317 2778 2388 spiritualibus
2799 2319 3078 2378 lsraelitis.
3109 2321 3186 2378 ibi
3227 2323 3396 2378 vineas
3417 2324 3726 2396 spirituales

2135 2417 2200 2463 et
2223 2407 2420 2465 domus
2457 2424 2562 2466 non
2588 2411 2910 2484 quandoque
2937 2413 3290 2472 morientibus
3317 2414 3726 2486 pastinatoribus

2143 2511 2200 2560 et
2223 2501 2636 2564 aediﬁcatoribus
2674 2504 2787 2562 suis
2808 2505 3228 2578 .possidebttntur
3254 2507 3324 2571 ab
3348 2509 3469 2566 aliis
3479 2549 3505 2576 .,
3535 2508 3724 2568 sedab

2146 2591 2276 2662 ipsis
2302 2593 2420 2654 sine
2447 2592 2554 2654 line
2582 2595 2899 2656 viventibus.
2943 2597 3084 2672 Ergo
3117 2612 3348 2671 agnosce
3387 2599 3496 2658 duo
3525 2615 3726 2672 genera

2145 2681 2444 2758 seminum,
2489 2699 2650 2740 unum
2681 2685 3044 2756 generationis
3065 2727 3082 2754 ,
3107 2697 3164 2743 et
3188 2688 3414 2745 alterunt
3443 2704 3728 2764 regenera-

2147 2771 2344 2832 tionis:
2373 2783 2425 2828 et
2453 2773 2560 2829 noli
2587 2789 2710 2832 esse
2732 2775 3054 2848 incredulus,
3079 2778 3176 2836 sed
3203 2780 3396 2837 ﬁdelis.

2215 2862 2500 2924 CXXXVI.
2529 2866 2648 2925 ιω..
2677 2867 2954 2926 Patiamur
2976 2886 3104 2944 ergo
3131 2873 3341 2944 pueruli
3367 2873 3436 2930 de
3461 2875 3578 2932 istis
3606 2891 3729 2932 ver-

2147 2952 2336 3014 borum
2355 2957 2828 3020 contrarietatibus
2847 2959 3222 3032 qtuestiunem,
3251 2972 3311 3020 ut
3334 2967 3528 3028 nullius
3553 2967 3726 3038 majo-

2146 3045 2222 3100 ris
2245 3045 2328 3101 rei
2359 3061 2518 3116 quam
2558 3063 2812 3105 sonorum
2845 3067 3070 3122 capaces
3107 3068 3203 3123 pro
3230 3055 3587 3114 alludentibus
3624 3059 3727 3118 sibi

2146 3136 2351 3207 poculis
2375 3137 2394 3169 ¹
2422 3139 2731 3210 praelientur
2752 3157 2766 3195 :
2789 3141 3050 3197 catholica
3082 3159 3209 3199 vero
3239 3145 3370 3214 fides
3408 3163 3580 3218 neque
3610 3147 3722 3220 jur-

2145 3240 2272 3296 gare
2293 3224 2577 3284 adversum
2604 3245 2664 3286 se
2689 3230 2860 3303 legem
2885 3233 2981 3302 Dei
3004 3233 3208 3302 credit,
3239 3252 3413 3308 neque
3441 3239 3598 3294 ullam
3615 3257 3723 3301 ,ιλιι-

2145 3316 2445 3372 ctoritatcm
2475 3317 2528 3373 in
2567 3320 2787 3376 exitium
2815 3323 3036 3379 rationis
3058 3324 3320 3393 admittit;
3354 3345 3454 3384 nec
3476 3331 3724 3403 cuiquam

2145 3404 2378 3477 opinioni
2405 3416 2562 3479 atque
2589 3407 2877 3482 adulationi
2903 3413 2956 3470 in
2983 3414 3244 3471 maculam
3281 3417 3476 3474 divina:
3497 3423 3721 3492 natuita.

2145 3498 2216 3553 tis
2239 3498 2506 3555 auscultat
2529 3518 2543 3556 :
2565 3501 2660 3560 sed
2691 3513 2750 3558 ut
2774 3504 2942 3560 Deum
2969 3523 3074 3563 non
3105 3508 3277 3564 solum
3303 3512 3512 3579 credit,
3540 3529 3724 3574 verum

2144 3588 2305 3646 etiam
2357 3591 2504 3647 novit
2544 3593 2782 3652 omnium
2805 3607 3110 3654 naturarum
3131 3612 3470 3670 creatorem;
3523 3605 3595 3661 ibi
3645 3605 3722 3681 (α)

2144 3683 2568 3760 peccatumnulli
2585 3685 2674 3741 alii
2695 3702 2851 3758 quam
2869 3688 3284 3762 libemimputat
3303 3695 3558 3753 voluntati
3585 3717 3600 3753 :
3625 3715 3722 3768 per

2143 3789 2262 3846 quas
2287 3775 2463 3831 omnia
2489 3777 2757 3835 traducem
2783 3782 2984 3852 peccati
3013 3782 3199 3842 falsam
3227 3801 3348 3844 esse
3371 3804 3476 3862 nun
3497 3789 3723 3847 dubitat.

2214 3868 2351 3926 Anc.
2375 3870 2646 3930 Catholica
2670 3877 2847 3945 potius
2869 3875 2999 3934 ﬁdes
3025 3889 3299 3949 peccatum
3319 3897 3444 3938 esse
3468 3884 3725 3956 originale

2145 3975 2252 4015 non
2293 3959 2716 4036 dubitat:quam
2761 3965 2920 4024 [idem
2959 3983 3068 4025 non
3111 3971 3350 4041 pueruli,
3389 3973 3484 4030 sed
3526 3990 3718 4046 graves
3765 4015 3782 4028 .

2044 4112 2060 4126 .
2142 4060 2304 4130 atque
2325 4061 2634 4112 constantes
2669 4056 2804 4124 viri,
2833 4057 2975 4116 docti
3003 4061 3058 4116 in
3089 4061 3324 4119 Ecclesia
3350 4105 3366 4129 ,
3392 4075 3447 4120 et
3471 4064 3726 4124 docentes

2145 4144 2459 4213 Ecclesium,
2483 4165 2650 4220 usque
2668 4149 2737 4206 ad
2760 4150 2902 4206 diem
2923 4151 3004 4208 sui
3024 4153 3202 4211 obitus
3219 4153 3588 4218 defenderunt.
3621 4159 3726 4218 Vos

2143 4246 2320 4292 autem
2364 4239 2534 4308 legem
2582 4240 2675 4296 Dei
2711 4241 2992 4322 adversum
3030 4261 3118 4312 se,
3145 4247 3282 4310 sicut
3319 4248 3486 4315 dicis,
3507 4249 3724 4324 jurgare

2146 4343 2252 4384 non
2277 4329 2514 4398 creditis,
2542 4340 2598 4387 et
2625 4332 2726 4403 ipsi
2754 4333 3012 4392 adversus
3033 4351 3152 4392 eam
3176 4351 3319 4395 caeca
3346 4339 3616 4412 impietate
3643 4342 3725 4400 vel

2146 4420 2304 4492 impia
2332 4423 2571 4481 caecitate
2602 4424 2844 4498 jurgatis.
2880 4425 3003 4484 Ideo
3027 4429 3170 4486 enim
3195 4432 3566 4494 auctoritatem
3602 4436 3726 4497 ,nul-

2145 4511 2326 4568 lamin
2352 4515 2569 4572 exitium
2595 4516 2812 4574 rationis
2837 4534 2933 4574 vos
2962 4518 3177 4592 iactatis
3205 4523 3521 4592 admittere;
3560 4535 3616 4581 ut
3640 4543 3726 4582 ra-

2145 4605 2377 4662 tionibus
2403 4608 2630 4674 vestris,
2657 4625 2779 4680 qua:
2804 4625 2910 4666 non
2951 4597 3208 4684 rationes,
3247 4613 3342 4672 sed
3380 4614 3724 4686 deceptiones

2142 4703 2282 4760 sunt,
2313 4695 2474 4750 etiam
2497 4696 2674 4752 divina
2698 4697 3000 4771 deponatur
3021 4702 3215 4772 potius.
3242 4718 3400 4774 quam
3427 4716 3724 4774 expuuntur

2141 4785 2448 4842 auctoritas.
2505 4785 2758 4853 Quamvis
2803 4805 2962 4844 nemo
3020 4791 3090 4846 ita
3133 4807 3254 4848 esse
3311 4793 3504 4849 debeat
3541 4797 3724 4866 gravis

2141 4874 2332 4943 corde,
2375 4883 2435 4932 ut
2477 4877 2774 4946 decipiatur
2827 4881 3032 4936 ratione
3081 4881 3312 4954 Pelagii,
3364 4899 3521 4955 quam
3578 4887 3725 4944 Velut

2141 4981 2416 5039 exponens
2438 4968 2748 5040 Apostolum
2780 4970 3018 5040 protulit,
3045 4981 3098 5028 et
3121 4973 3195 5028 ait
3217 4971 3450 5046 :L‘orpus
3465 4987 3722 5036 mortuum

2142 5068 2347 5131 propter
2375 5071 2665 5134 peccatum,
2710 5062 2824 5118 ideo
2866 5062 3086 5131 dictum,
3123 5064 3244 5137 quia
3277 5081 3461 5138 corpus
3506 5071 3723 5126 moritur

2142 5152 2378 5220 peccatis,
2402 5151 2606 5222 quando
2633 5153 2873 5208 auertitur
2899 5171 2930 5207 α
2947 5157 3192 5224 peccatis.
3219 5155 3418 5220 Contra
3441 5175 3600 5230 quant
3631 5178 3720 5218 va-

2141 5241 2360 5298 nitatem
2397 5259 2502 5298 non
2543 5243 2996 5314 diSputattdutnf,
3022 5245 3116 5304 sed
3149 5248 3436 5319 Apostolus
3485 5250 3599 5322 ipse
3635 5253 3719 5308 le-

2141 5333 2345 5403 gendus
2369 5343 2471 5400 est,
2496 5334 2714 5392 dicens:
2739 5336 2800 5392 Si
2826 5347 2993 5394 autem
3017 5339 3248 5397 Christus
3271 5342 3326 5397 iu
3350 5344 3506 5412 vobis,
3536 5363 3722 5418 corpus

2139 5423 2338 5496 quidem
2367 5435 2618 5480 mortuum
2637 5437 2710 5482 est
2735 5438 2944 5500 propter
2967 5443 3245 5503 peccatum,
3274 5435 3482 5506 spiritus
3498 5435 3522 5466 ⁵
3549 5447 3722 5492 autent

2205 5555 2222 5588 ⁸
2253 5555 2394 5628 φα.
2649 5559 2842 5628 _Aptitts,
2881 5569 2943 5628 ut
2968 5563 3180 5627 videtur,
3212 5573 3357 5618 vetus
3390 5566 3542 5628 unde!
3569 5573 3716 5627 ναι..

2139 5615 2600 5690 ροςυρμ--ᾘὸιςρμ
2617 5615 2970 5690 Ειὲιιιευιηςίιξιι
2985 5639 3052 5684 c.,
3211 5615 3542 5690 ιτδςιοὲιιῧὶέ
3571 5615 3578 5617 ’
3606 5615 3662 5678 il.

2203 5680 2223 5750 ξ
2256 5680 2640 5750 itis-auctoritate
2655 5690 2761 5734 Mss.
2774 5680 3055 5750 addidunus,
3078 5680 3440 5750 disputandum.

2202 5739 2226 5810 ξ
2257 5739 2392 5810 illiti,
2415 5740 2646 5810 Christus.
2665 5739 2960 5810 castigantur
2976 5739 3144 5806 adsis.
3159 5739 3295 5800 't'ot't.

2207 5801 2278 5862 (tl)
2311 5807 2468 5862 Forte.
2490 5803 2574 5854 ita.
