4150 6494
465 324 594 378 “3|

459 447 558 487 ram
596 445 667 488 est
697 443 901 505 propter
934 438 1190 507 justitiam
1215 480 1228 493 .
1253 441 1299 492 si
1325 452 1492 494 autent
1539 443 1750 512 spiritus
1793 445 1902 516 ejus
1923 487 1936 506 ,
1965 445 2052 512 qui

456 528 714 582 suscitavit
739 528 918 583 Jerum
947 548 978 583 a
1008 534 1241 597 mortuis,
1272 534 1465 587 habitat
1491 537 1540 587 in
1568 535 1704 589 vobis
1726 537 1742 567 ⁸
1766 577 1780 600 ,
1821 537 2048 605 vivi/ica-

455 619 526 671 bit
555 630 600 672 et
627 621 865 674 mortalia
891 637 1109 687 corpora
1138 636 1300 678 vestra
1345 642 1433 695 per
1457 627 1476 658 ¹
1501 627 1864 681 inhabitantem
1890 629 2044 698 spiri-

458 720 557 765 tum
583 712 694 782 ejus
721 712 771 766 in
798 715 935 767 vobis
969 714 1143 785 (Rom.
1178 732 1294 784 vttt,
1327 717 1410 781 10,
1449 716 1535 789 ll)
1557 720 1582 771 ἲ
1605 719 1741 787 Quid
1763 723 2048 790 apertius?

430 803 575 875 quid
622 805 889 862 lucidius?
916 809 1075 876 Quis,
1107 826 1270 881 rogo,
1299 821 1485 866 contra
1533 813 1688 867 istam
1737 814 2046 871 manifesta-

435 895 671 960 tionem,
705 899 803 953 nisi
831 902 1079 956 h:eretica
1119 903 1354 966 insania,
1387 915 1606 974 negaret
1631 906 1891 976 originale
1913 923 2047 980 pec-

437 988 669 1042 catum?
699 989 924 1060 Propter
970 993 1110 1062 quod
1141 1005 1416 1063 peccatum
1463 996 1623 1050 etiam
1672 1012 1814 1052 nunc
1855 999 2043 1067 utique

455 1079 629 1135 adhuc
675 1097 869 1152 corpus
918 1094 999 1138 est
1046 1096 1313 1140 mortumn
1339 1103 1354 1151 ;
1383 1089 1628 1156 quamvis
1666 1089 1778 1153 jam
1822 1100 2036 1160 propter

441 1173 702 1240 jnSIitiam
730 1177 832 1229 vita
861 1177 927 1230 sit
954 1177 1191 1246 spiritus.
1216 1179 1322 1232 Sed
1351 1181 1638 1247 viviﬁcabit,
1671 1181 1863 1252 inquit,
1893 1182 2033 1238 Deus

440 1275 488 1318 et
516 1269 752 1321 mortalia
791 1286 1007 1339 corpora
1035 1281 1219 1325 vestra.
1249 1273 1378 1340 Quis
1403 1273 1696 1328 oblatraret
1729 1273 1853 1329 huic
1891 1277 2033 1329 veri-

507 1376 521 1408 '
552 1377 642 1450 ttic
685 1379 841 1430 culex
897 1389 1019 1432 I’ort.
1067 1385 1270 1446 repetit,
1310 1383 1395 1446 qui
1435 1384 1680 1436 suscitavit
1717 1383 1958 1437 (tn-istum
2001 1401 2034 1438 a

521 1453 540 1473 ν

436 1445 655 1490 mortuis.

504 1503 525 1532 ³
559 1502 708 1562 miti,
727 1511 942 1568 propter.

434 1604 497 1622 ς.

1145 325 1393 384 ΟΡΕΙὶιδ
1434 329 1848 387 IMPERFECTI
1885 330 2160 387 CUNTﬂi
2196 331 2558 400 JULIANUM,
2599 338 2656 393 S.
2698 333 3067 395 AUGUSTI.“

538 1610 3102 1638 W

3611 344 3756 401 ΗΜ

2161 446 2252 500 tati
2273 489 2287 513 ,
2320 447 2424 502 nisi
2456 449 2631 506 rabies
2656 452 2921 517 vanitatis,
2950 468 3070 524 qua:
3094 468 3153 509 se
3175 453 3196 526 j
3215 466 3342 512 uetat
3364 460 3494 514 nulli
3515 465 3745 530 opiniom‘

2156 547 2308 608 atque
2332 539 2618 596 adulationi
2645 544 2933 599 auscultare
2975 547 3028 600 in
3057 549 3310 601 maculant
3337 551 3586 620 (vanitatis
3613 553 3744 609 divi-

2156 645 2276 695 nae;
2316 646 2438 685 cum
2483 634 2662 702 potius
2683 637 2987 706 aequitatem
3015 639 3250 714 divinam
3279 658 3476 713 negare
3501 659 3742 718 cogatur.

2152 721 2392 793 quisquis
2419 722 2674 795 deceptus
2720 726 2878 783 fuerit
2905 745 2935 784 a
2973 731 3165 786 vobis?
3193 732 3455 801 Quoniam
3503 746 3578 792 tot
3620 741 3744 796 vitia

2151 815 2237 870 vel
2263 831 2572 888 corporum.
2596 822 2680 876 vel
2707 823 3062 895 ingeniorum,
3093 843 3212 882 cum
3237 830 3432 899 quibus
3457 845 3746 890 nascuntur

2150 907 2417 974 homines,
2446 913 2490 967 si
2513 913 2711 970 nullius
2732 918 2932 986 peccati
2959 917 3212 975 dicuntur
3235 922 3446 980 trahere
3467 925 3734 992 meritum,

2149 1001 2336 1070 procul
2361 1002 2524 1059 dubio
2555 1005 2648 1061 Dei
2688 1017 2912 1078 negatur
2927 1009 3131 1079 justum
3173 1027 3294 1069 esse
3317 1014 3596 1084 judicium.
3641 1017 3714 1072 Ita

2146 1109 2270 1164 que,
2298 1111 2419 1149 cum
2450 1099 2704 1153 voluntati
2735 1114 2949 1170 peccata
2979 1105 3056 1157 sic
3077 1105 3372 1177 imputatis,
3403 1118 3458 1162 ut
3480 1111 3739 1164 voluntati

2146 1186 2302 1256 primi
2335 1189 2568 1242 hominis
2607 1190 2866 1261 originale
2894 1205 3171 1262 peccatum
3218 1198 3481 1267 imputare
3521 1200 3735 1266 nolitis,

2148 1280 2326 1333 omnia
2360 1281 2494 1335 mala
2521 1299 2640 1352 qua-
2665 1277 2883 1340 trahunt
2922 1287 3004 1340 vel
3034 1289 3311 1357 patiuntur
3337 1289 3565 1345 infantes
3586 1333 3600 1356 ,
3629 1292 3730 1346 itii-

2143 1385 2248 1443 (ιειο
2293 1371 2382 1424 Dvi
2423 1371 2663 1441 judicio,
2696 1391 2790 1431 eos
2830 1377 2918 1447 qui
2969 1378 3118 1433 vobis
3166 1380 3427 1446 credunt,
3472 1381 3735 1452 imputate

2137 1463 2480 1531 eonipcllitis.

1529 1689 2006 1797 LIBER
2090 1691 2191 1820 Q
2215 1693 2821 1807 UINTU'S.

493 1873 746 1924 conﬁrmat
769 1881 834 1924 Au

836 1877 1079 1954 gustinus,
1105 1885 1157 1927 et
1177 1891 1205 1928 a
1222 1877 1394 1954 Juliani
1417 1877 1670 1951 calumniis
1692 1878 1899 1952 vindicat
1923 1891 1982 1954 ea
2004 1892 2124 1954 qtae
2139 1879 2186 1927 in
2209 1877 2333 1954 libro
2354 1880 2572 1931 secundo
2588 1882 2653 1954 de
2683 1885 2872 1954 Nuptiis
2902 1893 2952 1954 et
2989 1890 3401 1954 Concutgziseetitia,
3425 1894 3582 1954 capite
3604 1892 3733 1944 dno-

430 1935 622 1986 decimo
645 1945 695 1986 et
715 1935 1003 2001 quibusdam
1026 1935 1347 2002 sequentibus
1381 1941 1589 2002 scripsit.
1619 1943 1670 2016 in
1703 1941 1867 2016 primis
1904 1935 2131 2016 videlicet
2144 1941 2282 2016 Δ(ιιιοςι
2323 1954 2432 1990 eam
2454 1935 2861 2016 _wmmixtioaeni
2887 1949 3003 2016 _sive
3033 1935 3412 2016 commodisin
3453 1935 3728 2016 phdeudam

432 1999 760 2049 membrorum
783 2013 879 2072 non
905 1999 1115 2072 haberet
1141 2010 1308 2078 natth
1331 1999 2002 2078 s‘anna,'quam_habetl_natura
2025 1999 2198 2078 vitiata
2217 2017 2244 2074 ε⁸
2263 2016 2324 2078 ac
2344 2016 2433 2078 per
2454 2004 2548 2078 hoc
2566 2006 2696 2078 quod
2721 2007 2862 2078 isqui
2885 2009 2999 2078 inde
3022 2012 3260 2078 nascitur1
3275 1999 3725 2078 :indigez'it‘retﬁi:

431 2059 613 2109 Deinde
630 2062 763 2134 quod
789 2061 853 2110 ibi
877 2073 946 2123 ca.
967 2063 1114 2144 itilitts
1139 2063 1316 2144 meo,
1341 2059 1708 2144 ﬁzconteudit,
1727 2059 2487 2144 έριίέιῐξιέῐῐξξλίρϐξίέξὶῇςξξριξίξιξιξε
2501 2059 2814 2144 testimoniis;
2850 2076 2990 2144 tutor:
3015 2085 3099 2130 xv,
3120 2059 3722 2144 ⁷5ζὶξ38ξέὶσῆᾇῖιιξῖῖῇξ

429 2123 774 2198 sententiaque
799 2123 1081 2198 evangelica
1098 2125 1265 2198 ptatth.
1290 2142 1369 2184 vu,
1405 2127 1478 2184 l7,
1505 2139 1594 2198 seu
1621 2141 1702 2184 xu,
1726 2127 1806 2198 ‘53.,
1824 2138 2092 2198 perperam
2114 2127 2319 2198 abusum
2343 2140 2474 2177 esse.
2498 2129 2629 2186 Quod
2653 2123 2811 2198 capite
2837 2133 3074 2198 vigesimo
3087 2123 3265 2198 octavo
3293 2123 3520 2198 asseruit,
3547 2123 3724 2189 maluo;

426 2194 517 2231 seu
542 2183 843 2234 voluniatem
867 2183 941 2233 ma

1065 2187 1175 2236 ideo
1198 2201 1441 2262 exolvere
1465 2189 1548 2236 Dei
1573 2189 1836 2262 bono_oriri
1863 2187 2096 2262 potuisse,
2120 2189 2233 2249 quia
2257 2188 2286 2248 ii
2304 2201 2412 2236 sum
2433 2187 2722 2262 quanquam
2745 2187 2941 2262 bonum,
2964 2194 3030 2244 de
3053 2195 3204 2262 nihilo
3225 2197 3400 2262 factum
3423 2187 3519 2262 est,
3544 2187 3726 2253 adeo;

428 2251 544 2295 tneo.
569 2254 635 2296 Ac
655 2255 901 2309 postremo
922 2249 1051 2310 quod
1074 2251 1232 2312 capite
1253 2249 1444 2300 decim
1464 2253 1673 2314 septimo
1693 2249 1874 2310 docuit,
1895 2250 1968 2299 sic
1989 2256 2141 2299 Deum
2161 2262 2336 2300 creare
2353 2249 2524 2314 malos,
2548 2249 2791 2316 quomodo

2813 2257 2966 2318 pascit
2983 2263 3036 2307 et
3057 2259 3209 2310 nutrit
3229 2259 3399 2312 malos.

499 2470 539 2525 l.
569 2470 842 2527 JUIJANUS.
887 2474 1232 2546 Compertum
1279 2485 1363 2530 est
1404 2475 1580 2530 omnis
1616 2475 1715 2530 a-vi
1768 2473 2020 2544 periculis

425 2562 564 2630 apud
596 2579 792 2633 paucos
814 2566 1102 2636 incorrupti
1122 2567 1472 2621 reverentiam
1497 2567 1675 2636 vigere
1695 2564 1899 2634 judicii,
1927 2563 2018 2634 qui

423 2666 473 2708 ot
499 2657 737 2712 scientia:
766 2658 956 2712 studiis
985 2658 1173 2726 dediti,
1204 2669 1257 2714 et
1284 2659 1540 2714 virtutum
1569 2667 1906 2729 appetentes,
1935 2656 2017 2712 vel

426 2758 651 2816 possunt
674 2749 928 2820 indagare
956 2767 1162 2815 verum,
1195 2751 1278 2807 vel
1308 2763 1578 2822 repertum
1621 2751 1818 2807 audent
1847 2752 2014 2814 tueri;

422 2849 535 2907 aut,
563 2841 701 2896 sicut
747 2841 822 2896 ait
848 2843 1154 2913 Apostolus,
1181 2843 1477 2897 exercitatos
1515 2842 1698 2896 habent
1720 2859 1915 2908 sensus,
1948 2842 2017 2894 ad

421 2930 774 2986 discretionem
799 2933 918 2986 boni
941 2935 1164 3005 malique
1188 2933 1371 3005 (Hebr.
1405 2951 1456 2997 v,
1483 2935 1607 3006 ll);
1639 2949 1738 2990 nec
1759 2934 1880 2990 ullis
1915 2935 2014 2988 ad-

420 3039 696 3079 versorum
729 3024 1046 3098 franguntur
1073 3028 1339 3098 procellis,
1369 3028 1459 3100 qui
1481 3028 1547 3083 de
1574 3027 1764 3084 eodem
1791 3027 2014 3082 audiunt

419 3128 767 3190 praeceptore.
813 3134 978 3190 usque
1025 3120 1091 3175 ad
1131 3122 1440 3193 sanguinem
1494 3120 1848 3178 resistendum
1892 3131 2013 3176 esse

419 3212 651 3280 peccatis
686 3210 795 3283 (Id.
827 3229 920 3278 xu,
946 3214 1055 3282 Η).
1087 3213 1150 3270 lli
1177 3230 1305 3284 ergo
1337 3215 1644 3284 prudentes,
1675 3230 1813 3286 quos
1855 3214 2004 3269 stoli-

417 3303 608 3357 dorum
637 3305 814 3375 populi
848 3305 1045 3361 faciunt
1074 3323 1270 3376 paucos
1308 3307 1497 3371 videri,
1522 3308 1759 3363 scientia:
1787 3315 1840 3362 et
1863 3307 2011 3361 forti—

416 3392 584 3448 tudini
632 3393 788 3464 juxta
841 3412 1060 3466 prorsus
1105 3398 1340 3454 student.
1387 3397 1584 3453 Neutra
1622 3399 1765 3453 enim
1810 3397 2012 3467 absque

413 3487 580 3541 altera
625 3496 714 3542 aut
758 3487 986 3544 fructum
1032 3491 1356 3562 assequitur,
1407 3503 1498 3547 aut
1529 3491 1787 3547 honorem
1831 3507 2010 3562 :quo-

415 3579 558 3634 niam
588 3591 644 3635 et
683 3581 938 3636 fortitudo
969 3583 1067 3638 nisi
1099 3585 1316 3654 optimis
1361 3600 1456 3654 per
1490 3585 1766 3640 scientiam
1792 3584 2006 3639 admota

417 3672 576 3726 rebus
603 3683 706 3734 est,
758 3675 808 3728 in
867 3674 1246 3745 despicabilem
1291 3677 1524 3748 erumpit
1552 3677 1847 3738 insaniam;
1896 3686 1949 3730 et
1977 3692 2009 3731 e

414 3764 634 3833 regione
652 3767 970 3821 examinatte
994 3768 1214 3838 justitite
1247 3770 1262 3801 ⁸
1293 3769 1458 3838 leges.
1481 3768 1581 3823 nisi
1599 3767 2008 3838 magnanimita-

413 3855 481 3908 tis
513 3872 696 3909 murus
728 3857 1021 3921 incluserit,
1054 3859 1249 3926 praeda:
1295 3859 1576 3914 confestim
1621 3860 1896 3928 patebunt,
1945 3873 2011 3912 ac

413 3947 671 3999 servitum
702 3947 1015 4002 criminibus
1036 3949 1385 4004 abducentur.
1421 3950 1527 4004 llas
1555 3965 1682 4021 ergo
1703 3950 1872 4019 bigas,
1892 3948 2010 4004 sine

415 4039 610 4106 quibus
636 4038 951 4108 triumphari
1000 4039 1067 4094 de
1098 4042 1279 4096 nmndi
1309 4043 1580 4098 erroribus
1610 4042 1880 4113 nequitur.
1923 4041 2008 4096 di-

416 4130 585 4182 versis
606 4129 850 4184 aetatibus
881 4131 1134 4187 rarissimi
1159 4134 1374 4204 quique,
1401 4136 1489 4204 qui
1511 4135 1755 4190 colerent
1783 4145 1836 4190 et
1858 4135 2011 4206 juga—

415 4227 536 4273 rent
562 4228 721 4290 atque
751 4233 1000 4292 regerent
1024 4265 1039 4288 ,
1073 4225 1396 4280 exstiterunt
1423 4243 1435 4280 :
1465 4226 1715 4296 quoniam
1747 4235 1801 4282 et
1844 4229 2010 4283 scicn-

415 4310 501 4364 ti:e
546 4310 778 4365 studium
831 4321 937 4366 tam
1007 4313 1125 4383 fuga
1197 4315 1395 4370 laboris
1464 4331 1621 4386 quam
1673 4319 2005 4374 saecularium

414 4415 664 4456 curarum
694 4401 1243 4474 diversitasimpedit,
1277 4417 1329 4462 et
1355 4409 1709 4463 constantiam
1737 4426 2004 4464 mrumna-

417 4508 556 4558 rum,
582 4509 702 4563 quze
727 4494 796 4548 ab
826 4495 1082 4564 improbis
1108 4497 1428 4565 excitantur,
1464 4499 1692 4556 formido
1739 4503 2002 4573 percellit.

411 4584 545 4652 Quae
585 4586 1041 4656 oppugnationum
1069 4603 1265 4660 genera
1312 4591 1533 4645 vincunt
1559 4593 1774 4662 quidem
1821 4595 2005 4651 ﬁdeles

409 4676 572 4732 animi
600 4687 649 4732 et
677 4678 949 4750 sapientes
980 4696 994 4733 :
1028 4697 1211 4735 verum
1245 4688 1349 4736 tam
1377 4684 1480 4737 rari
1513 4694 1655 4748 sunt,
1682 4696 1738 4741 ut
1759 4687 1899 4742 inter
1926 4688 2006 4742 in-

415 4786 668 4826 sanorum
731 4775 988 4843 populos,
1038 4775 1160 4845 quia
1214 4793 1318 4832 non
1362 4776 1595 4846 furiuot,
1639 4779 1874 4837 insanire
1924 4781 2003 4836 vi-

410 4865 654 4919 deantur.

484 4955 837 5012 Auens-riuus.
871 4957 1057 5015 Nonne
1089 4969 1140 5016 te
1168 4961 1420 5018 admonet
1452 4965 1642 5020 raritas
1673 4967 1772 5030 ista
1822 4967 1998 5024 homio

413 5061 561 5104 num.
591 5061 750 5116 quam
774 5058 828 5102 tu
859 5051 972 5120 ipse
996 5068 1409 5119 commemoras,
1441 5056 1491 5109 in
1519 5058 1710 5126 quibus
1739 5071 1793 5114 et
1821 5062 2000 5116 scien-

415 5137 484 5189 tia
513 5146 568 5192 et
605 5139 856 5194 fortitudo
881 5151 964 5198 est
989 5146 1032 5210 ³,
1061 5146 1187 5216 quid
1210 5146 1276 5199 de
1307 5147 1539 5202 lnnnano
1570 5167 1764 5220 genere
1801 5155 2003 5209 sentire

410 5229 632 5291 debeas.
666 5240 718 5285 et
749 5230 1075 5290 dcuniversa
1095 5238 1191 5291 ista
1225 5255 1396 5292 massa
1429 5241 1820 5299 rationabilium
1860 5261 2004 5300 mor-

413 5321 705 5390 taliumque
752 5322 1142 5380 animantium?
1184 5328 1292 5383 Cur
1325 5331 1468 5383 enim
1513 5347 1617 5386 non
1661 5347 1832 5402 genus
1858 5352 2002 5393 mor-

410 5411 595 5465 talium
623 5410 689 5465 ad
718 5411 950 5466 studium
974 5416 1213 5471 scientia:
1235 5419 1502 5488 roburque
1531 5421 1875 5490 fortitudinis,
1909 5443 2002 5481 na-

417 5503 574 5558 turali
602 5504 865 5574 appetitu,
895 5505 976 5559 vel
1007 5507 1334 5574 universum,
1371 5512 1449 5564 vel
1479 5523 1626 5569 certe
1669 5531 1742 5570 ex
1773 5521 2000 5573 maxima

483 5702 491 5756 ξ
523 5699 628 5749 't-‘c,
663 5697 886 5756 iustitia.
913 5713 975 5751 ex
1017 5707 1105 5748 atus
1127 5671 1412 5752 addidimus.

475 5753 492 5782 ¹
521 5773 588 5810 tu
626 5753 730 5814 itas.
768 5753 884 5814 Editi
903 5770 1084 5823 autem,
1114 5763 1334 5824 fttt‘ttttdo.

2145 2483 2296 2542 parte
2321 2476 2621 2546 consurgit,
2651 2487 2706 2533 ut
2735 2480 3034 2537 rarissimas
3077 2500 3318 2556 quosque
3349 2488 3520 2556 potius
3553 2490 3714 2546 mire-

2133 2582 2288 2629 mur,
2334 2569 2403 2623 ab
2428 2585 2493 2624 eo
2546 2572 2686 2640 quod
2718 2575 2921 2642 appetit
2969 2588 3172 2633 natur-.1:
3216 2579 3477 2635 institutio
3502 2582 3721 2639 deviare

2127 2666 2286 2724 atque
2313 2658 2647 2717 desciscere?
2673 2663 2783 2717 Cur
2809 2665 2860 2718 in
2896 2667 3154 2737 profunda
3186 2670 3462 2739 imperitiae
3485 2690 3548 2727 ac
3578 2673 3708 2728 mol-

2127 2747 2408 2803 litudincm
2459 2751 2700 2820 ignaviae,
2745 2757 2896 2824 quasi
2950 2772 3046 2826 per
3095 2761 3369 2828 proclivia,
3403 2763 3583 2819 nescio
3611 2781 3719 2835 quo

2124 2838 2268 2894 velut
2290 2853 2455 2896 onere
2481 2855 2708 2911 urgente
2738 2846 3050 2902 delabitur?
3081 2849 3280 2921 Fugam
3331 2853 3529 2910 laboris
3569 2865 3717 2911 certe

2122 2928 2256 2984 dicis
2272 2947 2392 2987 esse
2419 2949 2658 3000 causam,
2691 2952 2794 3008 qua
2820 2939 2977 2994 fit'ut
3017 2943 3262 2998 nesciant
3305 2943 3551 3001 homines
3593 2965 3717 3019 qua:

2120 3022 2259 3078 scire
2295 3023 2592 3082 debuerunt
2621 3043 2636 3080 :
2665 3029 2758 3084 sed
2791 3031 2981 3086 vellem
3024 3033 3233 3090 diceres
3262 3038 3386 3105 quid
3422 3054 3598 3094 causa!
3623 3042 3712 3107 sit,

2119 3123 2179 3169 ut
2205 3116 2404 3170 homini
2426 3127 2530 3172 tam
2555 3119 2690 3174 bene
2718 3122 3032 3178 naturaliter
3060 3126 3300 3181 instituto
3325 3129 3475 3184 utilia
3507 3141 3713 3187 natura:

2117 3215 2280 3278 atque
2309 3209 2542 3263 salubria
2574 3211 2642 3266 sit
2671 3211 3146 3271 laboriosissimum
3175 3217 3408 3285 discere,
3448 3231 3609 3292 atque
3639 3224 3710 3278 ita

2117 3298 2354 3355 laborem
2383 3301 2609 3372 fugiens,
2635 3304 2686 3358 in
2714 3307 2950 3362 tenebris
2977 3308 3293 3380 ignorantia:
3314 3314 3622 3372 familiarius
3650 3319 3712 3372 li-

2118 3389 2439 3461 bentiusque
2465 3395 2783 3463 requiescat.
2825 3397 3027 3469 Nempe
3057 3409 3200 3457 tanta
3247 3407 3440 3459 raritas
3468 3406 3709 3477 ingenio-

2116 3494 2302 3534 sorum
2344 3491 2398 3536 et
2431 3483 2814 3552 studiosorum,
2845 3503 2941 3557 per
2981 3505 3101 3560 qua:
3127 3490 3236 3546 duo
3261 3494 3326 3547 ad
3358 3494 3708 3552 humanarum

2116 3571 2525 3644 divinarumque
2576 3591 2756 3632 rerum
2787 3579 3066 3635 scientiam
3095 3586 3427 3651 pervenitur,
3461 3596 3516 3641 et
3565 3597 3707 3642 tanta

2117 3664 2402 3720 multitudo
2432 3666 2704 3723 tardorum
2733 3679 2788 3726 et
2812 3671 3230 3742 desidiosorum,
3266 3678 3396 3732 satis
3425 3679 3622 3735 indicat
3653 3683 3707 3737 in

2115 3769 2272 3824 quam
2305 3764 2508 3826 partem
2536 3774 2633 3813 suo
2663 3769 2911 3834 tanquam
2959 3765 3197 3835 pondere
3227 3768 3427 3824 feratur
3455 3771 3566 3841 ipsa
3606 3788 3708 3827 na-

2117 3854 2254 3908 tura.
2285 3863 2443 3918 quam
2488 3852 2691 3920 negatis
2739 3869 2862 3910 esse
2889 3857 3151 3913 vitiatam.
3198 3859 3384 3931 Neque
3408 3865 3708 3922 secundum

2114 3936 2462 3995 Christianam
2497 3943 2742 4020 cogita-lis
2773 3945 2956 4013 fidem,
3005 3949 3180 4019 qualis
3207 3952 3276 4006 sit
3303 3955 3476 4010 factus
3511 3957 3705 4024 Adam,

2090 4029 2203 4096 .qui
2234 4031 2494 4087 universis
2529 4036 2819 4104 generibus
2863 4040 3162 4096 animarum
3209 4044 3444 4100 vivarum
3488 4051 3704 4104 nomina

2116 4120 2369 4190 imposuit
2412 4122 2566 4193 (Gen.
2597 4142 2653 4190 tt,
2705 4127 2798 4198 i9)
2828 4147 2840 4183 :
2871 4130 3012 4200 quod
3043 4135 3507 4193 excellentissima:
3539 4139 3708 4197 fuisse

2115 4211 2367 4267 indicium
2397 4215 2686 4284 sapientiae,
2719 4219 2770 4272 in
2816 4222 3166 4280 saecularibus
3192 4227 3352 4280 etiam
3387 4228 3575 4285 litteris
3628 4231 3708 4286 lc-

2111 4302 2304 4371 gimus.
2341 4303 2472 4358 Nam
2507 4307 2619 4376 ipse
2654 4308 3000 4380 Pythagoras,
3029 4329 3058 4366 a
3084 4329 3191 4385 quo
3215 4317 3564 4388 philosophia:
3603 4336 3706 4375 no.-

2114 4410 2236 4450 men
2279 4405 2522 4452 exortum
2553 4408 2664 4460 est,
2698 4401 2898 4458 dixisse
2935 4403 3107 4459 fertur
3131 4447 3146 4473 ,
3197 4408 3346 4462 illum
3379 4409 3542 4465 fuisse
3587 4427 3706 4466 om-

2113 4485 2257 4540 nium
2288 4488 2759 4557 sapientissimum.
2778 4493 2867 4562 qni
2894 4496 3148 4551 vocabula
3177 4498 3378 4567 primus
3409 4502 3593 4558 indidit
3619 4519 3708 4558 re-

2111 4576 2229 4632 bus.
2268 4578 2465 4634 Verum
2516 4582 2613 4636 etsi
2660 4583 2788 4638 nihil
2832 4586 2936 4640 tale
2977 4585 3046 4642 de
3091 4588 3260 4644 Adam
3304 4591 3702 4660 didicissemns.

2111 4677 2352 4724 nostrum
2393 4681 2509 4727 erat
2546 4675 2726 4744 utique
2751 4690 2875 4730 vera
2908 4679 3114 4732 ratione
3138 4679 3432 4750 conjicere,
3458 4684 3624 4752 qualis
3645 4685 3703 4742 in

2109 4761 2200 4816 illo
2227 4762 2443 4820 homine
2484 4775 2674 4822 natura
2699 4769 2770 4822 sit
2788 4769 3022 4834 condita,
3053 4771 3105 4825 in
3130 4789 3236 4843 quo
3267 4776 3453 4831 vitium
3478 4779 3702 4834 omnino

2108 4854 2310 4908 nttllutn
2345 4855 2459 4911 fuit.
2479 4858 2609 4926 Quis
2635 4867 2810 4914 autem
2831 4877 3000 4932 lisque
3022 4864 3156 4919 adeo
3179 4867 3248 4920 sit
3270 4869 3452 4922 tardus
3467 4870 3699 4941 ingenio,

2108 4955 2167 5000 ut
2185 4947 2252 5000 ad
2282 4961 2526 5003 naturam
2556 4961 2710 5022 neget
2735 4953 2959 5009 obtunsa
2986 4956 3066 5009 vel
3107 4967 3258 5012 acuta
3289 4959 3496 5030 ingenia
3529 4965 3701 5032 perti-

2108 5053 2259 5104 nere,
2292 5049 2382 5093 ant
2402 5041 2671 5098 existimet
2693 5060 2796 5099 non
2819 5059 2940 5102 esse
2965 5048 3126 5102 animi
3154 5051 3276 5105 vitia
3305 5053 3389 5107 vel
3427 5058 3702 5113 memoria:

2109 5128 2190 5182 vel
2224 5129 2584 5200 intelligentia:
2607 5133 2944 5190 tarditatem?
2982 5138 3046 5193 Et
3074 5141 3194 5209 quis
3222 5141 3431 5199 dubitet
3453 5146 3702 5202 christia-

2109 5235 2230 5284 nus,
2261 5235 2356 5275 eos
2401 5224 2490 5291 qui
2546 5223 2596 5278 in
2635 5223 2737 5280 hoc
2793 5229 2992 5283 saeculo
3033 5233 3310 5289 erroribus
3337 5239 3703 5309 aerumnisquo

2109 5312 2452 5382 plenissimo,
2482 5315 2896 5387 ingeniosissimi
2935 5335 3225 5394 apparent,
3258 5344 3485 5399 quorum
3517 5343 3698 5392 tamen

2108 5407 2473 5475 corruptibilia
2523 5424 2746 5481 corpora
2772 5426 3059 5485 aggravant
3091 5420 3318 5486 animas,
3350 5424 3395 5478 si
3429 5425 3569 5480 illius
3615 5428 3700 5482 in-

2107 5495 2266 5564 genio
2293 5510 2690 5567 comparentur,
2721 5502 2921 5562 distare
2945 5506 3104 5578 longe
3131 5513 3360 5581 amplius
3379 5531 3534 5585 quam
3558 5520 3702 5572 celer

2109 5587 2264 5643 ritate
2295 5603 2325 5642 a
2351 5590 2658 5648 volucribus
2687 5596 2984 5654 testudines
3025 5600 3265 5659 distant?
3296 5605 3526 5678 lngeniis
3568 5626 3701 5683 ergo

2064 5742 2070 5748 1
2111 5687 2217 5734 tam
2266 5682 2652 5742 excellentibus
2693 5689 2922 5759 paradisi
2978 5690 3205 5750 felicitas
3245 5697 3557 5767 impleretur
3581 5741 3596 5766 ,
3643 5682 3699 5758 isi

2110 5787 2266 5826 nemo
2315 5787 2624 5844 peccasset:
2659 5781 2791 5837 tales
2833 5783 3031 5856 quippe
3085 5786 3223 5844 Deus
3271 5789 3337 5846 de
3379 5793 3693 5861 pareutths
