4150 6492
331 365 472 420 H33

325 481 813 534 fueratcrcaturns,
843 470 1056 541 qualem
1088 467 1236 522 illurn
1275 465 1391 519 sine
1435 460 1744 533 parrntibns
1763 475 1914 514 crea-

327 576 494 633 verat,
524 565 708 635 utique
723 561 791 618 ad
811 563 1096 632 imaginem
1121 573 1295 614 suam.
1318 553 1566 610 Nondum
1581 553 1726 606 enim
1751 551 1914 605 homo

325 658 546 715 vanitati
570 654 762 712 similis
788 653 959 709 factus
977 659 1113 715 erat,
1158 660 1218 704 ut
1253 646 1373 702 dies
1399 644 1518 716 ejus
1561 643 1699 698 sicut
1724 640 1913 697 umbra

330 754 384 808 in
424 751 529 806 hoc
573 749 772 803 smculo
813 756 1119 801 arrumnoso
1153 739 1494 812 pncterirent
1526 733 1698 808 (Psat.
1728 748 1913 798 chm,

324 842 401 912 Δ).
419 839 572 909 Quod
599 839 645 892 si
675 836 746 892 ita
767 844 930 897 esset,
955 829 1212 902 numquid
1230 830 1331 884 ista
1357 836 1444 882 tua
1487 825 1704 896 querela
1737 823 1904 877 ullum

329 934 550 988 haberet
578 927 787 985 locum?
808 925 1071 996 Numquid
1092 922 1359 978 assecutio
1382 919 1621 975 scientia:
1651 915 1916 972 laboriosa

326 1035 488 1087 esset,
517 1029 576 1076 ut
601 1020 726 1091 fuga
762 1017 959 1072 laboris
975 1014 1204 1084 imperiti
1229 1027 1351 1068 esse
1371 1010 1620 1067 homines
1644 1007 1868 1064 mallent
1892 1005 1916 1058 ?

326 1111 593 1183 Numquid
641 1111 756 1180 ipsa
789 1106 1131 1172 fortitudine,
1161 1120 1324 1175 quam
1349 1117 1536 1158 verum
1562 1101 1700 1156 dicis
1727 1101 1814 1153 vix
1862 1098 1914 1151 in

327 1201 662 1275 paucissimis
691 1199 939 1263 inveniri,
970 1212 1107 1269 opus
1136 1196 1476 1259 haberemus,
1505 1193 1592 1247 ubi
1615 1192 1755 1246 nulla
1774 1199 1921 1246 esset

325 1312 564 1355 arumna
593 1311 751 1368 quam
775 1293 1095 1350 deberemus
1142 1305 1241 1361 pro
1267 1289 1491 1344 veritate
1521 1286 1726 1340 fortiter
1752 1283 1917 1339 susti-

327 1390 491 1445 nere?
519 1387 652 1444 Cum
672 1401 801 1456 ergo
830 1387 928 1440 ista
952 1384 1004 1438 in
1041 1381 1368 1438 contrarium
1397 1394 1550 1433 versa
1573 1378 1682 1432 sint
1712 1375 1914 1438 omnia,

327 1482 394 1538 ad
421 1482 525 1536 hoc
552 1490 798 1534 naturam
826 1485 1067 1532 nostram
1095 1488 1258 1543 negas
1293 1487 1414 1526 esse
1441 1470 1702 1530 vitiatam,
1744 1474 1823 1532 ut,
1867 1475 1920 1521 te

326 1574 634 1644 adiuvante,
685 1569 1010 1624 Manichacus
1037 1563 1382 1621 commixtam
1413 1561 1567 1617 nobis
1609 1558 1921 1614 introducat

327 1667 590 1729 alienam;
621 1679 684 1718 ac
703 1662 782 1717 sic
805 1660 931 1715 dum
955 1667 1293 1736 oppugnatur
1320 1656 1438 1724 eius
1459 1652 1674 1725 prosilis
1701 1649 1890 1722 imperi
1905 1678 1921 1690 -

329 1768 436 1824 tus,
465 1758 528 1812 lis
554 1755 838 1812 auxiliator
861 1753 1094 1824 ignarus.

405 1850 469 1906 Il.
508 1849 628 1904 ιω..
659 1845 910 1903 Ostendit
931 1844 1034 1899 hoc
1057 1841 1220 1898 etiam
1254 1841 1394 1896 liber
1424 1838 1537 1903 ille,
1580 1836 1671 1907 qui
1694 1835 1920 1905 Sapien-

330 1945 402 1999 tia
431 1942 648 2005 dicitur,
678 1954 800 1995 cum
829 1938 988 1992 verba
1017 1935 1322 2006 exprimens
1349 1932 1656 2002 impiorum,
1683 1929 1773 1999 qui
1800 1936 1917 1998 post

331 2034 573 2088 umbram
609 2028 951 2101 presentium
998 2033 1198 2081 retecta
1246 2024 1522 2078 beatorum
1553 2022 1743 2075 merita
1791 2033 1922 2074 con-

332 2135 589 2183 tuentur:
628 2122 832 2186 Vitam,
877 2119 1079 2190 inquit,
1127 2116 1336 2171 illorum
1374 2113 1751 2169 instituebamus
1779 2110 1921 2164 insa-

330 2219 469 2273 niam
489 2233 508 2282 ;
536 2225 581 2269 et
605 2212 855 2285 quomodo
879 2210 1096 2282 reputati
1119 2215 1236 2262 sunt
1275 2206 1408 2259 inter
1449 2203 1584 2273 ﬁlios
1627 2200 1722 2255 Dei
1761 2199 1919 2271 (Sap.

331 2322 382 2370 v,
417 2307 470 2369 4,
497 2305 595 2374 5)?
622 2303 747 2358 Inde
785 2311 1031 2370 estergo,
1065 2296 1208 2369 quod
1257 2293 1490 2349 ﬁdelium
1526 2289 1920 2362 perseverantia

333 2407 632 2466 temporum
676 2391 1044 2463 iniquitatibus
1076 2395 1384 2451 contumax,
1425 2395 1481 2440 et
1519 2383 1724 2452 eligens
1757 2380 1922 2450 alﬁigi

332 2503 454 2543 cum
483 2485 680 2557 popqu
709 2483 800 2540 Dei
829 2481 998 2552 magis
1055 2494 1214 2550 quam
1243 2475 1553 2547 temporalis
1592 2472 1799 2543 peccati
1832 2472 1924 2524 ha.

338 2580 465 2635 bere
485 2575 875 2649 iucunditatem
901 2571 1085 2644 (Hebr.
1111 2586 1192 2637 ιι,
1213 2568 1336 2636 25),
1380 2567 1450 2622 ab
1476 2565 1559 2620 his
1597 2563 1688 2634 qui
1715 2562 1922 2628 dicunt,

339 2670 709 2726 Manducemus
734 2677 780 2720 et
808 2665 1038 2720 bibamus
1056 2701 1073 2728 ,
1101 2676 1216 2716 cras
1255 2659 1390 2713 enim
1439 2655 1710 2710 moriemur
1740 2653 1783 2724 (Ι
1804 2651 1922 2707 Cor.

334 2775 425 2826 xv,
451 2758 566 2831 32),
597 2757 814 2813 nomine
862 2751 1169 2824 pertinacia:
1192 2759 1247 2804 et
1271 2745 1628 2803 contentionis
1652 2744 1922 2815 arguitur;

335 2850 576 2920 nihilque
629 2847 799 2918 magis
852 2853 1068 2915 putatur
1111 2841 1283 2897 cautis
1329 2837 1617 2894 convenire
1661 2834 1924 2900 consiliis,

333 2955 495 3012 quam
524 2937 807 3010 degeneris
821 2933 984 2989 animi
1013 2929 1328 2987 famulatum
1355 2942 1559 2992 emere,
1580 2925 1668 2979 vel
1708 2923 1925 2979 infidam

335 3040 731 3088 momentorum
775 3027 1033 3098 quietem.
1089 3023 1163 3076 De
1209 3018 1312 3074 hac
1359 3018 1556 3088 quippe
1588 3015 1926 3087 potissimum

338 3126 652 3195 ignavorum
691 3127 967 3190 pectorum
1018 3112 1224 3169 vilitate
1275 3113 1292 3144 ι
1346 3107 1542 3163 factum
1588 3113 1703 3173 est,
1743 3113 1801 3159 ut
1834 3119 1930 3174 per

341 3214 701 3273 Ecclesiarum
723 3208 996 3279 naufragia
1017 3220 1270 3278 spurcum
1295 3200 1709 3265 Manichaeorum
1734 3197 1929 3268 dogma

340 3305 590 3362 veliﬁcet.
620 3301 753 3370 Quia
796 3300 840 3356 si
867 3301 934 3382 lin
972 3298 1056 3354 his
1094 3297 1185 3369 qui
1222 3292 1505 3352 sacerdotii
1541 3304 1764 3345 mttnere
1801 3289 1930 3382 iun-

339 3401 624 3471 gebantur,
659 3395 827 3451 libera
869 3381 1103 3448 stetisset
1141 3399 1196 3446 et
1233 3387 1402 3442 virilis
1441 3383 1762 3448 auctoritas;
1795 3381 1930 3436 Tra-

340 3489 687 3545 ducianornm
715 3492 1018 3541 commenta
1061 3489 1120 3537 ut
1161 3480 1358 3536 invicta
1389 3478 1526 3532 ratio
1565 3475 1806 3544 proruit,
1859 3474 1930 3528 ita

343 3581 554 3651 publica
563 3576 902 3634 contrivisset
912 3574 1171 3628 assensio.
1189 3570 1383 3626 Verum
1402 3583 1524 3624 cum
1539 3566 1668 3622 nihil
1683 3566 1752 3620 ab
1768 3563 1934 3619 homi-

345 3672 500 3726 nibus
521 3667 865 3740 praesentium
890 3662 1214 3727 amantibus,
1238 3659 1498 3729 religione
1525 3657 1682 3712 vilius
1702 3655 1934 3711 :estima-

345 3771 454 3826 tur,
483 3761 612 3817 itum
639 3767 722 3814 est
747 3759 800 3812 in
816 3753 1218 3812 criminationes
1233 3751 1358 3816 Dei;
1387 3759 1448 3805 ut
1463 3749 1614 3803 nobis
1644 3745 1935 3802 necessitas

348 3851 672 3915 immineret,
702 3857 808 3904 tam
835 3845 1006 3917 longis
1017 3841 1464 3914 disputationibus
1486 3839 1651 3894 Deum
1669 3845 1932 3900 nostrum,

346 3949 438 4018 qui
467 3954 550 4000 est
583 3944 722 3999 Deus
748 3954 927 4007 verus,
959 3938 1170 3994 ﬁdelem
1193 3936 1244 3990 in
1276 3934 1454 3989 verbis
1482 3932 1614 3996 suis,
1633 3931 1834 4001 iustum
1881 3928 1936 3982 in

344 4037 578 4109 iudiciis,
602 4043 845 4090 sanctum
867 4032 922 4086 in
945 4029 1195 4101 operibus
1225 4025 1522 4098 approbare
1561 4020 1735 4091 (Psat.
1755 4035 1934 4085 cxuv,

349 4131 437 4193 ιε,
468 4129 581 4198 l7).

420 4222 556 4277 Acs.
582 4219 637 4276 Si
675 4217 846 4273 ﬁdelis
881 4224 965 4272 est
1002 4214 1144 4270 Deus
1174 4213 1225 4267 in
1254 4210 1433 4266 verbis
1457 4208 1593 4274 suis,
1620 4221 1717 4262 cur
1736 4205 1784 4260 ei
1813 4217 1941 4259 con-

351 4311 610 4367 tradicitis
650 4307 870 4373 dicenti,
927 4304 1160 4360 Reddam
1217 4310 1422 4373 peccata
1461 4308 1662 4369 patrum
1702 4296 1756 4349 in
1808 4294 1940 4358 ﬁlios

350 4403 531 4472 (Deut.
557 4418 610 4467 v,
641 4401 723 4470 9),
748 4408 801 4454 et
831 4398 934 4452 hoc
974 4411 1162 4452 verum
1207 4408 1314 4448 non
1340 4406 1461 4447 esse
1484 4386 1842 4445 contenditis?
1884 4385 1940 4439 Si

348 4496 522 4566 justus
547 4500 628 4547 est
651 4493 702 4545 in
726 4489 959 4559 iudiciis,
993 4504 1090 4542 cur
1118 4487 1222 4541 hoc
1245 4486 1416 4554 ipsum
1443 4481 1583 4552 quod
1612 4487 1825 4552 peccata
1847 4493 1940 4548 pa-

353 4599 494 4642 trum
519 4583 814 4640 redduntur
837 4581 888 4634 in
912 4579 1068 4641 ﬁlios,
1091 4577 1296 4647 iustum
1333 4589 1453 4628 esse
1493 4588 1599 4626 non
1654 4571 1843 4632 vultis;
1887 4575 1944 4623 et

352 4675 500 4748 quod
525 4674 616 4728 lilii
647 4671 817 4748 Adam
842 4686 872 4724 a
902 4668 989 4722 die
1010 4667 1185 4722 exitus
1209 4664 1277 4719 de
1313 4672 1500 4717 ventre
1540 4661 1725 4714 matris
1751 4673 1938 4748 eorum

353 4746 501 4841 gravi
542 4767 671 4837 iugo
708 4747 1061 4836 premuntur,
1093 4757 1274 4811 dicere
1303 4754 1422 4808 sine
1467 4751 1626 4807 ullius
1668 4746 1942 4818 originalis

358 4839 560 4932 peccati
611 4856 803 4934 merito
848 4852 990 4917 ﬁeri,
1017 4865 1122 4904 non
1167 4845 1398 4902 timetis?
1445 4844 1500 4898 Si
1534 4851 1752 4898 sanctus
1779 4849 1862 4934 est
1891 4839 1942 4892 in

357 4929 629 5021 operibus,
643 4929 738 5001 cur
755 4939 1142 5000 immunditiam
1162 4935 1514 4996 nascentium,
1536 4948 1656 5003 qum
1674 4929 1944 4985 hominem

361 5043 452 5098 Dei
479 5043 659 5096 dicere
678 5037 957 5107 compulit,
991 5048 1095 5087 non
1123 5045 1242 5085 esse
1278 5027 1533 5083 mundum
1564 5042 1594 5081 a
1639 5023 1797 5078 sorde
1825 5037 1947 5093 pec-

361 5135 488 5199 cati,
505 5149 603 5189 nec
629 5131 882 5187 infantem
912 5126 1064 5196 cujus
1090 5132 1175 5178 est
1191 5121 1295 5177 diei
1324 5121 1482 5174 unius
1506 5119 1612 5173 vita
1637 5130 1800 5184 super
1834 5123 1946 5168 ter-

362 5241 476 5280 ram
507 5224 625 5294 (Job
647 5238 755 5285 xiv,
787 5237 886 5274 sec.
916 5215 1105 5288 LXX),
1133 5215 1202 5269 ab
1230 5213 1350 5284 ejus
1381 5219 1570 5267 sancto
1601 5206 1814 5278 opiﬁcio
1841 5221 1948 5276 quo

365 5331 604 5371 naturam
661 5313 878 5377 format,
907 5306 1150 5380 quamvis
1175 5303 1398 5375 originis
1423 5301 1741 5371 contagione
1771 5298 1946 5369 pollu-

367 5423 496 5476 tam,
523 5409 828 5463 discernere
857 5401 1150 5464 recusatis;
1190 5409 1350 5469 atque
1376 5398 1447 5452 ita
1477 5396 1602 5451 vitia
1630 5403 1685 5450 et
1710 5392 1950 5463 ingenio-

369 5519 484 5557 rum
507 5509 561 5555 et
587 5510 870 5568 corporum
889 5501 994 5546 tam
1024 5491 1210 5554 multa,
1229 5500 1282 5544 et
1300 5487 1587 5558 aliquando
1609 5496 1712 5539 tam
1733 5498 1945 5554 magna,

369 5601 552 5648 sattcto
594 5589 712 5658 ejus
745 5583 960 5655 opilicio
1000 5589 1188 5636 cuncta
1221 5578 1493 5635 tribuitis?
1518 5577 1649 5646 Quae
1698 5576 1945 5632 nolentes

372 5684 605 5740 tribuere
654 5674 985 5733 venientibus
1034 5671 1103 5726 de
1151 5679 1336 5724 natura
1403 5676 1622 5739 peccato
1665 5666 1949 5739 depravata

437 5798 450 5828 ί
490 5795 633 5854 ultu,
658 5788 875 5843 utilitate.
893 5786 1192 5848 castigantur
1212 5797 1274 5834 ex
1303 5791 1406 5832 Mss.

1680 347 1882 407 Lmen
1923 348 2238 418 cumras.

3487 357 3619 413 “3|

2019 460 2365 529 originalibns
2415 459 2656 526 meritis;
2708 462 2949 533 profecto
2991 463 3194 520 aditum
3219 466 3610 536 amplissimum

2019 553 2086 608 ad
2121 555 2347 609 alienam
2375 555 2499 610 mali
2550 567 2794 611 naturam
2836 557 3277 614 introducendam
3308 558 3618 616 Manichaeis

2021 646 2441 701 exsecrabilibus
2492 647 2745 716 aperitis;
2811 663 3037 717 quorum
3098 649 3290 718 dogma
3348 649 3626 703 nefarium‘

2021 739 2172 809 quasi
2193 738 2456 794 accuSatis
2481 737 2782 805 horrentes,
2797 757 2919 795 rum
2941 741 3208 812 adiuvetis
3235 752 3501 798 errantes.

2092 827 2178 884 lll.
2205 828 2326 885 ειυι..
2358 829 2454 885 His
2483 831 2552 885 ita
2588 831 2815 901 negotiis
2845 832 3102 887 librorum
3133 848 3371 887 meorum
3392 847 3609 902 operam

2021 917 2364 985 destinatam,
2392 920 2521 976 ntali
2543 923 2801 977 naturalis
2813 933 3054 982 assertor
3075 933 3348 994 Oppugnat
3377 941 3391 976 :
3415 925 3608 994 quibus

2022 1026 2153 1068 sane
2179 1013 2397 1077 viribus.
2429 1023 2484 1070 et
2510 1030 2669 1085 quam
2695 1019 3045 1089 consequenti
3089 1021 3455 1089 responsione,
3483 1019 3612 1076 satis

2023 1119 2287 1175 superque
2315 1105 2727 1174 praecedentium
2749 1109 3077 1165 voluminum
3103 1110 3460 1180 disputatione
3487 1125 3612 1180 per-

1988 1274 1991 1276 .
2026 1194 2208 1252 docui.
2236 1195 2476 1262 Quorum
2504 1197 2736 1254 lectione
2759 1214 2864 1254 non
2892 1199 3079 1256 dubito
3128 1201 3372 1271 prudenti
3419 1201 3616 1272 cuique

2022 1295 2272 1342 constare
2303 1285 2484 1360 (quem
2530 1304 2710 1344 rarum
2749 1305 2872 1346 esse
2911 1289 3013 1346 hac
3051 1291 3360 1362 prmfatione
3390 1301 3616 1348 testatus

2023 1375 2188 1447 sum),
2218 1377 2349 1432 nihil
2371 1377 2590 1434 studere
2617 1379 2762 1434 aliud
2785 1381 3022 1437 veritatis
3051 1384 3345 1449 inimicum,
3371 1399 3529 1454 quam
3557 1392 3615 1437 ut

2024 1471 2410 1541 simpliciornm
2442 1470 2782 1527 ludiﬁcentur
2807 1487 2985 1538 aures,
3035 1485 3091 1529 et
3121 1475 3390 1540 evasisse,
3442 1475 3486 1529 si
3519 1483 3604 1528 ut-

2023 1577 2326 1633 cumquese
2351 1562 2692 1633 respondisse
2711 1563 2974 1620 videatur.

2096 1654 2232 1709 Anc.
2264 1652 2433 1707 Raros
2458 1668 2579 1709 esse
2602 1655 2910 1724 prudentes,
2946 1654 3254 1725 praefatione
3300 1655 3511 1710 testaris
3542 1657 3558 1689 ¹
3591 1673 3607 1709 :

2025 1754 2076 1798 et
2103 1759 2224 1814 qua:
2251 1758 2412 1798 causa
2442 1744 2514 1798 sit
2557 1743 2792 1800 raritatis
2814 1744 2992 1816 lmins,
3016 1745 3098 1800 vel
3127 1761 3224 1800 cur
3252 1760 3350 1801 nec
3390 1745 3488 1814 ipsi
3513 1748 3605 1815 qui

2025 1849 2144 1889 rara
2160 1832 2490 1903 ingeniorum
2503 1834 2792 1902 capacitate
2802 1833 2868 1889 ad
2886 1833 3218 1904 prudentiam
3238 1843 3613 1902 pervenerunt,

2025 1924 2142 1978 sine
2185 1923 2371 1978 labore
2400 1939 2592 1994 magno
2618 1933 2904 1994 potuerunt
2929 1924 3183 1994 consequi
3211 1923 3394 1979 utilem
3430 1924 3613 1980 scien-

2024 2016 2176 2081 tiam,
2199 2029 2298 2070 nec
2321 2015 2478 2082 dicis,
2509 2032 2608 2070 nec
2644 2015 2842 2080 discis;
2871 2016 2960 2085 qui
2987 2015 3138 2070 fateri
3166 2032 3272 2071 non
3303 2015 3382 2070 vis
3425 2015 3615 2070 huma-

2029 2123 2150 2161 nam
2173 2123 2268 2175 per
2291 2107 2446 2179 primi
2477 2107 2710 2164 hominis
2738 2109 3231 2179 praevaricationem
3258 2107 3604 2178 depravatam

2025 2221 2146 2258 esse
2162 2213 2428 2259 naturam.
2449 2205 2510 2259 Et
2528 2212 2704 2260 tamen
2722 2205 2788 2260 ad
2807 2213 3017 2260 tuorum
3030 2207 3285 2261 librorum
3304 2205 3613 2268 lectionem,

2031 2295 2242 2349 nonnisi
2271 2295 2490 2351 eosdem
2542 2296 2830 2366 prudentes
2872 2297 3054 2362 mittis,
3105 2311 3241 2367 quos
3267 2296 3477 2351 testaris
3497 2309 3619 2349 esse

2029 2387 2336 2442 rarissimos
2367 2404 2381 2440 :
2411 2387 2480 2443 de
2525 2403 2750 2458 quorum
2803 2388 3016 2458 ingenio
3063 2398 3171 2442 tam
3223 2389 3359 2443 bene
3401 2387 3570 2442 sentis
3598 2427 3615 2450 ,

2031 2487 2089 2532 ut
2131 2477 2274 2548 apud
2313 2492 2408 2532 eos
2435 2493 2598 2532 unum
2630 2478 2823 2533 librum
2872 2493 3049 2534 meum
3078 2479 3184 2533 tuis
3223 2487 3348 2533 octo
3381 2477 3620 2533 refutare

2029 2566 2263 2634 coneris,
2302 2567 2659 2637 multiplicans
2714 2567 2793 2623 cis
2844 2569 3082 2624 laborem
3135 2569 3366 2624 ﬁliorum
3409 2568 3618 2634 Adam;

2030 2673 2138 2728 quo
2163 2658 2344 2715 labore
2362 2657 2592 2726 discant,
2619 2659 2826 2714 etiamsi
2873 2673 3035 2714 nemo
3081 2667 3375 2729 peccasset,
3416 2659 3468 2714 in
3501 2659 3620 2729 ipso

2033 2747 2279 2819 paradiso
2293 2763 2352 2804 se
2370 2748 2533 2803 fuisse
2559 2749 2914 2815 laboraturos,
2941 2759 2998 2804 ut
3031 2749 3382 2804 litteratorum
3398 2750 3419 2781 ¹
3436 2750 3620 2815 libros,

2031 2850 2086 2895 ct
2114 2840 2263 2910 prius
2287 2839 2434 2910 ipsas
2463 2840 2665 2896 litteras
2693 2840 2983 2896 discerent.
3017 2841 3143 2897 Hzcc
3166 2852 3251 2897 est
3271 2843 3414 2897 enim
3441 2852 3617 2897 vestra

2034 2933 2288 3000 praeclara
2332 2934 2575 3000 scientia,
2605 2933 2738 2988 nulli
2781 2933 3055 2989 hominum
3091 2935 3616 3004 comprehensibilis,

2034 3026 2134 3078 nisi
2171 3023 2523 3096 prudentibus
2556 3026 2692 3081 raris
2711 3067 2727 3092 ,
2785 3039 2886 3081 nec
2933 3025 3065 3096 ipsis
3110 3025 3212 3080 nisi
3249 3025 3621 3082 laborantibus

1983 3160 2006 3170 -
2035 3116 2266 3172 miseris.

2107 3208 2194 3264 IV.
2211 3208 2328 3265 «ιιιι.
2355 3207 2488 3264 Cum
2521 3209 2680 3280 igitur
2700 3208 2753 3264 id
2782 3225 2812 3264 a
2843 3209 2999 3266 nobis
3021 3209 3234 3266 abunde
3258 3217 3467 3265 constet
3490 3209 3624 3267 effe-

2033 3310 2218 3367 ctum;
2251 3311 2428 3356 tamen
2475 3301 2597 3371 quia
2621 3301 2770 3371 operi
2819 3309 3003 3356 nostro
3039 3301 3278 3356 nascitur
3323 3301 3626 3372 longitudo,

2035 3392 2248 3462 sapiens
2274 3390 2442 3446 lector
2459 3391 2736 3462 intelligat,
2767 3391 2922 3446 nobis
2934 3390 3150 3462 quidem
3179 3390 3464 3460 optabilem
3491 3389 3625 3446 fuis-

2036 3481 2422 3538 sebrevitatem
2447 3523 2463 3548 ,
2495 3481 2590 3536 sed
2627 3481 2870 3552 exegisse
2909 3496 3086 3538 causa:
3141 3481 3535 3548 necessitatem,
3567 3489 3628 3536 ut

2035 3590 2190 3630 error
2230 3573 2412 3628 surculi
2463 3572 2646 3628 favore
2681 3571 2960 3639 diﬁ‘usior,
3005 3573 3195 3628 latiore
3216 3573 3456 3628 veritatis
3509 3572 3630 3630 acie

2037 3667 2356 3722 vinceretur.
2407 3664 2559 3720 llaud
2616 3665 2774 3735 igitur
2799 3664 2868 3720 de
2914 3664 3082 3720 nihilo
3113 3672 3216 3731 est,
3261 3664 3402 3735 quod
3443 3680 3626 3720 sermo

2041 3767 2225 3814 noster
2240 3756 2566 3814 extenditur.
2596 3757 2794 3826 Adjutu
2826 3754 2970 3812 enim
2985 3756 3465 3827 Cbristipraasumo
3493 3771 3624 3812 con-

2041 3849 2175 3915 fore,
2205 3849 2426 3904 utnulla
2451 3863 2572 3918 pars
2593 3848 2900 3918 impietatis,
2921 3857 3106 3902 contra
3132 3863 3293 3919 quam
3322 3849 3478 3904 nobis
3505 3863 3624 3904 cer-

2044 3950 2219 3996 tamen
2237 3949 2340 4004 est,
2368 3949 2460 3995 aut
2493 3939 2820 4010 negligenter
2842 3937 3085 4008 qumsita,
3109 3947 3200 3992 aut
3235 3938 3412 3993 minus
3440 3938 3628 3994 inven-

2045 4045 2116 4100 ta,
2143 4043 2236 4090 aut
2271 4033 2452 4090 attrita
2500 4033 2842 4089 mediocriter
2874 4043 3177 4088 censeatur.
3206 4030 3317 4088 Nec
3349 4032 3476 4089 illud
3501 4047 3632 4103 ergo

2042 4127 2329 4198 desperare
2353 4127 2435 4182 vel
2461 4140 2765 4196 possumus,
2784 4125 2869 4180 vel
2897 4125 3172 4192 debemus,
3221 4125 3474 4196 quoniam
3505 4141 3628 4196 pro-

2044 4233 2200 4273 cessu
2223 4226 2524 4286 temporum
2579 4223 2868 4285 tempestas
2907 4216 3135 4270 excitata
3162 4215 3426 4282 considat,
3457 4225 3629 4272 etau«

2045 4308 2292 4363 ctoritate
2333 4307 2632 4376 sapientum
2661 4307 2849 4377 vulgus
2891 4306 3136 4378 ignavum
3163 4308 3307 4377 quod
3338 4321 3478 4362 nunc
3504 4323 3630 4378 per-

2045 4399 2235 4469 strepit
2277 4398 2611 4468 corrigatur:
2639 4397 2734 4454 sed
2764 4398 2873 4453 voti
2921 4413 3080 4470 quam
3131 4401 3412 4455 sententia:
3459 4400 3635 4455 minor

2046 4507 2205 4546 causa
2232 4499 2317 4546 est
2347 4507 2364 4556 ;
2388 4490 2628 4561 quemvis
2656 4491 2798 4545 enim
2845 4498 3012 4546 status
3057 4506 3237 4546 rerum
3289 4492 3490 4547 exitum
3519 4506 3636 4548 sor-

2049 4581 2210 4636 tiatur
2225 4579 2268 4647 ³,
2291 4581 2556 4635 constabit
2591 4580 2746 4635 nobis
2766 4581 2904 4634 ratio
2939 4591 2993 4636 et
3021 4581 3359 4650 benignitatis
3400 4590 3454 4636 et
3485 4581 3631 4636 ﬁdei.

2049 4671 2232 4739 Neque
2281 4670 2424 4724 enim
2481 4669 2774 4737 pendemus
2837 4669 2903 4736 ad
2953 4669 3320 4739 prosperitatis
3361 4671 3631 4740 popularis

2049 4768 2316 4816 eventmn.
2337 4759 2538 4813 Scitum
2559 4765 2644 4813 est
2663 4759 2924 4828 siquidem
2951 4759 3078 4814 illud
3104 4759 3260 4813 trium
3283 4759 3334 4814 in
3366 4760 3635 4828 Babylone

2050 4865 2360 4921 puerorum,
2401 4849 2492 4919 qui
2540 4865 2658 4903 cum
2689 4867 2718 4902 a
2749 4865 2871 4920 rege
2906 4849 3288 4920 superbissimo
3313 4850 3378 4905 ad
3405 4851 3634 4907 adoran-

2050 4941 2174 4996 dam
2217 4949 2445 4995 statuam
2476 4950 2812 5009 cogerentur,
2843 4940 3148 4996 ﬁdelissime
3175 4941 3503 5006 restiterunt,
3529 4959 3634 4998 ne-

2051 5049 2156 5105 que
2177 5032 2365 5088 anhela
2393 5041 2519 5088 sunt
2548 5031 2761 5087 fornace
2789 5033 3084 5098 conterriti,
3122 5049 3240 5104 qua:
3266 5049 3489 5090 accensa
3520 5043 3636 5090 erat

2054 5127 2108 5181 in
2137 5125 2505 5197 religiosorum
2529 5133 2804 5191 voratum;
2832 5126 3325 5197 responderuntqnc
3355 5139 3412 5184 ut
3437 5137 3492 5184 ct
3509 5129 3632 5185 ﬁdei

2055 5230 2109 5273 et
2137 5217 2448 5274 constantia
2475 5217 2832 5286 congruebat:
2861 5216 3046 5271 Potens
3065 5228 3157 5284 est,
3185 5219 3446 5290 inquiunt,
3481 5220 3638 5282 Deus,

2055 5327 2086 5364 ο
2105 5327 2214 5374 rex,
2237 5310 2448 5364 liberare
2473 5325 2566 5365 nos
2584 5309 2647 5362 de
2662 5311 2868 5381 fornace
2903 5309 3036 5373 hac;
3055 5310 3144 5364 sed
3169 5311 3365 5364 etiamsi
3388 5328 3487 5366 non
3517 5313 3641 5366 libe-

2056 5413 2152 5466 ret,
2179 5402 2304 5455 scito
2321 5400 2563 5470 quoniam
2605 5400 2726 5455 deos
2755 5410 2867 5456 tuos
2907 5417 3010 5456 non
3041 5403 3273 5468 colimus,
3298 5419 3389 5458 nec
3415 5414 3637 5459 statuam

2123 5534 2138 5565 ¹
2173 5531 2248 5582 sic
2260 5537 2368 5582 ηδε.
2387 5536 2438 5580 ιιι
2456 5531 2614 5594 \‘ign.,
2627 5593 2631 5594 ν
2645 5536 2859 5594 testatus.

2123 5597 2142 5626 ¹
2175 5594 2249 5644 sic
2271 5600 2396 5665 _tts_s.
2440 5599 2496 5665 [ῃ
2513 5591 2664 5665 editi,
2708 5591 3021 5665 litterarum:
3047 5603 3097 5646 et
3139 5595 3186 5645 in
3209 5603 3452 5658 sequente
3499 5605 3644 5644 versu

2061 5671 2172 5721 pro.
2209 5655 2437 5721 scientia,
2463 5655 2660 5721 habent,
2684 5657 2931 5721 seruantia.

2064 5716 2072 5721 ⁷
2128 5718 2375 5828 irate-Mss.
2406 5724 2454 5766 tn
2490 5718 2657 5780 \‘ign.,
2696 5719 2910 5780 quamvis
2927 5718 3056 5770 enim
3076 5726 3222 5770 status
3260 5731 3421 5768 rerum
3443 5716 3648 5766 uittam

2064 5795 2140 5830 sor
2162 5794 2210 5828 tu
2233 5793 2305 5826 ur.

2089 5796 2305 5828 υιίωιιιν.
