4124 6518
553 351 692 412 “39

553 493 833 554 imviiuus;
876 486 1000 544 inde
1041 488 1238 559 quippe
1280 488 1410 544 estis
1453 487 1689 543 harretici
1722 504 1735 539 :
1767 501 1829 540 ac
1858 494 2007 554 peste
2044 497 2144 538 no-

551 580 676 635 vitia
708 589 892 634 contra
937 579 1305 650 antiquitatem
1350 580 1626 635 catholicae
1672 577 1927 634 Ecclesia:
1954 576 2143 648 dispu-

552 671 698 738 tatis,
730 671 971 727 dicentes
1016 688 1124 726 non
1151 672 1265 727 erui
1309 671 1555 742 parvulos
1594 670 1662 726 de
1701 677 1965 740 potestate
1995 679 2144 724 tene-

551 761 769 816 brarum
815 763 984 834 gratia
1029 762 1436 834 Redemptoris;
1485 779 1606 818 cum
1649 761 1921 818 Catholica
1973 761 2024 816 in
2063 760 2143 817 eis

549 852 798 908 exsufflet
828 863 879 908 et
909 857 1197 918 exoreizet,
1231 856 1410 924 utique
1453 862 1770 924 potestatem
1798 852 2018 920 diaboli,
2040 869 2141 909 ne-

549 959 652 1012 que
677 944 819 998 enim
849 944 1132 1016 imaginem
1161 945 1273 1000 Dei.
1301 945 1436 1012 Quid
1460 954 1544 1000 est
1568 960 1696 1016 ergo
1720 945 1862 1016 quod
1891 945 2043 1010 dicis,
2073 943 2143 1000 Ut

547 1035 634 1106 qui
678 1046 953 1091 nascuntur
995 1039 1174 1101 uiliter,
1222 1055 1323 1092 non
1371 1049 1540 1094 tamen
1586 1039 1768 1105 noxia,
1809 1049 2144 1094 renascantur

550 1117 784 1196 pretiose,
828 1144 928 1182 non
975 1138 1142 1184 tamen
1189 1129 1534 1195 calumniose;
1583 1145 1683 1186 nec
1730 1131 1903 1201 ipsum
1953 1145 2139 1187 eorum

551 1223 799 1291 pretium,
841 1238 947 1294 quo
991 1223 1051 1278 fit
1093 1232 1149 1278 ut
1194 1223 1426 1294 pretiose
1473 1234 1826 1279 renascantur
1866 1224 2139 1279 attendis?

547 1309 683 1379 Quid
724 1322 805 1368 est
833 1313 997 1378 enim,
1035 1313 1136 1369 nisi
1182 1315 1399 1385 sanguis
1445 1315 1583 1385 Agni
1633 1315 1998 1370 immaculati?
2044 1315 2136 1386 qui

545 1404 671 1458 cur‘
703 1404 772 1458 sit
795 1403 1017 1472 effusus,
1049 1406 1244 1462 clamat
1283 1407 1396 1476 ipse
1425 1407 1625 1476 Agnus.
1661 1408 1854 1460 Annon
1897 1406 2009 1475 ipse
2038 1405 2134 1472 ait,

547 1493 650 1550 llic
675 1504 747 1551 est
768 1497 974 1568 sanguis
999 1515 1160 1567 meus,
1189 1499 1275 1569 qui
1301 1515 1395 1570 pro
1428 1499 1633 1554 multis’
1668 1498 1955 1565 ell'undetur
1975 1499 2029 1554 in
2053 1516 2134 1554 re-

546 1588 830 1642 missionem
861 1598 1177 1657 peccatorum
1203 1589 1416 1661 (Hatth.
1436 1606 1585 1656 xxvt,
1610 1590 1742 1662 28)?
1765 1591 1844 1647 Tu
1867 1607 1994 1646 vero
2024 1607 2136 1646 ma-

542 1696 678 1750 gnus
707 1681 1113 1736 mirabiliarius'
1157 1691 1210 1738 et
1240 1682 1372 1738 dicis
1418 1683 1568 1738 illum
1616 1685 1928 1754 sanguinem
1972 1683 2132 1764 etiam

544 1786 641 1841 pro
690 1773 920 1842 parvulis
966 1772 1133 1840 fundi,
1165 1783 1218 1830 et
1247 1789 1410 1847 negas
1452 1776 1534 1831 eis
1583 1791 1680 1847 per
1734 1775 1885 1831 illum
1917 1786 2134 1847 peccata

539 1861 641 1917 ulla
673 1863 904 1930 dimitti;
939 1864 1079 1921 dicis
1119 1865 1397 1934 lavandos,
1421 1877 1479 1924 et
1507 1882 1671 1938 negas
1697 1867 2022 1934 abluendos;
2052 1869 2135 1924 di-

536 1953 617 2009 cis
662 1955 1027 2024 innovandos,
1067 1967 1122 2013 et
1171 1972 1333 2029 negas
1375 1974 1407 2014 a
1447 1968 1714 2015 vetustate
1761 1960 2129 2028 mundandos;

537 2045 672 2101 dicis
711 2062 807 2117 per
831 2047 1162 2104 Salvatorem
1189 2050 1543 2120 adoptandos,
1579 2061 1634 2106 et
1662 2067 1827 2124 negas
1863 2068 1984 2109 esse
2020 2053 2131 2108 sal-

535 2137 760 2194 vandos.
805 2137 912 2195 Sed
970 2139 1101 2195 nos‘
1139 2141 1221 2197 eis
1263 2142 1513 2199 videlicet
1553 2143 1959 2207 calumniantur.
2006 2144 2130 2215 quia

535 2229 766 2285 dicimus
793 2245 888 2286 eos
914 2243 1151 2288 mortuos
1174 2249 1296 2292 esse
1322 2236 1374 2289 in
1400 2234 1611 2290 delictis
1637 2246 1690 2290 et
1720 2236 1982 2307 praeputio
2007 2252 2129 2292 car-

536 2321 619 2375 nis
663 2337 808 2387 sure;
842 2334 896 2378 et
939 2325 1060 2380 ideo
1091 2326 1142 2380 in
1184 2338 1357 2382 morte
1383 2327 1582 2384 Christi
1625 2328 1903 2397 baptizari,
1927 2339 1984 2385 ut
2013 2345 2132 2384 mo-

539 2415 750 2470 riantur
780 2427 1019 2486 pet-cato,
1047 2421 1137 2490 qui
1169 2421 1362 2476 mortui
1389 2421 1597 2477 fuerant
1624 2422 1677 2478 in
1705 2433 1922 2494 peccato
1950 2442 1963 2478 :
1993 2433 2048 2479 et
2075 2433 2128 2479 tu

537 2522 634 2561 eos
661 2506 926 2573 defendis,
950 2511 1039 2580 qui
1076 2512 1322 2582 negando
1357 2513 1477 2569 illos
1515 2523 1775 2582 mortuos,
1806 2515 1858 2571 id
1898 2517 2032 2586 agis,
2063 2531 2130 2572 ne

535 2599 605 2654 ab
630 2601 708 2655 eis
737 2601 879 2657 foras
917 2603 1175 2669 mittatur,
1207 2606 1295 2675 qui
1342 2607 1532 2662 mortis
1572 2617 1894 2679 potestatem
1940 2609 2128 2677 habet;

536 2706 601 2745 ac
644 2693 722 2746 sic
763 2693 834 2748 de
873 2703 1046 2750 marte
1087 2696 1284 2752 Christi
1333 2698 1536 2754 nullum
1581 2698 1896 2755 beneficium
1939 2715 2130 2756 conse-

535 2791 785 2851 quantur,
806 2785 896 2856 qui
928 2803 1058 2841 unus
1083 2805 1174 2860 pro
1199 2789 1430 2845 omnibus
1457 2801 1686 2845 mortuus
1710 2802 1802 2848 est.
1825 2793 1976 2861 Quod
2005 2807 2127 2848 cum

537 2872 760 2930 dixisset
803 2877 1113 2946 Apostolus,
1169 2896 1290 2935 mox
1339 2881 1605 2937 conclusit
1645 2892 1806 2953 atque
1851 2884 1955 2950 ait,
1987 2882 2126 2957 Ergo

535 2980 708 3018 omnes
731 2968 918 3021 mortui
937 2978 1072 3033 sunt,
1090 2979 1139 3024 et
1163 2987 1257 3040 pro
1282 2972 1512 3027 omnibus
1536 2983 1764 3028 mortuus
1790 2983 1865 3030 cst
1901 2973 1977 3048 (ll
2003 2974 2123 3030 Cor.

535 3070 590 3120 v,
621 3057 708 3123 14,
736 3057 847 3127 15).
882 3057 1034 3117 Unde
1061 3063 1150 3132 qui
1183 3064 1252 3118 ita
1292 3062 1532 3120 defendit
1569 3065 1840 3136 parvulos,
1864 3075 1923 3122 ut
1965 3076 2127 3138 neget

531 3156 806 3214 mortuos;
852 3166 956 3205 non
985 3167 1080 3208 eos
1105 3168 1135 3208 a
1175 3163 1348 3209 morte
1376 3155 1633 3222 defendit,
1662 3157 1758 3214 sed
1801 3158 1854 3214 in
1895 3168 2123 3216 mortem

529 3238 819 3294 secundam
845 3243 1060 3311 premit,
1085 3260 1220 3314 quos
1245 3246 1313 3300 ab
1339 3246 1455 3317 ejus
1479 3247 1763 3318 beneflcio,
1790 3251 1879 3322 qui
1908 3251 2122 3308 nonnisi

529 3340 627 3398 pro
649 3334 871 3387 mortuis
902 3343 1143 3389 mortuus
1170 3337 1508 3406 praedicatur,
1537 3340 1796 3396 excludit.

601 3421 667 3474 Χ.
709 3421 829 3478 ιω..
872 3423 997 3479 Post
1047 3425 1190 3493 lucc,
1227 3444 1440 3484 omnem
1495 3431 1642 3486 illum
1695 3443 2002 3488 contextum
2052 3433 2122 3490 de

529 3515 794 3570 Abraham
816 3525 870 3573 et
893 3517 1023 3574 Sara
1040 3561 1055 3581 ,
1083 3521 1172 3591 qui
1193 3523 1454 3578 emortuis
1476 3524 1587 3594 jam
1610 3527 1926 3596 corporibus
1955 3526 2119 3582 filium

527 3623 626 3676 pro
651 3623 874 3665 munere
899 3624 1242 3682 acceperunt,
1274 3630 1500 3684 quorum
1528 3619 1830 3688 exemplum
1861 3631 2117 3688 quantum

525 3703 733 3758 veritati
783 3703 1123 3776 suffragetur,
1173 3723 1280 3762 non
1323 3709 1493 3764 solum
1541 3712 1776 3780 sapiens,
1817 3713 1910 3767 sed
1955 3713 2117 3768 etiam

525 3795 813 3851 mediocris
847 3797 1016 3853 lector
1060 3799 1335 3870 intelligit,
1381 3803 1458 3858 sic
1504 3804 1779 3874 praeteriit,
1813 3813 1869 3860 nt
1915 3805 2120 3860 diceret

521 3897 707 3942 contra
737 3905 795 3944 se
821 3904 924 3943 non
965 3892 1188 3946 multum
1221 3893 1416 3948 valere.
1447 3895 1488 3948 Α
1520 3911 1624 3965 qua
1669 3897 1994 3967 imprudentia
2036 3897 2116 3952 vel

525 3979 613 4032 illa
639 3995 762 4035 eum
783 3980 968 4034 debuit
990 3998 1242 4038 revocare
1268 3987 1552 4053 sententia,
1570 4004 1687 4057 mue
1716 3989 1784 4042 ita
1812 4000 2114 4044 constructa

523 4077 610 4123 est
643 4086 656 4122 :
703 4069 768 4124 Et
799 4080 854 4124 ut
879 4072 1109 4139 breviter,
1138 4075 1338 4144 inquio,
1368 4076 1722 4146 disputationis
1749 4082 1899 4149 hujus
1919 4098 2117 4136 summa

523 4162 836 4228 claudatur;
879 4165 924 4218 si
963 4181 1054 4236 per
1090 4168 1547 4238 concupiscentiam
1585 4170 1812 4225 redditus
1859 4183 1933 4226 est
1969 4189 2115 4242 quem

524 4253 663 4308 Deus
695 4256 942 4323 promisit,
971 4256 1102 4310 bona
1127 4259 1236 4312 sine
1261 4259 1411 4314 dubio
1432 4263 1780 4328 qumabsoluit
1801 4261 1899 4317 Dei
1925 4264 2114 4333 fidem;

520 4349 565 4402 si
611 4350 720 4402 sine
764 4349 1200 4418 concupiscentia,
1238 4351 1391 4404 noxia
1436 4369 1535 4407 non
1581 4363 1742 4423 potest
1784 4372 1891 4410 esse
1934 4373 2114 4426 proge-

523 4441 668 4504 nita;
709 4457 821 4510 quae
863 4457 952 4494 nec
995 4457 1109 4495 cum
1146 4444 1511 4513 conciperetur,
1544 4462 1634 4500 nec
1669 4463 1784 4501 cum
1829 4459 2108 4516 pareretur,

520 4531 768 4601 interfuit.

593 4625 727 4682 Auc.
769 4626 898 4682 Sine
944 4627 1373 4696 concupiscentia
1417 4629 1595 4684 carnis
1653 4629 1882 4686 Abrahae
1946 4631 2109 4686 filium

515 4717 835 4773 setninatum
869 4716 1052 4781 fuisse,
1083 4719 1204 4788 quis
1230 4718 1412 4774 dicat?
1452 4720 1634 4791 Neque
1669 4725 1810 4778 enim
1844 4722 1944 4777 hoc
1974 4738 2110 4793 opus

515 4810 672 4867 aliter
713 4813 869 4868 fieret
911 4812 963 4868 in
1006 4828 1234 4884 corpore
1279 4815 1467 4871 mortis
1511 4814 1689 4885 hujus,
1717 4816 1785 4872 de
1829 4833 1935 4887 quo
1977 4817 2110 4873 dicit

521 4904 836 4972 Apostolus,
868 4903 1064 4976 Corpus
1090 4906 1292 4974 quidem
1319 4917 1574 4962 mortuum
1604 4917 1677 4962 est
1702 4919 1905 4980 prapter
1931 4925 2109 4978 pecca-

523 5001 625 5048 tum
659 4994 830 5060 (nam.
858 5011 970 5059 vui,
1011 4995 1118 5067 l0).
1153 4997 1263 5052 lloc
1291 5007 1468 5053 autem
1512 4998 1652 5053 malo
1681 4999 1819 5054 bene
1861 5015 1988 5055 usus
2025 5009 2111 5055 est

522 5082 787 5138 Abraham
824 5085 876 5139 in
902 5087 1187 5141 concubitu
1229 5088 1492 5160 conjugali
1526 5108 1538 5143 :
1572 5089 1712 5160 quod
1761 5090 1955 5144 malum
1998 5106 2105 5146 non

521 5183 636 5229 erat
661 5175 713 5229 in
745 5190 971 5245 corpore
1000 5179 1120 5234 vita:
1145 5181 1305 5242 illius,
1334 5197 1453 5251 qua:
1492 5181 1544 5234 in
1581 5181 1828 5251 paradiso
1856 5181 1957 5236 fuit
1984 5192 2109 5239 ante

523 5273 819 5335 peccatum.
853 5266 957 5321 Sed
989 5270 1031 5324 si
1069 5281 1350 5341 propterea
1393 5271 1528 5324 bona
1561 5273 1650 5327 tibi
1683 5272 1894 5328 videtur
1929 5274 2108 5330 carnis

520 5357 976 5427 concupiscentia,
1026 5362 1146 5429 quia
1193 5378 1287 5431 per
1333 5362 1477 5417 illam
1527 5363 1726 5418 reddita
1775 5375 1858 5419 est
1908 5366 2102 5436 proles,

585 5539 601 5572 ι
641 5538 946 5602 t‘ig-nierius,
965 5551 1091 5589 cum.
1119 5547 1173 5590 At
1194 5548 1318 5602 \tss.,
1348 5554 1454 5591 cur.

583 5601 1268 5676 ξὲίςξίεε-ιειι;ίεειηαξρίε.ι
1375 5671 1414 5676 -,
1832 5665 1842 5676 .

584 5663 605 5696 ⁸
637 5663 781 5732 aditi.
827 5660 1117 5732 mirabilius.
1164 5663 1332 5732 ttelius
1375 5665 1898 5732 Mss,_iutrabiliarius
1937 5679 1981 5732 *ί
2005 5680 2103 5732 quo

521 5727 675 5790 nrt-9
694 5728 844 5776 utitur
878 5727 1168 5790 Augustinus
1190 5727 1240 5790 in
1263 5731 1478 5777 "aetatu
1508 5729 1562 5777 l5
1587 5729 1633 5779 in
1661 5737 1789 5778 toan.
1811 5763 1825 5790 ,
1851 5743 1898 5778 ιι.
1933 5729 2003 5780 l7.

584 5788 601 5814 ⁸
633 5784 708 5839 Sic
733 5797 830 5837 viss.
862 5794 908 5836 tu
936 5784 1089 5851 figo”
1112 5787 1200 5838 sed
1225 5797 1332 5835 non.

1227 350 1473 407 OPERlS
1513 347 1922 405 IMPERFECTI
1961 346 2238 404 CONTRA
2277 345 2638 417 JULIANUM,
2680 350 2740 406 S.
2781 350 3151 410 AUGUSTlNI

3694 361 3833 418 tuo

2256 475 2416 532 quam
2461 463 2780 533 promiserat
2816 464 2989 533 Deus;
3032 468 3201 524 bonus
3242 468 3332 525 tibi
3364 472 3603 529 videatur
3629 486 3682 532 et
3715 479 3826 532 dei-

2252 551 2440 620 bolus,
2489 555 2614 623 quia
2667 570 2764 626 per
2811 557 2959 613 illum
3007 561 3223 631 sanguis
3261 560 3491 629 Christi,
3531 581 3638 636 quo
3686 568 3829 624 redi-

2251 658 2546 710 meremur,
2581 646 2783 703 eﬂ‘usus
2819 658 2932 716 est,
2972 665 3131 721 quem
3175 652 3314 708 Deus
3353 656 3685 725 promiserat.
3727 662 3828 716 Aut

2249 733 2436 799 fatere,
2463 738 2626 793 etiam
2661 754 2758 810 per
2787 741 3001 813 aliquod
3027 744 3224 800 malum
3260 744 3410 802 reddi
3442 762 3598 819 posse
3619 750 3825 822 aliquod

2249 825 2470 883 bunum.

2318 919 2410 976 XI.
2448 921 2570 978 Jun.
2611 921 2722 981 illis
2745 939 2876 997 ergo
2915 929 3290 997 praetermissis
3320 930 3572 1003 physicus
3610 934 3709 991 iste
3734 953 3826 992 no-

2247 1029 2345 1070 vus
2374 1013 2564 1070 falsum
2591 1031 2712 1073 esse
2741 1021 3067 1089 pronuntiat,
3089 1022 3232 1093 quod
3264 1039 3363 1080 nos
3385 1025 3651 1082 diximus:
3683 1028 3827 1084 Sicut

2245 1115 2366 1159 tunc
2388 1105 2540 1162 limus
2576 1110 2664 1179 qui
2693 1122 2985 1183 assumptus
3025 1124 3118 1180 est,
3146 1118 3377 1184 materia,
3405 1135 3505 1173 non
3533 1129 3708 1174 auctet-
3733 1123 3820 1176 Ito-

2243 1195 2396 1250 miuis
2420 1198 2518 1268 fuit
2540 1217 2565 1283 τ
2597 1199 2670 1253 ita
2701 1217 2837 1255 nunc
2864 1203 2938 1256 uis
2957 1203 3050 1258 illa
3067 1205 3361 1274 uoluptatis,
3387 1195 3823 1279 confectriz'cont-

2241 1287 2548 1358 austrisque
2578 1293 2846 1360 seminum,
2879 1311 2981 1350 non
3005 1297 3176 1368 explet
3214 1299 3400 1355 divina:
3427 1303 3727 1372 operationis
3751 1305 3820 1358 ui-

2240 1393 2386 1442 cem;
2417 1379 2508 1434 sed
2535 1381 2599 1436 de
2623 1383 2871 1440 thesauris
2900 1397 3098 1443 natura!
3129 1387 3280 1456 offert
3310 1389 3435 1459 Deo,
3467 1393 3600 1448 unde
3623 1394 3708 1448 ille
3732 1396 3820 1450 Ito-

2241 1469 2424 1524 minem
2443 1471 2681 1543 dignetur
2698 1479 2920 1546 operari.
2941 1477 3073 1544 Quae
3097 1488 3274 1534 tamen
3295 1491 3442 1538 recte
3461 1498 3491 1536 a
3518 1499 3603 1539 me
3623 1485 3816 1554 prolata

2241 1567 2484 1628 testatur,
2515 1564 2610 1618 sed
2649 1576 2874 1637 excepto
2914 1584 2980 1624 eo
3007 1569 3152 1640 quod
3192 1571 3324 1637 dixi,
3356 1575 3558 1629 semina
3597 1575 3644 1630 vi
3676 1577 3820 1630 volu-

2239 1651 2400 1720 ptatis
2443 1653 2668 1719 confici;
2716 1657 3227 1732 philosOphaturque
3273 1662 3374 1718 hoc
3424 1665 3617 1720 modo:
3667 1665 3816 1721 Volu-

2240 1753 2375 1812 ptas,
2406 1744 2597 1816 inquit,
2631 1748 2724 1802 illa
2768 1753 3189 1822 concupiscentia:
3219 1756 3442 1811 carnalis
3479 1775 3581 1812 non
3621 1761 3817 1829 conﬁcit

2236 1835 2452 1901 semina,
2482 1837 2572 1915 sed
2612 1856 2672 1892 ea
2699 1857 2816 1908 qua:
2829 1843 2944 1913 jam
2968 1853 3085 1898 sunt
3121 1845 3174 1898 in
3200 1848 3491 1917 corporibus
3515 1867 3547 1903 a
3573 1865 3684 1905 vero
3714 1850 3815 1907 Deo

2237 1912 2513 1990 condita‘,‘
2536 1945 2636 1982 non
2667 1931 2796 1998 ﬁunt
2832 1912 3110 2002 uoluptate,
3154 1935 3244 1990 sed
3281 1912 3562 1994 excitantur
3601 1957 3649 1994 et
3673 1943 3815 1996 emit-

2237 2025 2414 2071 tuntur
2451 2035 2565 2073 cum
2608 2022 2866 2092 uoluptate
2911 2025 3024 2097 (De
3070 2027 3282 2098 Nuptiis
3309 2041 3356 2084 et
3389 2029 3810 2102 Concupisccntia,

2234 2109 2326 2164 lib.
2342 2109 2398 2174 2,
2417 2128 2471 2165 n.
2497 2111 2613 2185 26).
2649 2113 2762 2168 Hoc
2791 2130 2921 2172 sane
2949 2129 3172 2188 apparet
3196 2136 3341 2190 eum,
3367 2138 3471 2178 non
3501 2123 3701 2192 fraude,
3720 2129 3812 2183 sed

2233 2199 2446 2257 defectu
2481 2204 2844 2278 intelligentiae
2882 2211 3185 2280 protulisse.
3215 2211 3335 2268 Vim
3375 2216 3570 2289 quippe
3594 2233 3692 2288 ego
3725 2235 3814 2274 voc

2235 2292 2472 2364 luptatis,
2504 2296 2673 2367 ipsam
2710 2300 2879 2356 virilis
2905 2305 3146 2373 corporis
3177 2305 3436 2362 rationem
3465 2310 3810 2378 pronuntiavi,

2234 2384 2320 2438 cui
2349 2399 2571 2442 necesse
2612 2389 2772 2444 habui
2812 2391 3076 2448 virilitatis
3121 2410 3314 2451 nomen
3365 2397 3656 2469 imponere.
3699 2400 3808 2473 Ipsa

2233 2490 2361 2545 ergo
2388 2476 2535 2546 (quia
2569 2479 2810 2536 trivimus
2827 2482 2937 2553 jam
2966 2483 3068 2539 hoc
3091 2486 3348 2559 verbum)
3377 2489 3616 2555 virilitas,
3645 2492 3693 2546 in
3719 2508 3808 2563 ge-

2233 2564 2473 2621 nitalium
2503 2577 2559 2623 et
2585 2569 2848 2626 viseerum
2876 2589 3132 2646 compage
3155 2591 3220 2631 ac
3247 2579 3473 2635 sanitate
3499 2581 3808 2649 consistens,

2231 2673 2352 2727 qua:
2375 2669 2432 2714 et
2470 2666 2792 2732 appetentiae
2821 2674 2877 2722 et
2899 2667 3204 2724 efficientite
3242 2670 3386 2727 vires
3424 2673 3701 2741 ministrat,
3737 2677 3813 2731 vis

2231 2762 2262 2801 a
2292 2764 2378 2804 me
2396 2750 2683 2823 voluptatis
2701 2765 2758 2810 et
2781 2759 3230 2828 concupiscentiae
3255 2764 3525 2819 nominata
3551 2775 3652 2820 est.
3691 2765 3812 2824 Ideo

2230 2841 2374 2897 enim
2403 2859 2509 2899 non
2541 2847 2871 2917 voluptatem
2908 2850 3244 2922 simpliciter,
3265 2855 3359 2911 sed
3401 2856 3506 2910 vim
3533 2857 3810 2930 voluptatis

2227 2933 2501 3002 appellare
2527 2937 2712 3006 malui,
2743 2948 2802 2995 ut
2827 2941 3134 2999 universum
3172 2945 3320 3000 illum
3359 2947 3623 3017 ardorem,
3652 2951 3736 3020 qui
3759 2961 3812 3007 et

2227 3030 2353 3078 ante
2379 3040 2536 3095 opus,
2563 3036 2619 3083 et
2653 3029 2706 3083 in
2747 3045 2911 3100 opere
2943 3033 3191 3099 sentitur,
3240 3037 3598 3093 ostenderem.
3635 3040 3811 3110 Neque

2226 3114 2366 3168 enim
2391 3115 2653 3174 debilitati
2679 3122 3002 3192 genitalibus
3027 3126 3283 3183 membris
3299 3170 3312 3194 ,
3345 3129 3397 3184 id
3423 3137 3504 3186 est
3528 3130 3803 3203 spadones,

2225 3218 2411 3262 senten
2453 3207 2691 3278 habent;
2738 3229 2862 3270 cum
2903 3225 3050 3272 certe
3095 3219 3411 3289 quibusdam
3463 3222 3650 3280 favillis
3692 3241 3807 3282 mo-

2227 3307 2454 3354 veantur
2493 3300 2663 3371 ignis‘
2710 3306 3005 3362 exstincti:
3041 3317 3099 3364 at
3143 3325 3270 3366 vero
3315 3315 3563 3383 quoniam
3618 3317 3806 3373 virtute

2226 3391 2475 3459 partitun,
2504 3409 2729 3464 quarum
2768 3399 3068 3456 ministerio
3104 3402 3464 3461 conficiuntur
3486 3408 3552 3462 de
3591 3409 3804 3465 internis

2224 3478 2539 3539 humoribus
2563 3487 2792 3555 semina,
2821 3491 3045 3560 speciali
3085 3492 3362 3552 debilitate
3399 3509 3696 3564 caruerunt,
3717 3516 3806 3571 ge-

2224 3576 2561 3632 nerationum
2613 3595 2720 3635 non
2770 3581 2903 3637 fiunt
2963 3593 3232 3654 potentes.
3279 3587 3369 3644 Sic
3412 3604 3540 3660 ergo
3583 3591 3805 3649 instituit

2224 3664 2386 3730 Deus.
2414 3677 2474 3723 ut
2497 3679 2641 3724 esset
2665 3670 2746 3726 vis
2774 3672 2826 3726 in
2855 3688 3104 3744 corpore,
3133 3693 3252 3748 quas
3279 3679 3526 3750 legitimis
3551 3683 3800 3752 explicata

2223 3761 2580 3829 temporibus.
2611 3763 2656 3818 si
2699 3764 2960 3822 adfuisset
2999 3769 3222 3836 sanitas,
3246 3771 3315 3826 ad
3347 3770 3689 3830 fecunditatis
3716 3791 3806 3830 va-

2221 3850 2438 3905 lentiam
2487 3857 2808 3922 perveniret.
2850 3855 3220 3916 Conflciuntur
3258 3862 3434 3934 itaque
3474 3863 3526 3918 in
3566 3867 3800 3942 corpori-

2224 3941 2320 3995 bus
2341 3944 2568 4003 senuna.
2597 3955 2822 4002 matura:
2850 3949 3146 4020 pubertatis
3175 3953 3379 4022 adjutu.
3409 3955 3531 4012 Inde
3551 3967 3632 4013 est
3657 3959 3793 4029 quod

2221 4032 2528 4102 impuberes
2572 4038 2810 4094 stimulat
2836 4040 3050 4112 quidem
3095 4059 3376 4116 pra-coquat
3423 4048 3682 4119 voluptas,
3707 4051 3797 4106 sed

2220 4125 2337 4182 sine
2357 4144 2620 4184 annorum
2652 4130 2859 4202 legibus
2883 4135 3082 4191 sterilis
3101 4138 3350 4195 scintillat
3371 4143 3633 4198 accensio.
3650 4143 3796 4211 Quod

2218 4225 2394 4271 autem
2415 4233 2536 4274 cum
2565 4221 2837 4291 voluptate
2862 4225 3067 4282 semina
3095 4229 3438 4298 misceantur,
3456 4248 3639 4288 verum
3657 4235 3795 4304 quod

2217 4309 2321 4363 alia
2341 4311 2411 4365 sit
2435 4311 2684 4382 voluptas
2708 4331 2826 4386 qua:
2854 4319 3104 4376 sensibus
3131 4333 3462 4393 supernatat,
3492 4326 3592 4381 alia
3623 4329 3791 4384 visce-

2217 4415 2334 4454 rum
2360 4401 2584 4459 interior
2608 4413 2662 4460 et
2687 4405 2899 4462 effectui
2933 4411 3174 4481 propior,
3194 4414 3334 4484 apud
3356 4416 3678 4472 medicorum
3706 4435 3798 4472 au-

2216 4499 2394 4564 ctores
2416 4493 2673 4551 latissime
2699 4496 3032 4568 disputatur;
3063 4503 3205 4560 unde
3242 4505 3333 4562 ille
3362 4507 3520 4562 etiam
3562 4509 3795 4565 Mantua-

2215 4600 2319 4640 nus
2362 4595 2516 4656 poeta
2557 4591 2877 4648 naturalium
2917 4596 3135 4664 gnarior
3171 4614 3330 4669 quam
3374 4601 3794 4672 philosophaster

2215 4675 2528 4748 Ptenorum,
2556 4683 2728 4740 macie
2754 4685 2930 4756 signat
2951 4699 3194 4747 armenta
3231 4693 3458 4761 tenuari,
3483 4706 3539 4749 ut
3561 4696 3644 4751 ubi
3667 4712 3795 4752 eon-

2213 4769 2424 4825 cubitus
2467 4773 2669 4840 primos
2696 4775 2940 4847 voluptas
2966 4789 3089 4835 nota
3127 4781 3400 4851 sollicitat,
3430 4794 3485 4841 et
3527 4786 3791 4843 frondibus

2212 4870 2497 4917 arceantur
2523 4873 2578 4918 et
2623 4864 2876 4922 fontibus.
2911 4867 3066 4940 Saepe
3105 4875 3254 4926 etiam
3281 4891 3431 4930 cursu
3474 4879 3719 4946 quatiunt,
3747 4887 3794 4932 et

2211 4951 2319 5005 sole
2342 4953 2596 5024 fatigant;
2621 4971 2736 5009 cunt
2765 4961 2984 5028 grauiter
3009 4963 3172 5018 tunsis
3199 4980 3320 5018 area
3351 4967 3504 5036 gemit
3545 4967 3788 5039 frugibus,

2212 5051 2259 5097 et
2292 5044 2419 5099 leues
2461 5047 2622 5116 palea:
2664 5049 2873 5117 ﬂatibus
2908 5050 3210 5119 efferuntur.
3263 5055 3373 5111 Hoc
3408 5057 3541 5125 ideo,
3571 5075 3632 5112 ne
3669 5060 3792 5114 luant

2213 5137 2368 5190 nimio
2396 5155 2517 5193 usus
2543 5140 2807 5196 obtunsior
2834 5145 2900 5198 sit
2927 5148 3138 5216 genitali
3165 5164 3308 5215 arvo,
3336 5161 3382 5204 et
3403 5152 3568 5206 sulcos
3595 5152 3792 5208 oblimet

2212 5227 2396 5283 inertes
2422 5245 2441 5283 :
2481 5233 2570 5285 sed
2614 5234 2893 5288 siccitatem
2939 5239 3215 5307 quamdam
3259 5253 3452 5296 secreta
3497 5245 3748 5314 patiantur
3771 5258 3795 5307 ;

2210 5318 2380 5390 sicque
2407 5322 2576 5390 rapiat
2601 5324 2776 5380 sitiens
2802 5343 3048 5394 venerem,
3069 5330 3376 5402 interiusque
3396 5335 3631 5389 recondat
3653 5331 3801 5407 (Vir-

2211 5412 2326 5482 gil.,
2352 5404 2535 5484 Georg.
2566 5416 2654 5471 lib.
2679 5418 2732 5483 δ,
2763 5433 2893 5474 vers.
2923 5421 3208 5495 130-157).
3247 5424 3439 5481 Verum
3471 5427 3523 5482 in
3554 5404 3782 5498 hisque-

2209 5517 2332 5573 que,
2363 5519 2467 5558 non
2495 5506 2716 5563 multum
2741 5524 2919 5566 causae
2949 5514 3289 5584 necessariis,
3310 5531 3532 5575 acumen
3558 5517 3789 5574 hominis

2211 5602 2427 5659 notasse
2451 5597 2697 5653 sufficiat.

2274 5731 2295 5812 ί
2419 5729 2889 5812 ξξιιίαῃυξπωιεςῦι,
2913 5751 2945 5787 a
2967 5751 3060 5801 quo
3080 5740 3188 5806 ipsa
3207 5740 3473 5812 conduntur
3495 5747 3540 5792 et
3565 5751 3780 5804 corpora.

2273 5793 2295 5825 ν
2313 5790 2393 5839 Sic
2421 5801 2520 5843 uss.
2549 5800 2594 5844 tn
2621 5790 2778 5861 visa,
2804 5790 2957 5862 ignes.
