  <div class='ocr_page' id='page_1' title='image "/cluster/home/n/w/nwhite01/storage/ocr_20150623/44-45/uc1.31175026792435/730.png"; bbox 0 0 4124 6556; ppageno 0'>
   <div class='ocr_carea' id='block_1_1' title="bbox 359 408 486 466">
    <p class='ocr_par' dir='ltr' id='par_1_1' title="bbox 359 408 486 466">
     <span class='ocr_line' id='line_1_1' title="bbox 359 408 486 466; baseline -0.039 0"><span class='ocrx_word' id='word_1_1' title='bbox 359 408 486 466; x_wconf 75' lang='lat' dir='ltr'><strong>N-ll</strong></span> 
     </span>
    </p>
   </div>
   <div class='ocr_carea' id='block_1_2' title="bbox 427 501 1942 580">
    <p class='ocr_par' dir='ltr' id='par_1_2' title="bbox 427 501 1942 580">
     <span class='ocr_line' id='line_1_2' title="bbox 427 501 1942 580; baseline -0.011 -10"><span class='ocrx_word' id='word_1_2' title='bbox 427 521 560 570; x_wconf 79' lang='lat' dir='ltr'><strong>Anc.</strong></span> <span class='ocrx_word' id='word_1_3' title='bbox 590 513 758 568; x_wconf 82' lang='lat' dir='ltr'><strong>Verba</strong></span> <span class='ocrx_word' id='word_1_4' title='bbox 777 521 1021 580; x_wconf 82' lang='lat' dir='ltr'><strong>tua,qu:c</strong></span> <span class='ocrx_word' id='word_1_5' title='bbox 1053 523 1137 563; x_wconf 90' lang='lat' dir='ltr'><strong>me</strong></span> <span class='ocrx_word' id='word_1_6' title='bbox 1167 504 1570 578; x_wconf 56' lang='lat' dir='ltr'><strong>prastermisisse</strong></span> <span class='ocrx_word' id='word_1_7' title='bbox 1597 501 1752 567; x_wconf 84' lang='lat' dir='ltr'><strong>dicis,</strong></span> <span class='ocrx_word' id='word_1_8' title='bbox 1783 515 1942 571; x_wconf 90' lang='lat' dir='ltr'><strong>quam</strong></span> 
     </span>
    </p>
   </div>
   <div class='ocr_carea' id='block_1_3' title="bbox 359 594 1945 673">
    <p class='ocr_par' dir='ltr' id='par_1_3' title="bbox 359 594 1945 673">
     <span class='ocr_line' id='line_1_3' title="bbox 359 594 1945 673; baseline -0.012 -8"><span class='ocrx_word' id='word_1_9' title='bbox 359 625 495 664; x_wconf 74' lang='lat' dir='ltr'><strong>vana</strong></span> <span class='ocrx_word' id='word_1_10' title='bbox 522 611 651 673; x_wconf 89' lang='lat' dir='ltr'><strong>sint,</strong></span> <span class='ocrx_word' id='word_1_11' title='bbox 681 605 811 660; x_wconf 89' lang='lat' dir='ltr'><strong>satis</strong></span> <span class='ocrx_word' id='word_1_12' title='bbox 839 603 1082 672; x_wconf 69' lang='lat' dir='ltr'><strong>superius</strong></span> <span class='ocrx_word' id='word_1_13' title='bbox 1108 597 1468 655; x_wconf 99' lang='lat' dir='ltr'><strong>demonstravi</strong></span> <span class='ocrx_word' id='word_1_14' title='bbox 1502 613 1514 649; x_wconf 89' lang='lat'><strong>:</strong></span> <span class='ocrx_word' id='word_1_15' title='bbox 1545 595 1684 666; x_wconf 88' lang='lat' dir='ltr'><strong>quod</strong></span> <span class='ocrx_word' id='word_1_16' title='bbox 1720 594 1945 648; x_wconf 73' lang='lat' dir='ltr'><strong>fortasse</strong></span> 
     </span>
    </p>
   </div>
   <div class='ocr_carea' id='block_1_4' title="bbox 359 682 1946 764">
    <p class='ocr_par' dir='ltr' id='par_1_4' title="bbox 359 682 1946 764">
     <span class='ocr_line' id='line_1_4' title="bbox 359 682 1946 764; baseline -0.009 -13"><span class='ocrx_word' id='word_1_17' title='bbox 359 699 487 753; x_wconf 78' lang='lat' dir='ltr'><strong>vidit</strong></span> <span class='ocrx_word' id='word_1_18' title='bbox 510 697 673 752; x_wconf 89' lang='lat' dir='ltr'><strong>etiam</strong></span> <span class='ocrx_word' id='word_1_19' title='bbox 704 695 790 749; x_wconf 90' lang='lat' dir='ltr'><strong>ille</strong></span> <span class='ocrx_word' id='word_1_20' title='bbox 817 692 910 764; x_wconf 85' lang='lat' dir='ltr'><strong>qui</strong></span> <span class='ocrx_word' id='word_1_21' title='bbox 937 690 1228 747; x_wconf 77' lang='lat' dir='ltr'><strong>chartulam</strong></span> <span class='ocrx_word' id='word_1_22' title='bbox 1275 688 1439 753; x_wconf 92' lang='lat' dir='ltr'><strong>misit,</strong></span> <span class='ocrx_word' id='word_1_23' title='bbox 1468 695 1523 742; x_wconf 92' lang='lat' dir='ltr'><strong>et</strong></span> <span class='ocrx_word' id='word_1_24' title='bbox 1553 686 1646 741; x_wconf 88' lang='lat' dir='ltr'><strong>tibi</strong></span> <span class='ocrx_word' id='word_1_25' title='bbox 1676 682 1946 754; x_wconf 88' lang='lat' dir='ltr'><strong>parcendo</strong></span> 
     </span>
    </p>
   </div>
   <div class='ocr_carea' id='block_1_5' title="bbox 356 777 1939 857">
    <p class='ocr_par' dir='ltr' id='par_1_5' title="bbox 356 777 1939 857">
     <span class='ocr_line' id='line_1_5' title="bbox 356 777 1939 857; baseline -0.01 -13"><span class='ocrx_word' id='word_1_26' title='bbox 356 789 544 844; x_wconf 81' lang='lat' dir='ltr'><strong>eadem</strong></span> <span class='ocrx_word' id='word_1_27' title='bbox 571 785 930 857; x_wconf 65' lang='lat' dir='ltr'><strong>prmtermisit.</strong></span> <span class='ocrx_word' id='word_1_28' title='bbox 962 781 1113 852; x_wconf 84' lang='lat' dir='ltr'><strong>Quod</strong></span> <span class='ocrx_word' id='word_1_29' title='bbox 1147 791 1324 837; x_wconf 88' lang='lat' dir='ltr'><strong>autem</strong></span> <span class='ocrx_word' id='word_1_30' title='bbox 1353 779 1422 836; x_wconf 91' lang='lat' dir='ltr'><strong>de</strong></span> <span class='ocrx_word' id='word_1_31' title='bbox 1453 780 1505 835; x_wconf 92' lang='lat' dir='ltr'><strong>vi</strong></span> <span class='ocrx_word' id='word_1_32' title='bbox 1547 777 1834 848; x_wconf 80' lang='lat' dir='ltr'><strong>voluptatis</strong></span> <span class='ocrx_word' id='word_1_33' title='bbox 1878 777 1894 806; x_wconf 83' lang='grc'>¹</span> <span class='ocrx_word' id='word_1_34' title='bbox 1923 815 1939 839; x_wconf 87' lang='grc'><strong>.</strong></span> 
     </span>
    </p>
   </div>
   <div class='ocr_carea' id='block_1_6' title="bbox 357 867 1947 952">
    <p class='ocr_par' dir='ltr' id='par_1_6' title="bbox 357 867 1947 952">
     <span class='ocr_line' id='line_1_6' title="bbox 357 867 1947 952; baseline -0.011 -15"><span class='ocrx_word' id='word_1_35' title='bbox 357 896 518 952; x_wconf 86' lang='lat' dir='ltr'><strong>quam</strong></span> <span class='ocrx_word' id='word_1_36' title='bbox 547 877 921 934; x_wconf 85' lang='lat' dir='ltr'><strong>confectricem</strong></span> <span class='ocrx_word' id='word_1_37' title='bbox 951 875 1214 929; x_wconf 87' lang='lat' dir='ltr'><strong>seminum</strong></span> <span class='ocrx_word' id='word_1_38' title='bbox 1253 889 1374 929; x_wconf 85' lang='lat' dir='ltr'><strong>esse</strong></span> <span class='ocrx_word' id='word_1_39' title='bbox 1413 873 1635 934; x_wconf 83' lang='lat' dir='ltr'><strong>dixisti,</strong></span> <span class='ocrx_word' id='word_1_40' title='bbox 1679 871 1838 924; x_wconf 82' lang='lat' dir='ltr'><strong>immo</strong></span> <span class='ocrx_word' id='word_1_41' title='bbox 1868 867 1947 922; x_wconf 90' lang='lat' dir='ltr'><strong>lo-</strong></span> 
     </span>
    </p>
   </div>
   <div class='ocr_carea' id='block_1_7' title="bbox 356 961 1942 1045">
    <p class='ocr_par' dir='ltr' id='par_1_7' title="bbox 356 961 1942 1045">
     <span class='ocr_line' id='line_1_7' title="bbox 356 961 1942 1045; baseline -0.007 -21"><span class='ocrx_word' id='word_1_42' title='bbox 356 971 708 1045; x_wconf 85' lang='lat' dir='ltr'><strong>quacissimus</strong></span> <span class='ocrx_word' id='word_1_43' title='bbox 738 971 950 1024; x_wconf 85' lang='lat' dir='ltr'><strong>inventa</strong></span> <span class='ocrx_word' id='word_1_44' title='bbox 997 967 1278 1020; x_wconf 77' lang='lat' dir='ltr'><strong>occasione</strong></span> <span class='ocrx_word' id='word_1_45' title='bbox 1323 964 1615 1035; x_wconf 84' lang='lat' dir='ltr'><strong>loquaciter</strong></span> <span class='ocrx_word' id='word_1_46' title='bbox 1660 961 1900 1031; x_wconf 82' lang='lat' dir='ltr'><strong>disputas</strong></span> <span class='ocrx_word' id='word_1_47' title='bbox 1926 1001 1942 1026; x_wconf 95' lang='lat'><strong>,</strong></span> 
     </span>
    </p>
   </div>
   <div class='ocr_carea' id='block_1_8' title="bbox 359 1057 1943 1136">
    <p class='ocr_par' dir='ltr' id='par_1_8' title="bbox 359 1057 1943 1136">
     <span class='ocr_line' id='line_1_8' title="bbox 359 1057 1943 1136; baseline -0.008 -14"><span class='ocrx_word' id='word_1_48' title='bbox 359 1083 465 1122; x_wconf 91' lang='lat' dir='ltr'><strong>non</strong></span> <span class='ocrx_word' id='word_1_49' title='bbox 493 1079 627 1136; x_wconf 88' lang='lat' dir='ltr'><strong>opus</strong></span> <span class='ocrx_word' id='word_1_50' title='bbox 652 1062 825 1120; x_wconf 82' lang='lat' dir='ltr'><strong>habeo</strong></span> <span class='ocrx_word' id='word_1_51' title='bbox 850 1061 1100 1118; x_wconf 83' lang='lat' dir='ltr'><strong>resistere</strong></span> <span class='ocrx_word' id='word_1_52' title='bbox 1126 1061 1218 1115; x_wconf 88' lang='lat' dir='ltr'><strong>tibi</strong></span> <span class='ocrx_word' id='word_1_53' title='bbox 1243 1077 1257 1115; x_wconf 91' lang='lat'><strong>:</strong></span> <span class='ocrx_word' id='word_1_54' title='bbox 1278 1059 1395 1115; x_wconf 78' lang='lat' dir='ltr'><strong>hzcc</strong></span> <span class='ocrx_word' id='word_1_55' title='bbox 1413 1060 1554 1114; x_wconf 90' lang='lat' dir='ltr'><strong>enim</strong></span> <span class='ocrx_word' id='word_1_56' title='bbox 1586 1073 1691 1113; x_wconf 92' lang='lat' dir='ltr'><strong>non</strong></span> <span class='ocrx_word' id='word_1_57' title='bbox 1721 1057 1943 1111; x_wconf 80' lang='lat' dir='ltr'><strong>multaut</strong></span> 
     </span>
    </p>
   </div>
   <div class='ocr_carea' id='block_1_9' title="bbox 359 1148 1945 1223">
    <p class='ocr_par' dir='ltr' id='par_1_9' title="bbox 359 1148 1945 1223">
     <span class='ocr_line' id='line_1_9' title="bbox 359 1148 1945 1223; baseline -0.008 -8"><span class='ocrx_word' id='word_1_58' title='bbox 359 1173 481 1214; x_wconf 87' lang='lat' dir='ltr'><strong>esse</strong></span> <span class='ocrx_word' id='word_1_59' title='bbox 507 1171 684 1212; x_wconf 71' lang='lat' dir='ltr'><strong>causa:</strong></span> <span class='ocrx_word' id='word_1_60' title='bbox 709 1154 1032 1220; x_wconf 87' lang='lat' dir='ltr'><strong>necessaria,</strong></span> <span class='ocrx_word' id='word_1_61' title='bbox 1060 1153 1220 1208; x_wconf 85' lang='lat' dir='ltr'><strong>etiam</strong></span> <span class='ocrx_word' id='word_1_62' title='bbox 1245 1152 1359 1223; x_wconf 87' lang='lat' dir='ltr'><strong>ipse</strong></span> <span class='ocrx_word' id='word_1_63' title='bbox 1390 1165 1800 1208; x_wconf 85' lang='lat' dir='ltr'><strong>commemoras.</strong></span> <span class='ocrx_word' id='word_1_64' title='bbox 1834 1148 1945 1217; x_wconf 81' lang='lat' dir='ltr'><strong>Ego</strong></span> 
     </span>
    </p>
   </div>
   <div class='ocr_carea' id='block_1_10' title="bbox 358 1241 1942 1324">
    <p class='ocr_par' dir='ltr' id='par_1_10' title="bbox 358 1241 1942 1324">
     <span class='ocr_line' id='line_1_10' title="bbox 358 1241 1942 1324; baseline -0.006 -20"><span class='ocrx_word' id='word_1_65' title='bbox 358 1251 554 1324; x_wconf 89' lang='lat' dir='ltr'><strong>quippe</strong></span> <span class='ocrx_word' id='word_1_66' title='bbox 580 1250 684 1302; x_wconf 87' lang='lat' dir='ltr'><strong>vim</strong></span> <span class='ocrx_word' id='word_1_67' title='bbox 713 1247 999 1316; x_wconf 84' lang='lat' dir='ltr'><strong>voluptatis</strong></span> <span class='ocrx_word' id='word_1_68' title='bbox 1024 1259 1335 1315; x_wconf 85' lang='lat' dir='ltr'><strong>acceperam</strong></span> <span class='ocrx_word' id='word_1_69' title='bbox 1367 1253 1419 1299; x_wconf 91' lang='lat' dir='ltr'><strong>te</strong></span> <span class='ocrx_word' id='word_1_70' title='bbox 1447 1242 1666 1314; x_wconf 75' lang='lat' dir='ltr'><strong>intelligi</strong></span> <span class='ocrx_word' id='word_1_71' title='bbox 1691 1241 1942 1305; x_wconf 86' lang='lat' dir='ltr'><strong>voluisse,</strong></span> 
     </span>
    </p>
   </div>
   <div class='ocr_carea' id='block_1_11' title="bbox 358 1333 1944 1412">
    <p class='ocr_par' dir='ltr' id='par_1_11' title="bbox 358 1333 1944 1412">
     <span class='ocr_line' id='line_1_11' title="bbox 358 1333 1944 1412; baseline -0.006 -17"><span class='ocrx_word' id='word_1_72' title='bbox 358 1359 462 1412; x_wconf 88' lang='lat' dir='ltr'><strong>qua</strong></span> <span class='ocrx_word' id='word_1_73' title='bbox 494 1343 736 1412; x_wconf 85' lang='lat' dir='ltr'><strong>voluptas</strong></span> <span class='ocrx_word' id='word_1_74' title='bbox 759 1339 958 1410; x_wconf 85' lang='lat' dir='ltr'><strong>aliquid</strong></span> <span class='ocrx_word' id='word_1_75' title='bbox 988 1338 1162 1394; x_wconf 84' lang='lat' dir='ltr'><strong>facere</strong></span> <span class='ocrx_word' id='word_1_76' title='bbox 1203 1345 1414 1408; x_wconf 86' lang='lat' dir='ltr'><strong>posset,</strong></span> <span class='ocrx_word' id='word_1_77' title='bbox 1444 1351 1550 1392; x_wconf 87' lang='lat' dir='ltr'><strong>non</strong></span> <span class='ocrx_word' id='word_1_78' title='bbox 1575 1351 1679 1406; x_wconf 88' lang='lat' dir='ltr'><strong>qua</strong></span> <span class='ocrx_word' id='word_1_79' title='bbox 1710 1335 1819 1405; x_wconf 84' lang='lat' dir='ltr'><strong>ipsa</strong></span> <span class='ocrx_word' id='word_1_80' title='bbox 1849 1333 1944 1387; x_wconf 83' lang='lat' dir='ltr'><strong>ﬁe-</strong></span> 
     </span>
    </p>
   </div>
   <div class='ocr_carea' id='block_1_12' title="bbox 359 1424 1943 1499">
    <p class='ocr_par' dir='ltr' id='par_1_12' title="bbox 359 1424 1943 1499">
     <span class='ocr_line' id='line_1_12' title="bbox 359 1424 1943 1499; baseline -0.006 -12"><span class='ocrx_word' id='word_1_81' title='bbox 359 1442 463 1487; x_wconf 90' lang='lat' dir='ltr'><strong>rct.</strong></span> <span class='ocrx_word' id='word_1_82' title='bbox 492 1432 583 1488; x_wconf 91' lang='lat' dir='ltr'><strong>Sic</strong></span> <span class='ocrx_word' id='word_1_83' title='bbox 621 1433 762 1486; x_wconf 92' lang='lat' dir='ltr'><strong>enim</strong></span> <span class='ocrx_word' id='word_1_84' title='bbox 790 1432 1024 1484; x_wconf 85' lang='lat' dir='ltr'><strong>solemus</strong></span> <span class='ocrx_word' id='word_1_85' title='bbox 1059 1429 1226 1499; x_wconf 89' lang='lat' dir='ltr'><strong>loqui,</strong></span> <span class='ocrx_word' id='word_1_86' title='bbox 1257 1436 1317 1483; x_wconf 93' lang='lat' dir='ltr'><strong>ut</strong></span> <span class='ocrx_word' id='word_1_87' title='bbox 1344 1428 1450 1483; x_wconf 90' lang='lat' dir='ltr'><strong>vim</strong></span> <span class='ocrx_word' id='word_1_88' title='bbox 1476 1427 1552 1483; x_wconf 90' lang='lat' dir='ltr'><strong>rei</strong></span> <span class='ocrx_word' id='word_1_89' title='bbox 1577 1426 1833 1497; x_wconf 85' lang='lat' dir='ltr'><strong>cujusque</strong></span> <span class='ocrx_word' id='word_1_90' title='bbox 1860 1424 1943 1478; x_wconf 87' lang='lat' dir='ltr'><strong>di-</strong></span> 
     </span>
    </p>
   </div>
   <div class='ocr_carea' id='block_1_13' title="bbox 357 1516 1943 1592">
    <p class='ocr_par' dir='ltr' id='par_1_13' title="bbox 357 1516 1943 1592">
     <span class='ocr_line' id='line_1_13' title="bbox 357 1516 1943 1592; baseline -0.004 -16"><span class='ocrx_word' id='word_1_91' title='bbox 357 1538 562 1588; x_wconf 84' lang='lat' dir='ltr'><strong>camus,</strong></span> <span class='ocrx_word' id='word_1_92' title='bbox 587 1537 692 1592; x_wconf 89' lang='lat' dir='ltr'><strong>qua</strong></span> <span class='ocrx_word' id='word_1_93' title='bbox 718 1521 861 1575; x_wconf 87' lang='lat' dir='ltr'><strong>valet</strong></span> <span class='ocrx_word' id='word_1_94' title='bbox 887 1529 944 1576; x_wconf 91' lang='grc' dir='ltr'><strong>ιιι</strong></span> <span class='ocrx_word' id='word_1_95' title='bbox 971 1519 1170 1590; x_wconf 90' lang='lat' dir='ltr'><strong>aliquid</strong></span> <span class='ocrx_word' id='word_1_96' title='bbox 1200 1517 1387 1584; x_wconf 90' lang='lat' dir='ltr'><strong>faciat,</strong></span> <span class='ocrx_word' id='word_1_97' title='bbox 1411 1533 1516 1573; x_wconf 91' lang='lat' dir='ltr'><strong>non</strong></span> <span class='ocrx_word' id='word_1_98' title='bbox 1547 1533 1646 1588; x_wconf 91' lang='lat' dir='ltr'><strong>qua</strong></span> <span class='ocrx_word' id='word_1_99' title='bbox 1677 1517 1818 1572; x_wconf 87' lang='lat' dir='ltr'><strong>valet</strong></span> <span class='ocrx_word' id='word_1_100' title='bbox 1842 1516 1943 1570; x_wconf 87' lang='lat' dir='ltr'><strong>alia</strong></span> 
     </span>
    </p>
   </div>
   <div class='ocr_carea' id='block_1_14' title="bbox 361 1609 1944 1684">
    <p class='ocr_par' dir='ltr' id='par_1_14' title="bbox 361 1609 1944 1684">
     <span class='ocr_line' id='line_1_14' title="bbox 361 1609 1944 1684; baseline -0.005 -12"><span class='ocrx_word' id='word_1_101' title='bbox 361 1631 451 1672; x_wconf 88' lang='lat' dir='ltr'><strong>res</strong></span> <span class='ocrx_word' id='word_1_102' title='bbox 478 1631 595 1684; x_wconf 57' lang='lat' dir='ltr'><strong>qua».</strong></span> <span class='ocrx_word' id='word_1_103' title='bbox 635 1614 803 1684; x_wconf 88' lang='lat' dir='ltr'><strong>ipsam</strong></span> <span class='ocrx_word' id='word_1_104' title='bbox 849 1612 992 1667; x_wconf 79' lang='lat' dir='ltr'><strong>facit.</strong></span> <span class='ocrx_word' id='word_1_105' title='bbox 1033 1611 1111 1666; x_wconf 88' lang='grc' dir='ltr'>Τιι</span> <span class='ocrx_word' id='word_1_106' title='bbox 1160 1620 1358 1674; x_wconf 89' lang='lat' dir='ltr'><strong>autem,</strong></span> <span class='ocrx_word' id='word_1_107' title='bbox 1391 1623 1449 1666; x_wconf 92' lang='lat' dir='ltr'><strong>ut</strong></span> <span class='ocrx_word' id='word_1_108' title='bbox 1476 1625 1617 1665; x_wconf 91' lang='lat' dir='ltr'><strong>nunc</strong></span> <span class='ocrx_word' id='word_1_109' title='bbox 1651 1618 1737 1664; x_wconf 86' lang='lat' dir='ltr'><strong>tua</strong></span> <span class='ocrx_word' id='word_1_110' title='bbox 1787 1609 1944 1664; x_wconf 87' lang='lat' dir='ltr'><strong>verba</strong></span> 
     </span>
    </p>
   </div>
   <div class='ocr_carea' id='block_1_15' title="bbox 359 1700 1948 1780">
    <p class='ocr_par' dir='ltr' id='par_1_15' title="bbox 359 1700 1948 1780">
     <span class='ocr_line' id='line_1_15' title="bbox 359 1700 1948 1780; baseline -0.005 -19"><span class='ocrx_word' id='word_1_111' title='bbox 359 1703 675 1775; x_wconf 82' lang='lat' dir='ltr'><strong>exposuisti,</strong></span> <span class='ocrx_word' id='word_1_112' title='bbox 705 1705 810 1780; x_wconf 73' lang='lat' dir='ltr'><strong>vim</strong></span> <span class='ocrx_word' id='word_1_113' title='bbox 840 1701 1128 1774; x_wconf 84' lang='lat' dir='ltr'><strong>voluptatis</strong></span> <span class='ocrx_word' id='word_1_114' title='bbox 1158 1709 1210 1757; x_wconf 90' lang='lat' dir='ltr'><strong>te</strong></span> <span class='ocrx_word' id='word_1_115' title='bbox 1236 1701 1436 1756; x_wconf 92' lang='lat' dir='ltr'><strong>dixisse</strong></span> <span class='ocrx_word' id='word_1_116' title='bbox 1464 1700 1678 1767; x_wconf 88' lang='lat' dir='ltr'><strong>asscris,</strong></span> <span class='ocrx_word' id='word_1_117' title='bbox 1709 1714 1813 1770; x_wconf 90' lang='lat' dir='ltr'><strong>qua</strong></span> <span class='ocrx_word' id='word_1_118' title='bbox 1854 1714 1948 1754; x_wconf 79' lang='lat' dir='ltr'><strong>vo-</strong></span> 
     </span>
    </p>
   </div>
   <div class='ocr_carea' id='block_1_16' title="bbox 362 1792 1943 1868">
    <p class='ocr_par' dir='ltr' id='par_1_16' title="bbox 362 1792 1943 1868">
     <span class='ocr_line' id='line_1_16' title="bbox 362 1792 1943 1868; baseline -0.003 -17"><span class='ocrx_word' id='word_1_119' title='bbox 362 1799 533 1868; x_wconf 87' lang='lat' dir='ltr'><strong>luptas</strong></span> <span class='ocrx_word' id='word_1_120' title='bbox 559 1792 697 1852; x_wconf 85' lang='lat' dir='ltr'><strong>efﬁci</strong></span> <span class='ocrx_word' id='word_1_121' title='bbox 732 1803 925 1864; x_wconf 78' lang='lat' dir='ltr'><strong>potest,</strong></span> <span class='ocrx_word' id='word_1_122' title='bbox 957 1809 1064 1850; x_wconf 92' lang='lat' dir='ltr'><strong>non</strong></span> <span class='ocrx_word' id='word_1_123' title='bbox 1091 1808 1192 1864; x_wconf 92' lang='lat' dir='ltr'><strong>qua</strong></span> <span class='ocrx_word' id='word_1_124' title='bbox 1224 1792 1386 1849; x_wconf 85' lang='lat' dir='ltr'><strong>efﬁcit</strong></span> <span class='ocrx_word' id='word_1_125' title='bbox 1413 1794 1521 1862; x_wconf 89' lang='lat' dir='ltr'><strong>ipsa</strong></span> <span class='ocrx_word' id='word_1_126' title='bbox 1564 1808 1682 1862; x_wconf 82' lang='lat' dir='ltr'><strong>qua:</strong></span> <span class='ocrx_word' id='word_1_127' title='bbox 1731 1798 1904 1860; x_wconf 79' lang='lat' dir='ltr'><strong>potest</strong></span> <span class='ocrx_word' id='word_1_128' title='bbox 1930 1810 1943 1846; x_wconf 92' lang='lat'><strong>:</strong></span> 
     </span>
    </p>
   </div>
   <div class='ocr_carea' id='block_1_17' title="bbox 363 1881 1947 1957">
    <p class='ocr_par' dir='ltr' id='par_1_17' title="bbox 363 1881 1947 1957">
     <span class='ocr_line' id='line_1_17' title="bbox 363 1881 1947 1957; baseline -0.004 -15"><span class='ocrx_word' id='word_1_129' title='bbox 363 1897 607 1957; x_wconf 81' lang='lat' dir='ltr'><strong>tanquam</strong></span> <span class='ocrx_word' id='word_1_130' title='bbox 653 1891 698 1944; x_wconf 91' lang='lat' dir='ltr'><strong>si</strong></span> <span class='ocrx_word' id='word_1_131' title='bbox 731 1887 834 1943; x_wconf 67' lang='lat' dir='ltr'><strong>vim</strong></span> <span class='ocrx_word' id='word_1_132' title='bbox 861 1885 1068 1940; x_wconf 88' lang='lat' dir='ltr'><strong>diceres</strong></span> <span class='ocrx_word' id='word_1_133' title='bbox 1092 1899 1212 1940; x_wconf 82' lang='lat' dir='ltr'><strong>esse</strong></span> <span class='ocrx_word' id='word_1_134' title='bbox 1241 1884 1400 1955; x_wconf 85' lang='lat' dir='ltr'><strong>ignis,</strong></span> <span class='ocrx_word' id='word_1_135' title='bbox 1429 1899 1531 1953; x_wconf 90' lang='lat' dir='ltr'><strong>qua</strong></span> <span class='ocrx_word' id='word_1_136' title='bbox 1564 1884 1677 1954; x_wconf 89' lang='lat' dir='ltr'><strong>ipse</strong></span> <span class='ocrx_word' id='word_1_137' title='bbox 1700 1881 1947 1938; x_wconf 75' lang='lat' dir='ltr'><strong>accendi-</strong></span> 
     </span>
    </p>
   </div>
   <div class='ocr_carea' id='block_1_18' title="bbox 364 1975 1945 2046">
    <p class='ocr_par' dir='ltr' id='par_1_18' title="bbox 364 1975 1945 2046">
     <span class='ocr_line' id='line_1_18' title="bbox 364 1975 1945 2046; baseline -0.004 -12"><span class='ocrx_word' id='word_1_138' title='bbox 364 1990 450 2034; x_wconf 79' lang='lat' dir='ltr'><strong>tur</strong></span> <span class='ocrx_word' id='word_1_139' title='bbox 477 1989 532 2034; x_wconf 93' lang='lat' dir='ltr'><strong>nt</strong></span> <span class='ocrx_word' id='word_1_140' title='bbox 554 1981 652 2044; x_wconf 83' lang='lat' dir='ltr'><strong>sit.</strong></span> <span class='ocrx_word' id='word_1_141' title='bbox 685 1995 808 2035; x_wconf 90' lang='lat' dir='ltr'><strong>cum</strong></span> <span class='ocrx_word' id='word_1_142' title='bbox 833 1993 1019 2032; x_wconf 88' lang='lat' dir='ltr'><strong>omnes</strong></span> <span class='ocrx_word' id='word_1_143' title='bbox 1040 1977 1283 2032; x_wconf 84' lang='lat' dir='ltr'><strong>homines</strong></span> <span class='ocrx_word' id='word_1_144' title='bbox 1311 1976 1416 2032; x_wconf 89' lang='lat' dir='ltr'><strong>vim</strong></span> <span class='ocrx_word' id='word_1_145' title='bbox 1446 1975 1625 2031; x_wconf 87' lang='lat' dir='ltr'><strong>dicant</strong></span> <span class='ocrx_word' id='word_1_146' title='bbox 1648 1991 1766 2031; x_wconf 88' lang='lat' dir='ltr'><strong>esse</strong></span> <span class='ocrx_word' id='word_1_147' title='bbox 1792 1976 1945 2046; x_wconf 81' lang='lat' dir='ltr'><strong>ignis,</strong></span> 
     </span>
    </p>
   </div>
   <div class='ocr_carea' id='block_1_19' title="bbox 362 2067 1950 2144">
    <p class='ocr_par' dir='ltr' id='par_1_19' title="bbox 362 2067 1950 2144">
     <span class='ocr_line' id='line_1_19' title="bbox 362 2067 1950 2144; baseline -0.004 -16"><span class='ocrx_word' id='word_1_148' title='bbox 362 2088 464 2144; x_wconf 86' lang='lat' dir='ltr'><strong>qua</strong></span> <span class='ocrx_word' id='word_1_149' title='bbox 505 2073 629 2130; x_wconf 90' lang='lat' dir='ltr'><strong>urit.</strong></span> <span class='ocrx_word' id='word_1_150' title='bbox 679 2071 764 2127; x_wconf 89' lang='lat' dir='ltr'><strong>vel</strong></span> <span class='ocrx_word' id='word_1_151' title='bbox 803 2069 1044 2126; x_wconf 80' lang='lat' dir='ltr'><strong>calefacit</strong></span> <span class='ocrx_word' id='word_1_152' title='bbox 1069 2083 1420 2141; x_wconf 72' lang='lat' dir='ltr'><strong>qnmcumque</strong></span> <span class='ocrx_word' id='word_1_153' title='bbox 1451 2069 1697 2139; x_wconf 89' lang='lat' dir='ltr'><strong>potuerit.</strong></span> <span class='ocrx_word' id='word_1_154' title='bbox 1734 2067 1950 2122; x_wconf 85' lang='lat' dir='ltr'><strong>lnsolito</strong></span> 
     </span>
    </p>
   </div>
   <div class='ocr_carea' id='block_1_20' title="bbox 363 2159 1951 2234">
    <p class='ocr_par' dir='ltr' id='par_1_20' title="bbox 363 2159 1951 2234">
     <span class='ocr_line' id='line_1_20' title="bbox 363 2159 1951 2234; baseline -0.001 -17"><span class='ocrx_word' id='word_1_155' title='bbox 363 2163 524 2234; x_wconf 80' lang='lat' dir='ltr'><strong>igitur</strong></span> <span class='ocrx_word' id='word_1_156' title='bbox 547 2177 698 2218; x_wconf 88' lang='lat' dir='ltr'><strong>more</strong></span> <span class='ocrx_word' id='word_1_157' title='bbox 726 2162 934 2217; x_wconf 92' lang='lat' dir='ltr'><strong>locutus</strong></span> <span class='ocrx_word' id='word_1_158' title='bbox 966 2176 1027 2217; x_wconf 89' lang='lat' dir='ltr'><strong>es</strong></span> <span class='ocrx_word' id='word_1_159' title='bbox 1055 2178 1068 2215; x_wconf 91' lang='lat'><strong>:</strong></span> <span class='ocrx_word' id='word_1_160' title='bbox 1100 2160 1196 2216; x_wconf 87' lang='lat' dir='ltr'><strong>sed</strong></span> <span class='ocrx_word' id='word_1_161' title='bbox 1239 2159 1364 2231; x_wconf 87' lang='lat' dir='ltr'><strong>quid</strong></span> <span class='ocrx_word' id='word_1_162' title='bbox 1392 2159 1458 2216; x_wconf 88' lang='lat' dir='ltr'><strong>ad</strong></span> <span class='ocrx_word' id='word_1_163' title='bbox 1487 2161 1622 2215; x_wconf 87' lang='lat' dir='ltr'><strong>nos?</strong></span> <span class='ocrx_word' id='word_1_164' title='bbox 1655 2159 1951 2229; x_wconf 83' lang='lat' dir='ltr'><strong>Utcumque</strong></span> 
     </span>
    </p>
   </div>
   <div class='ocr_carea' id='block_1_21' title="bbox 363 2251 1947 2322">
    <p class='ocr_par' dir='ltr' id='par_1_21' title="bbox 363 2251 1947 2322">
     <span class='ocr_line' id='line_1_21' title="bbox 363 2251 1947 2322; baseline -0.003 -12"><span class='ocrx_word' id='word_1_165' title='bbox 363 2255 665 2322; x_wconf 87' lang='lat' dir='ltr'><strong>didicimus,</strong></span> <span class='ocrx_word' id='word_1_166' title='bbox 699 2255 786 2309; x_wconf 88' lang='lat' dir='ltr'><strong>ubi</strong></span> <span class='ocrx_word' id='word_1_167' title='bbox 814 2254 882 2308; x_wconf 89' lang='lat' dir='ltr'><strong>de</strong></span> <span class='ocrx_word' id='word_1_168' title='bbox 910 2269 971 2310; x_wconf 90' lang='lat' dir='ltr'><strong>re</strong></span> <span class='ocrx_word' id='word_1_169' title='bbox 1004 2260 1236 2320; x_wconf 84' lang='lat' dir='ltr'><strong>constat,</strong></span> <span class='ocrx_word' id='word_1_170' title='bbox 1263 2267 1368 2307; x_wconf 91' lang='lat' dir='ltr'><strong>non</strong></span> <span class='ocrx_word' id='word_1_171' title='bbox 1394 2263 1602 2307; x_wconf 88' lang='lat' dir='ltr'><strong>certare</strong></span> <span class='ocrx_word' id='word_1_172' title='bbox 1643 2251 1712 2307; x_wconf 92' lang='lat' dir='ltr'><strong>de</strong></span> <span class='ocrx_word' id='word_1_173' title='bbox 1751 2252 1947 2306; x_wconf 78' lang='lat' dir='ltr'><strong>verbis.</strong></span> 
     </span>
    </p>
   </div>
   <div class='ocr_carea' id='block_1_22' title="bbox 362 2341 1950 2410">
    <p class='ocr_par' dir='ltr' id='par_1_22' title="bbox 362 2341 1950 2410">
     <span class='ocr_line' id='line_1_22' title="bbox 362 2341 1950 2410; baseline -0.003 -9"><span class='ocrx_word' id='word_1_174' title='bbox 362 2345 621 2401; x_wconf 79' lang='lat' dir='ltr'><strong>Convenit</strong></span> <span class='ocrx_word' id='word_1_175' title='bbox 668 2345 812 2400; x_wconf 89' lang='lat' dir='ltr'><strong>enim</strong></span> <span class='ocrx_word' id='word_1_176' title='bbox 854 2344 1008 2400; x_wconf 89' lang='lat' dir='ltr'><strong>nobis</strong></span> <span class='ocrx_word' id='word_1_177' title='bbox 1030 2384 1046 2410; x_wconf 88' lang='lat'><strong>,</strong></span> <span class='ocrx_word' id='word_1_178' title='bbox 1081 2358 1186 2398; x_wconf 92' lang='lat' dir='ltr'><strong>non</strong></span> <span class='ocrx_word' id='word_1_179' title='bbox 1217 2342 1388 2397; x_wconf 85' lang='lat' dir='ltr'><strong>solum</strong></span> <span class='ocrx_word' id='word_1_180' title='bbox 1421 2342 1665 2396; x_wconf 85' lang='lat' dir='ltr'><strong>homines</strong></span> <span class='ocrx_word' id='word_1_181' title='bbox 1693 2341 1761 2396; x_wconf 91' lang='lat' dir='ltr'><strong>de</strong></span> <span class='ocrx_word' id='word_1_182' title='bbox 1790 2342 1950 2397; x_wconf 88' lang='lat' dir='ltr'><strong>semi-</strong></span> 
     </span>
    </p>
   </div>
   <div class='ocr_carea' id='block_1_23' title="bbox 365 2433 1948 2505">
    <p class='ocr_par' dir='ltr' id='par_1_23' title="bbox 365 2433 1948 2505">
     <span class='ocr_line' id='line_1_23' title="bbox 365 2433 1948 2505; baseline -0.004 -13"><span class='ocrx_word' id='word_1_183' title='bbox 365 2437 552 2503; x_wconf 83' lang='lat' dir='ltr'><strong>nibus,</strong></span> <span class='ocrx_word' id='word_1_184' title='bbox 594 2435 689 2492; x_wconf 89' lang='lat' dir='ltr'><strong>sed</strong></span> <span class='ocrx_word' id='word_1_185' title='bbox 736 2437 848 2505; x_wconf 90' lang='lat' dir='ltr'><strong>ipsa</strong></span> <span class='ocrx_word' id='word_1_186' title='bbox 877 2436 1036 2490; x_wconf 85' lang='lat' dir='ltr'><strong>etiam</strong></span> <span class='ocrx_word' id='word_1_187' title='bbox 1066 2433 1293 2500; x_wconf 85' lang='lat' dir='ltr'><strong>semina,</strong></span> <span class='ocrx_word' id='word_1_188' title='bbox 1325 2449 1487 2503; x_wconf 91' lang='lat' dir='ltr'><strong>opera</strong></span> <span class='ocrx_word' id='word_1_189' title='bbox 1518 2433 1610 2488; x_wconf 93' lang='lat' dir='ltr'><strong>Dci</strong></span> <span class='ocrx_word' id='word_1_190' title='bbox 1643 2447 1785 2496; x_wconf 81' lang='lat' dir='ltr'><strong>esse,</strong></span> <span class='ocrx_word' id='word_1_191' title='bbox 1814 2447 1948 2501; x_wconf 86' lang='lat' dir='ltr'><strong>quo-</strong></span> 
     </span>
    </p>
   </div>
   <div class='ocr_carea' id='block_1_24' title="bbox 365 2523 1949 2600">
    <p class='ocr_par' dir='ltr' id='par_1_24' title="bbox 365 2523 1949 2600">
     <span class='ocr_line' id='line_1_24' title="bbox 365 2523 1949 2600; baseline -0.005 -15"><span class='ocrx_word' id='word_1_192' title='bbox 365 2545 593 2600; x_wconf 85' lang='lat' dir='ltr'><strong>cumque</strong></span> <span class='ocrx_word' id='word_1_193' title='bbox 629 2529 929 2584; x_wconf 87' lang='lat' dir='ltr'><strong>elﬁciantur</strong></span> <span class='ocrx_word' id='word_1_194' title='bbox 957 2526 1151 2592; x_wconf 88' lang='lat' dir='ltr'><strong>modo;</strong></span> <span class='ocrx_word' id='word_1_195' title='bbox 1185 2542 1252 2581; x_wconf 93' lang='lat' dir='ltr'><strong>ne</strong></span> <span class='ocrx_word' id='word_1_196' title='bbox 1281 2524 1530 2598; x_wconf 86' lang='lat' dir='ltr'><strong>physicos</strong></span> <span class='ocrx_word' id='word_1_197' title='bbox 1559 2526 1640 2580; x_wconf 85' lang='lat' dir='ltr'><strong>vel</strong></span> <span class='ocrx_word' id='word_1_198' title='bbox 1672 2523 1906 2580; x_wconf 89' lang='lat' dir='ltr'><strong>medicos</strong></span> <span class='ocrx_word' id='word_1_199' title='bbox 1931 2564 1949 2591; x_wconf 90' lang='lat'><strong>,</strong></span> 
     </span>
    </p>
   </div>
   <div class='ocr_carea' id='block_1_25' title="bbox 365 2615 1953 2690">
    <p class='ocr_par' dir='ltr' id='par_1_25' title="bbox 365 2615 1953 2690">
     <span class='ocr_line' id='line_1_25' title="bbox 365 2615 1953 2690; baseline -0.004 -18"><span class='ocrx_word' id='word_1_200' title='bbox 365 2620 448 2675; x_wconf 93' lang='lat' dir='ltr'><strong>vel</strong></span> <span class='ocrx_word' id='word_1_201' title='bbox 475 2621 634 2675; x_wconf 87' lang='lat' dir='ltr'><strong>etiam</strong></span> <span class='ocrx_word' id='word_1_202' title='bbox 664 2629 868 2690; x_wconf 89' lang='lat' dir='ltr'><strong>poetas,</strong></span> <span class='ocrx_word' id='word_1_203' title='bbox 901 2619 987 2673; x_wconf 92' lang='lat' dir='ltr'><strong>ubi</strong></span> <span class='ocrx_word' id='word_1_204' title='bbox 1034 2618 1162 2673; x_wconf 85' lang='lat' dir='ltr'><strong>nihil</strong></span> <span class='ocrx_word' id='word_1_205' title='bbox 1201 2633 1336 2689; x_wconf 84' lang='lat' dir='ltr'><strong>opus</strong></span> <span class='ocrx_word' id='word_1_206' title='bbox 1364 2626 1482 2682; x_wconf 86' lang='lat' dir='ltr'><strong>est,</strong></span> <span class='ocrx_word' id='word_1_207' title='bbox 1512 2627 1674 2672; x_wconf 86' lang='lat' dir='ltr'><strong>testes</strong></span> <span class='ocrx_word' id='word_1_208' title='bbox 1700 2615 1953 2671; x_wconf 75' lang='lat' dir='ltr'><strong>adhibea-</strong></span> 
     </span>
    </p>
   </div>
   <div class='ocr_carea' id='block_1_26' title="bbox 365 2706 1950 2780">
    <p class='ocr_par' dir='ltr' id='par_1_26' title="bbox 365 2706 1950 2780">
     <span class='ocr_line' id='line_1_26' title="bbox 365 2706 1950 2780; baseline -0.003 -16"><span class='ocrx_word' id='word_1_209' title='bbox 365 2726 516 2774; x_wconf 86' lang='lat' dir='ltr'><strong>mus;</strong></span> <span class='ocrx_word' id='word_1_210' title='bbox 543 2720 633 2764; x_wconf 88' lang='lat' dir='ltr'><strong>aut</strong></span> <span class='ocrx_word' id='word_1_211' title='bbox 656 2709 1044 2765; x_wconf 83' lang='lat' dir='ltr'><strong>contendamus</strong></span> <span class='ocrx_word' id='word_1_212' title='bbox 1066 2707 1336 2780; x_wconf 89' lang='lat' dir='ltr'><strong>quomodo</strong></span> <span class='ocrx_word' id='word_1_213' title='bbox 1361 2708 1430 2761; x_wconf 89' lang='lat' dir='ltr'><strong>sit</strong></span> <span class='ocrx_word' id='word_1_214' title='bbox 1453 2706 1798 2776; x_wconf 83' lang='lat' dir='ltr'><strong>loquendum,</strong></span> <span class='ocrx_word' id='word_1_215' title='bbox 1827 2720 1950 2760; x_wconf 87' lang='lat' dir='ltr'><strong>cum</strong></span> 
     </span>
    </p>
   </div>
   <div class='ocr_carea' id='block_1_27' title="bbox 365 2799 1951 2872">
    <p class='ocr_par' dir='ltr' id='par_1_27' title="bbox 365 2799 1951 2872">
     <span class='ocr_line' id='line_1_27' title="bbox 365 2799 1951 2872; baseline -0.003 -16"><span class='ocrx_word' id='word_1_216' title='bbox 365 2802 415 2856; x_wconf 91' lang='lat' dir='ltr'><strong>id</strong></span> <span class='ocrx_word' id='word_1_217' title='bbox 446 2811 663 2872; x_wconf 86' lang='lat' dir='ltr'><strong>propter</strong></span> <span class='ocrx_word' id='word_1_218' title='bbox 689 2800 830 2871; x_wconf 91' lang='lat' dir='ltr'><strong>quod</strong></span> <span class='ocrx_word' id='word_1_219' title='bbox 862 2800 1147 2869; x_wconf 87' lang='lat' dir='ltr'><strong>loquimur,</strong></span> <span class='ocrx_word' id='word_1_220' title='bbox 1178 2799 1338 2852; x_wconf 87' lang='lat' dir='ltr'><strong>ambo</strong></span> <span class='ocrx_word' id='word_1_221' title='bbox 1363 2813 1546 2853; x_wconf 90' lang='lat' dir='ltr'><strong>verum</strong></span> <span class='ocrx_word' id='word_1_222' title='bbox 1587 2814 1708 2853; x_wconf 85' lang='lat' dir='ltr'><strong>esse</strong></span> <span class='ocrx_word' id='word_1_223' title='bbox 1750 2799 1951 2852; x_wconf 87' lang='lat' dir='ltr'><strong>sentia-</strong></span> 
     </span>
    </p>
   </div>
   <div class='ocr_carea' id='block_1_28' title="bbox 364 2889 1952 2958">
    <p class='ocr_par' dir='ltr' id='par_1_28' title="bbox 364 2889 1952 2958">
     <span class='ocr_line' id='line_1_28' title="bbox 364 2889 1952 2958; baseline -0.003 -12"><span class='ocrx_word' id='word_1_224' title='bbox 364 2906 505 2958; x_wconf 86' lang='lat' dir='ltr'><strong>mus,</strong></span> <span class='ocrx_word' id='word_1_225' title='bbox 534 2891 584 2944; x_wconf 88' lang='lat' dir='ltr'><strong>id</strong></span> <span class='ocrx_word' id='word_1_226' title='bbox 615 2899 717 2955; x_wconf 87' lang='lat' dir='ltr'><strong>cst,</strong></span> <span class='ocrx_word' id='word_1_227' title='bbox 752 2889 843 2943; x_wconf 90' lang='lat' dir='ltr'><strong>Dei</strong></span> <span class='ocrx_word' id='word_1_228' title='bbox 870 2902 1033 2957; x_wconf 88' lang='lat' dir='ltr'><strong>opera</strong></span> <span class='ocrx_word' id='word_1_229' title='bbox 1059 2903 1182 2942; x_wconf 89' lang='lat' dir='ltr'><strong>esse</strong></span> <span class='ocrx_word' id='word_1_230' title='bbox 1209 2889 1415 2942; x_wconf 92' lang='lat' dir='ltr'><strong>semina</strong></span> <span class='ocrx_word' id='word_1_231' title='bbox 1448 2889 1687 2942; x_wconf 88' lang='lat' dir='ltr'><strong>omnium</strong></span> <span class='ocrx_word' id='word_1_232' title='bbox 1735 2898 1952 2942; x_wconf 91' lang='lat' dir='ltr'><strong>natura-</strong></span> 
     </span>
    </p>
   </div>
   <div class='ocr_carea' id='block_1_29' title="bbox 367 2975 1952 3046">
    <p class='ocr_par' dir='ltr' id='par_1_29' title="bbox 367 2975 1952 3046">
     <span class='ocr_line' id='line_1_29' title="bbox 367 2975 1952 3046; baseline -0.001 -10"><span class='ocrx_word' id='word_1_233' title='bbox 367 2997 508 3036; x_wconf 90' lang='lat' dir='ltr'><strong>rum.</strong></span> <span class='ocrx_word' id='word_1_234' title='bbox 553 2978 657 3034; x_wconf 86' lang='lat' dir='ltr'><strong>Sed</strong></span> <span class='ocrx_word' id='word_1_235' title='bbox 694 2978 885 3033; x_wconf 89' lang='lat' dir='ltr'><strong>falsum</strong></span> <span class='ocrx_word' id='word_1_236' title='bbox 932 2984 1016 3032; x_wconf 88' lang='lat' dir='ltr'><strong>est</strong></span> <span class='ocrx_word' id='word_1_237' title='bbox 1056 2976 1199 3046; x_wconf 78' lang='lat' dir='ltr'><strong>quod</strong></span> <span class='ocrx_word' id='word_1_238' title='bbox 1239 2975 1366 3044; x_wconf 76' lang='lat' dir='ltr'><strong>hinc</strong></span> <span class='ocrx_word' id='word_1_239' title='bbox 1392 2978 1600 3031; x_wconf 86' lang='lat' dir='ltr'><strong>conaris</strong></span> <span class='ocrx_word' id='word_1_240' title='bbox 1626 2977 1952 3046; x_wconf 80' lang='lat' dir='ltr'><strong>Ostendet&#39;e,</strong></span> 
     </span>
    </p>
   </div>
   <div class='ocr_carea' id='block_1_30' title="bbox 362 3055 1954 3138">
    <p class='ocr_par' dir='ltr' id='par_1_30' title="bbox 362 3055 1954 3138">
     <span class='ocr_line' id='line_1_30' title="bbox 362 3055 1954 3138; baseline 0 -13"><span class='ocrx_word' id='word_1_241' title='bbox 362 3072 487 3127; x_wconf 90' lang='lat' dir='ltr'><strong>ideo</strong></span> <span class='ocrx_word' id='word_1_242' title='bbox 535 3070 676 3124; x_wconf 88' lang='lat' dir='ltr'><strong>nulla</strong></span> <span class='ocrx_word' id='word_1_243' title='bbox 715 3056 846 3124; x_wconf 34' lang='lat' dir='ltr'><strong>esse.</strong></span> <span class='ocrx_word' id='word_1_244' title='bbox 882 3068 1007 3123; x_wconf 89' lang='lat' dir='ltr'><strong>vitia</strong></span> <span class='ocrx_word' id='word_1_245' title='bbox 1050 3055 1338 3136; x_wconf 73' lang='lat' dir='ltr'><strong>seminum,</strong></span> <span class='ocrx_word' id='word_1_246' title='bbox 1397 3069 1517 3138; x_wconf 88' lang='lat' dir='ltr'><strong>quia</strong></span> <span class='ocrx_word' id='word_1_247' title='bbox 1575 3069 1711 3123; x_wconf 80' lang='lat' dir='ltr'><strong>Deus</strong></span> <span class='ocrx_word' id='word_1_248' title='bbox 1746 3084 1954 3125; x_wconf 89' lang='lat' dir='ltr'><strong>summe</strong></span> 
     </span>
    </p>
   </div>
   <div class='ocr_carea' id='block_1_31' title="bbox 363 3158 1954 3229">
    <p class='ocr_par' dir='ltr' id='par_1_31' title="bbox 363 3158 1954 3229">
     <span class='ocr_line' id='line_1_31' title="bbox 363 3158 1954 3229; baseline 0 -13"><span class='ocrx_word' id='word_1_249' title='bbox 363 3161 538 3217; x_wconf 87' lang='lat' dir='ltr'><strong>bonus</strong></span> <span class='ocrx_word' id='word_1_250' title='bbox 564 3171 646 3216; x_wconf 89' lang='lat' dir='ltr'><strong>est</strong></span> <span class='ocrx_word' id='word_1_251' title='bbox 671 3160 916 3216; x_wconf 92' lang='lat' dir='ltr'><strong>conditor</strong></span> <span class='ocrx_word' id='word_1_252' title='bbox 941 3158 1202 3216; x_wconf 89' lang='lat' dir='ltr'><strong>seminum</strong></span> <span class='ocrx_word' id='word_1_253' title='bbox 1233 3159 1407 3229; x_wconf 86' lang='lat' dir='ltr'><strong>:quod</strong></span> <span class='ocrx_word' id='word_1_254' title='bbox 1435 3175 1540 3215; x_wconf 88' lang='lat' dir='ltr'><strong>non</strong></span> <span class='ocrx_word' id='word_1_255' title='bbox 1564 3160 1791 3224; x_wconf 81' lang='lat' dir='ltr'><strong>diceres,</strong></span> <span class='ocrx_word' id='word_1_256' title='bbox 1822 3162 1865 3216; x_wconf 91' lang='lat' dir='ltr'><strong>si</strong></span> <span class='ocrx_word' id='word_1_257' title='bbox 1888 3176 1954 3217; x_wconf 90' lang='lat' dir='ltr'><strong>eo</strong></span> 
     </span>
    </p>
   </div>
   <div class='ocr_carea' id='block_1_32' title="bbox 364 3247 1952 3320">
    <p class='ocr_par' dir='ltr' id='par_1_32' title="bbox 364 3247 1952 3320">
     <span class='ocr_line' id='line_1_32' title="bbox 364 3247 1952 3320; baseline -0.001 -12"><span class='ocrx_word' id='word_1_258' title='bbox 364 3252 526 3308; x_wconf 91' lang='lat' dir='ltr'><strong>modo</strong></span> <span class='ocrx_word' id='word_1_259' title='bbox 553 3253 812 3307; x_wconf 90' lang='lat' dir='ltr'><strong>rationem</strong></span> <span class='ocrx_word' id='word_1_260' title='bbox 833 3250 1096 3306; x_wconf 88' lang='lat' dir='ltr'><strong>seminum</strong></span> <span class='ocrx_word' id='word_1_261' title='bbox 1128 3263 1315 3304; x_wconf 83' lang='lat' dir='ltr'><strong>nosses</strong></span> <span class='ocrx_word' id='word_1_262' title='bbox 1339 3251 1384 3318; x_wconf 83' lang='lat'><strong>&#39;,</strong></span> <span class='ocrx_word' id='word_1_263' title='bbox 1411 3247 1680 3320; x_wconf 84' lang='lat' dir='ltr'><strong>quomodo</strong></span> <span class='ocrx_word' id='word_1_264' title='bbox 1703 3266 1820 3305; x_wconf 91' lang='lat' dir='ltr'><strong>eam</strong></span> <span class='ocrx_word' id='word_1_265' title='bbox 1853 3265 1952 3306; x_wconf 87' lang='lat' dir='ltr'><strong>uo-</strong></span> 
     </span>
    </p>
   </div>
   <div class='ocr_carea' id='block_1_33' title="bbox 367 3340 1954 3414">
    <p class='ocr_par' dir='ltr' id='par_1_33' title="bbox 367 3340 1954 3414">
     <span class='ocr_line' id='line_1_33' title="bbox 367 3340 1954 3414; baseline -0.002 -16"><span class='ocrx_word' id='word_1_266' title='bbox 367 3353 519 3400; x_wconf 84' lang='lat' dir='ltr'><strong>verat</strong></span> <span class='ocrx_word' id='word_1_267' title='bbox 563 3344 654 3414; x_wconf 89' lang='lat' dir='ltr'><strong>qui</strong></span> <span class='ocrx_word' id='word_1_268' title='bbox 697 3342 929 3409; x_wconf 89' lang='lat' dir='ltr'><strong>dicebat,</strong></span> <span class='ocrx_word' id='word_1_269' title='bbox 966 3340 1134 3396; x_wconf 81' lang='lat' dir='ltr'><strong>Homo</strong></span> <span class='ocrx_word' id='word_1_270' title='bbox 1161 3342 1371 3395; x_wconf 76' lang='lat' dir='ltr'><strong>vanitati</strong></span> <span class='ocrx_word' id='word_1_271' title='bbox 1412 3340 1593 3397; x_wconf 75' lang='lat' dir='ltr'><strong>similis</strong></span> <span class='ocrx_word' id='word_1_272' title='bbox 1636 3345 1800 3414; x_wconf 78' lang='lat' dir='ltr'><strong>factus</strong></span> <span class='ocrx_word' id='word_1_273' title='bbox 1841 3351 1954 3408; x_wconf 85' lang='lat' dir='ltr'><strong>est;</strong></span> 
     </span>
    </p>
   </div>
   <div class='ocr_carea' id='block_1_34' title="bbox 363 3433 1956 3506">
    <p class='ocr_par' dir='ltr' id='par_1_34' title="bbox 363 3433 1956 3506">
     <span class='ocr_line' id='line_1_34' title="bbox 363 3433 1956 3506; baseline 0 -16"><span class='ocrx_word' id='word_1_274' title='bbox 363 3444 524 3506; x_wconf 85' lang='lat' dir='ltr'><strong>atque</strong></span> <span class='ocrx_word' id='word_1_275' title='bbox 544 3445 602 3490; x_wconf 94' lang='grc' dir='ltr'><strong>ιιι</strong></span> <span class='ocrx_word' id='word_1_276' title='bbox 627 3433 730 3489; x_wconf 87' lang='lat' dir='ltr'><strong>hoc</strong></span> <span class='ocrx_word' id='word_1_277' title='bbox 752 3435 920 3504; x_wconf 89' lang='lat' dir='ltr'><strong>ipsam</strong></span> <span class='ocrx_word' id='word_1_278' title='bbox 947 3442 1214 3499; x_wconf 89' lang='lat' dir='ltr'><strong>naturam,</strong></span> <span class='ocrx_word' id='word_1_279' title='bbox 1244 3449 1364 3505; x_wconf 81' lang='lat' dir='ltr'><strong>qua:</strong></span> <span class='ocrx_word' id='word_1_280' title='bbox 1388 3433 1441 3488; x_wconf 90' lang='lat' dir='ltr'><strong>in</strong></span> <span class='ocrx_word' id='word_1_281' title='bbox 1463 3434 1633 3504; x_wconf 90' lang='lat' dir='ltr'><strong>ipsam</strong></span> <span class='ocrx_word' id='word_1_282' title='bbox 1665 3435 1956 3490; x_wconf 82' lang='lat' dir='ltr'><strong>mortalita-</strong></span> 
     </span>
    </p>
   </div>
   <div class='ocr_carea' id='block_1_35' title="bbox 366 3525 1955 3598">
    <p class='ocr_par' dir='ltr' id='par_1_35' title="bbox 366 3525 1955 3598">
     <span class='ocr_line' id='line_1_35' title="bbox 366 3525 1955 3598; baseline -0.001 -15"><span class='ocrx_word' id='word_1_283' title='bbox 366 3539 472 3584; x_wconf 90' lang='lat' dir='ltr'><strong>tem</strong></span> <span class='ocrx_word' id='word_1_284' title='bbox 515 3527 660 3598; x_wconf 83' lang='lat' dir='ltr'><strong>lapsa</strong></span> <span class='ocrx_word' id='word_1_285' title='bbox 697 3535 800 3590; x_wconf 88' lang='lat' dir='ltr'><strong>est,</strong></span> <span class='ocrx_word' id='word_1_286' title='bbox 846 3525 1106 3581; x_wconf 89' lang='lat' dir='ltr'><strong>meruisse</strong></span> <span class='ocrx_word' id='word_1_287' title='bbox 1133 3525 1372 3590; x_wconf 89' lang='lat' dir='ltr'><strong>doceret,</strong></span> <span class='ocrx_word' id='word_1_288' title='bbox 1400 3525 1649 3591; x_wconf 85' lang='lat' dir='ltr'><strong>addebat,</strong></span> <span class='ocrx_word' id='word_1_289' title='bbox 1696 3525 1817 3580; x_wconf 83' lang='lat' dir='ltr'><strong>Dies</strong></span> <span class='ocrx_word' id='word_1_290' title='bbox 1844 3527 1955 3598; x_wconf 81' lang='lat' dir='ltr'><strong>ejus</strong></span> 
     </span>
    </p>
   </div>
   <div class='ocr_carea' id='block_1_36' title="bbox 364 3614 1956 3689">
    <p class='ocr_par' dir='ltr' id='par_1_36' title="bbox 364 3614 1956 3689">
     <span class='ocr_line' id='line_1_36' title="bbox 364 3614 1956 3689; baseline 0.001 -17"><span class='ocrx_word' id='word_1_291' title='bbox 364 3620 494 3673; x_wconf 86' lang='lat' dir='ltr'><strong>sicut</strong></span> <span class='ocrx_word' id='word_1_292' title='bbox 531 3618 711 3672; x_wconf 84' lang='lat' dir='ltr'><strong>umbra</strong></span> <span class='ocrx_word' id='word_1_293' title='bbox 747 3625 1046 3687; x_wconf 73' lang='lat' dir='ltr'><strong>pratereunt</strong></span> <span class='ocrx_word' id='word_1_294' title='bbox 1087 3614 1258 3689; x_wconf 82' lang='lat' dir='ltr'><strong>(Psal.</strong></span> <span class='ocrx_word' id='word_1_295' title='bbox 1303 3631 1486 3684; x_wconf 82' lang='lat' dir='ltr'><strong>cxun,</strong></span> <span class='ocrx_word' id='word_1_296' title='bbox 1507 3617 1566 3688; x_wconf 76' lang='grc'><strong>4)</strong></span> <span class='ocrx_word' id='word_1_297' title='bbox 1601 3625 1764 3672; x_wconf 90' lang='lat' dir='ltr'><strong>:cum</strong></span> <span class='ocrx_word' id='word_1_298' title='bbox 1794 3618 1956 3674; x_wconf 88' lang='lat' dir='ltr'><strong>sciret</strong></span> 
     </span>
    </p>
   </div>
   <div class='ocr_carea' id='block_1_37' title="bbox 367 3707 1956 3774">
    <p class='ocr_par' dir='ltr' id='par_1_37' title="bbox 367 3707 1956 3774">
     <span class='ocr_line' id='line_1_37' title="bbox 367 3707 1956 3774; baseline 0.001 -11"><span class='ocrx_word' id='word_1_299' title='bbox 367 3710 636 3765; x_wconf 81' lang='lat' dir='ltr'><strong>hominem</strong></span> <span class='ocrx_word' id='word_1_300' title='bbox 667 3708 732 3762; x_wconf 92' lang='lat' dir='ltr'><strong>ad</strong></span> <span class='ocrx_word' id='word_1_301' title='bbox 761 3708 852 3763; x_wconf 91' lang='lat' dir='ltr'><strong>Dei</strong></span> <span class='ocrx_word' id='word_1_302' title='bbox 877 3707 1277 3763; x_wconf 88' lang='lat' dir='ltr'><strong>similitudinem</strong></span> <span class='ocrx_word' id='word_1_303' title='bbox 1303 3709 1518 3774; x_wconf 82' lang='lat' dir='ltr'><strong>laetum,</strong></span> <span class='ocrx_word' id='word_1_304' title='bbox 1558 3717 1612 3764; x_wconf 92' lang='lat' dir='ltr'><strong>et</strong></span> <span class='ocrx_word' id='word_1_305' title='bbox 1638 3718 1813 3764; x_wconf 88' lang='lat' dir='ltr'><strong>tamen</strong></span> <span class='ocrx_word' id='word_1_306' title='bbox 1841 3710 1956 3765; x_wconf 83' lang='lat' dir='ltr'><strong>dis-</strong></span> 
     </span>
    </p>
   </div>
   <div class='ocr_carea' id='block_1_38' title="bbox 364 3797 1956 3870">
    <p class='ocr_par' dir='ltr' id='par_1_38' title="bbox 364 3797 1956 3870">
     <span class='ocr_line' id='line_1_38' title="bbox 364 3797 1956 3870; baseline 0.002 -16"><span class='ocrx_word' id='word_1_307' title='bbox 364 3809 615 3856; x_wconf 80' lang='lat' dir='ltr'><strong>cerneret</strong></span> <span class='ocrx_word' id='word_1_308' title='bbox 647 3799 718 3854; x_wconf 90' lang='lat' dir='ltr'><strong>ab</strong></span> <span class='ocrx_word' id='word_1_309' title='bbox 771 3797 1102 3854; x_wconf 88' lang='lat' dir='ltr'><strong>institutione</strong></span> <span class='ocrx_word' id='word_1_310' title='bbox 1142 3797 1321 3853; x_wconf 84' lang='lat' dir='ltr'><strong>divina</strong></span> <span class='ocrx_word' id='word_1_311' title='bbox 1362 3799 1663 3870; x_wconf 64' lang='lat' dir='ltr'><strong>depravata:</strong></span> <span class='ocrx_word' id='word_1_312' title='bbox 1705 3799 1956 3857; x_wconf 75' lang='lat' dir='ltr'><strong>humana:</strong></span> 
     </span>
    </p>
   </div>
   <div class='ocr_carea' id='block_1_39' title="bbox 362 3877 1953 3962">
    <p class='ocr_par' dir='ltr' id='par_1_39' title="bbox 362 3877 1953 3962">
     <span class='ocr_line' id='line_1_39' title="bbox 362 3877 1953 3962; baseline 0.003 -18"><span class='ocrx_word' id='word_1_313' title='bbox 362 3877 587 3961; x_wconf 78' lang='lat' dir='ltr'><strong>originis</strong></span> <span class='ocrx_word' id='word_1_314' title='bbox 633 3889 843 3944; x_wconf 88' lang='lat' dir='ltr'><strong>vitium.</strong></span> <span class='ocrx_word' id='word_1_315' title='bbox 900 3888 1052 3956; x_wconf 84' lang='lat' dir='ltr'><strong>Quod</strong></span> <span class='ocrx_word' id='word_1_316' title='bbox 1100 3890 1152 3944; x_wconf 92' lang='lat' dir='ltr'><strong>in</strong></span> <span class='ocrx_word' id='word_1_317' title='bbox 1208 3890 1338 3960; x_wconf 87' lang='lat' dir='ltr'><strong>ipsis</strong></span> <span class='ocrx_word' id='word_1_318' title='bbox 1383 3905 1595 3962; x_wconf 90' lang='lat' dir='ltr'><strong>quoque</strong></span> <span class='ocrx_word' id='word_1_319' title='bbox 1632 3893 1737 3947; x_wconf 89' lang='lat' dir='ltr'><strong>tuis</strong></span> <span class='ocrx_word' id='word_1_320' title='bbox 1776 3892 1953 3949; x_wconf 85' lang='lat' dir='ltr'><strong>verbis</strong></span> 
     </span>
    </p>
   </div>
   <div class='ocr_carea' id='block_1_40' title="bbox 364 3978 1951 4050">
    <p class='ocr_par' dir='ltr' id='par_1_40' title="bbox 364 3978 1951 4050">
     <span class='ocr_line' id='line_1_40' title="bbox 364 3978 1951 4050; baseline 0.001 -16"><span class='ocrx_word' id='word_1_321' title='bbox 364 3980 557 4048; x_wconf 80' lang='lat' dir='ltr'><strong>quibus</strong></span> <span class='ocrx_word' id='word_1_322' title='bbox 589 3994 677 4032; x_wconf 89' lang='lat' dir='ltr'><strong>me</strong></span> <span class='ocrx_word' id='word_1_323' title='bbox 701 3978 1052 4046; x_wconf 89' lang='lat' dir='ltr'><strong>momordisti,</strong></span> <span class='ocrx_word' id='word_1_324' title='bbox 1079 3978 1261 4034; x_wconf 87' lang='lat' dir='ltr'><strong>videre</strong></span> <span class='ocrx_word' id='word_1_325' title='bbox 1285 3979 1538 4034; x_wconf 85' lang='lat' dir='ltr'><strong>debuisti.</strong></span> <span class='ocrx_word' id='word_1_326' title='bbox 1569 3980 1754 4036; x_wconf 73' lang='lat' dir='ltr'><strong>Dixisti</strong></span> <span class='ocrx_word' id='word_1_327' title='bbox 1785 3982 1951 4050; x_wconf 90' lang='lat' dir='ltr'><strong>enim,</strong></span> 
     </span>
    </p>
   </div>
   <div class='ocr_carea' id='block_1_41' title="bbox 377 4068 1951 4140">
    <p class='ocr_par' dir='ltr' id='par_1_41' title="bbox 377 4068 1951 4140">
     <span class='ocr_line' id='line_1_41' title="bbox 377 4068 1951 4140; baseline 0.003 -17"><span class='ocrx_word' id='word_1_328' title='bbox 377 4068 562 4124; x_wconf 77' lang='lat' dir='ltr'><strong>Verum</strong></span> <span class='ocrx_word' id='word_1_329' title='bbox 587 4069 640 4123; x_wconf 86' lang='lat' dir='ltr'><strong>in</strong></span> <span class='ocrx_word' id='word_1_330' title='bbox 667 4069 748 4124; x_wconf 81' lang='lat' dir='ltr'><strong>Itis</strong></span> <span class='ocrx_word' id='word_1_331' title='bbox 775 4085 989 4139; x_wconf 80' lang='lat' dir='ltr'><strong>quoque,</strong></span> <span class='ocrx_word' id='word_1_332' title='bbox 1021 4085 1123 4123; x_wconf 87' lang='lat' dir='ltr'><strong>non</strong></span> <span class='ocrx_word' id='word_1_333' title='bbox 1153 4070 1370 4123; x_wconf 84' lang='lat' dir='ltr'><strong>multum</strong></span> <span class='ocrx_word' id='word_1_334' title='bbox 1406 4086 1574 4125; x_wconf 71' lang='lat' dir='ltr'><strong>causa!</strong></span> <span class='ocrx_word' id='word_1_335' title='bbox 1610 4073 1904 4128; x_wconf 82' lang='lat' dir='ltr'><strong>necessariis</strong></span> <span class='ocrx_word' id='word_1_336' title='bbox 1935 4116 1951 4140; x_wconf 96' lang='lat'><strong>,</strong></span> 
     </span>
    </p>
   </div>
   <div class='ocr_carea' id='block_1_42' title="bbox 363 4161 1954 4228">
    <p class='ocr_par' dir='ltr' id='par_1_42' title="bbox 363 4161 1954 4228">
     <span class='ocr_line' id='line_1_42' title="bbox 363 4161 1954 4228; baseline 0.004 -16"><span class='ocrx_word' id='word_1_337' title='bbox 363 4179 574 4216; x_wconf 84' lang='lat' dir='ltr'><strong>acumen</strong></span> <span class='ocrx_word' id='word_1_338' title='bbox 616 4162 832 4216; x_wconf 84' lang='lat' dir='ltr'><strong>hominis</strong></span> <span class='ocrx_word' id='word_1_339' title='bbox 871 4172 1071 4216; x_wconf 80' lang='lat' dir='ltr'><strong>natasse</strong></span> <span class='ocrx_word' id='word_1_340' title='bbox 1104 4161 1358 4228; x_wconf 69' lang='lat' dir='ltr'><strong>suﬂ&#39;ccerit</strong></span> <span class='ocrx_word' id='word_1_341' title='bbox 1379 4179 1398 4216; x_wconf 90' lang='lat'><strong><em>:</em></strong></span> <span class='ocrx_word' id='word_1_342' title='bbox 1427 4164 1711 4218; x_wconf 86' lang='lat' dir='ltr'><strong>obtunsum</strong></span> <span class='ocrx_word' id='word_1_343' title='bbox 1742 4180 1827 4219; x_wconf 89' lang='lat' dir='ltr'><strong>me</strong></span> <span class='ocrx_word' id='word_1_344' title='bbox 1853 4166 1954 4220; x_wconf 85' lang='lat' dir='ltr'><strong>sci-</strong></span> 
     </span>
    </p>
   </div>
   <div class='ocr_carea' id='block_1_43' title="bbox 365 4253 1953 4325">
    <p class='ocr_par' dir='ltr' id='par_1_43' title="bbox 365 4253 1953 4325">
     <span class='ocr_line' id='line_1_43' title="bbox 365 4253 1953 4325; baseline 0.001 -17"><span class='ocrx_word' id='word_1_345' title='bbox 365 4255 490 4309; x_wconf 85' lang='lat' dir='ltr'><strong>licet</strong></span> <span class='ocrx_word' id='word_1_346' title='bbox 515 4267 634 4308; x_wconf 88' lang='lat' dir='ltr'><strong>esse</strong></span> <span class='ocrx_word' id='word_1_347' title='bbox 663 4253 986 4324; x_wconf 87' lang='lat' dir='ltr'><strong>signiﬁcans,</strong></span> <span class='ocrx_word' id='word_1_348' title='bbox 1014 4254 1133 4322; x_wconf 88' lang='lat' dir='ltr'><strong>quia</strong></span> <span class='ocrx_word' id='word_1_349' title='bbox 1162 4253 1457 4324; x_wconf 70' lang='lat' dir='ltr'><strong>intelligi-re</strong></span> <span class='ocrx_word' id='word_1_350' title='bbox 1485 4269 1588 4308; x_wconf 92' lang='lat' dir='ltr'><strong>non</strong></span> <span class='ocrx_word' id='word_1_351' title='bbox 1624 4256 1767 4325; x_wconf 84' lang='lat' dir='ltr'><strong>potui</strong></span> <span class='ocrx_word' id='word_1_352' title='bbox 1801 4256 1953 4311; x_wconf 91' lang='lat' dir='ltr'><strong>locu-</strong></span> 
     </span>
    </p>
   </div>
   <div class='ocr_carea' id='block_1_44' title="bbox 367 4343 1951 4417">
    <p class='ocr_par' dir='ltr' id='par_1_44' title="bbox 367 4343 1951 4417">
     <span class='ocr_line' id='line_1_44' title="bbox 367 4343 1951 4417; baseline 0.001 -19"><span class='ocrx_word' id='word_1_353' title='bbox 367 4345 564 4398; x_wconf 89' lang='lat' dir='ltr'><strong>tionem</strong></span> <span class='ocrx_word' id='word_1_354' title='bbox 597 4353 739 4398; x_wconf 90' lang='lat' dir='ltr'><strong>tuam</strong></span> <span class='ocrx_word' id='word_1_355' title='bbox 770 4343 821 4398; x_wconf 88' lang='lat' dir='ltr'><strong>in</strong></span> <span class='ocrx_word' id='word_1_356' title='bbox 851 4344 1013 4400; x_wconf 89' lang='lat' dir='ltr'><strong>rebus</strong></span> <span class='ocrx_word' id='word_1_357' title='bbox 1039 4359 1146 4400; x_wconf 90' lang='lat' dir='ltr'><strong>non</strong></span> <span class='ocrx_word' id='word_1_358' title='bbox 1173 4345 1398 4400; x_wconf 90' lang='lat' dir='ltr'><strong>multum</strong></span> <span class='ocrx_word' id='word_1_359' title='bbox 1421 4359 1596 4400; x_wconf 70' lang='lat' dir='ltr'><strong>causa:</strong></span> <span class='ocrx_word' id='word_1_360' title='bbox 1617 4348 1951 4417; x_wconf 85' lang='lat' dir='ltr'><strong>necessariis,</strong></span> 
     </span>
    </p>
   </div>
   <div class='ocr_carea' id='block_1_45' title="bbox 365 4435 1956 4507">
    <p class='ocr_par' dir='ltr' id='par_1_45' title="bbox 365 4435 1956 4507">
     <span class='ocr_line' id='line_1_45' title="bbox 365 4435 1956 4507; baseline 0.003 -18"><span class='ocrx_word' id='word_1_361' title='bbox 365 4444 424 4490; x_wconf 91' lang='lat' dir='ltr'><strong>ut</strong></span> <span class='ocrx_word' id='word_1_362' title='bbox 450 4435 652 4491; x_wconf 83' lang='lat' dir='ltr'><strong>fateris.</strong></span> <span class='ocrx_word' id='word_1_363' title='bbox 676 4436 786 4507; x_wconf 81' lang='lat' dir='ltr'><strong>Ego</strong></span> <span class='ocrx_word' id='word_1_364' title='bbox 813 4445 991 4490; x_wconf 90' lang='lat' dir='ltr'><strong>autem</strong></span> <span class='ocrx_word' id='word_1_365' title='bbox 1018 4436 1232 4507; x_wconf 90' lang='lat' dir='ltr'><strong>requiro</strong></span> <span class='ocrx_word' id='word_1_366' title='bbox 1256 4451 1285 4490; x_wconf 90' lang='lat' dir='ltr'><strong>a</strong></span> <span class='ocrx_word' id='word_1_367' title='bbox 1315 4446 1387 4501; x_wconf 90' lang='lat' dir='ltr'><strong>te,</strong></span> <span class='ocrx_word' id='word_1_368' title='bbox 1421 4436 1561 4492; x_wconf 91' lang='lat' dir='ltr'><strong>unde</strong></span> <span class='ocrx_word' id='word_1_369' title='bbox 1588 4437 1832 4494; x_wconf 79' lang='lat' dir='ltr'><strong>homines</strong></span> <span class='ocrx_word' id='word_1_370' title='bbox 1863 4455 1956 4494; x_wconf 84' lang='lat' dir='ltr'><strong>na-</strong></span> 
     </span>
    </p>
   </div>
   <div class='ocr_carea' id='block_1_46' title="bbox 366 4532 1951 4602">
    <p class='ocr_par' dir='ltr' id='par_1_46' title="bbox 366 4532 1951 4602">
     <span class='ocr_line' id='line_1_46' title="bbox 366 4532 1951 4602; baseline 0.001 -16"><span class='ocrx_word' id='word_1_371' title='bbox 366 4540 588 4586; x_wconf 82' lang='lat' dir='ltr'><strong>scuntur</strong></span> <span class='ocrx_word' id='word_1_372' title='bbox 611 4532 822 4587; x_wconf 89' lang='lat' dir='ltr'><strong>obtunsi</strong></span> <span class='ocrx_word' id='word_1_373' title='bbox 854 4549 868 4586; x_wconf 88' lang='lat'><strong>:</strong></span> <span class='ocrx_word' id='word_1_374' title='bbox 901 4547 1074 4602; x_wconf 88' lang='lat' dir='ltr'><strong>neque</strong></span> <span class='ocrx_word' id='word_1_375' title='bbox 1097 4533 1240 4589; x_wconf 90' lang='lat' dir='ltr'><strong>enim</strong></span> <span class='ocrx_word' id='word_1_376' title='bbox 1271 4532 1346 4587; x_wconf 91' lang='lat' dir='ltr'><strong>sic</strong></span> <span class='ocrx_word' id='word_1_377' title='bbox 1376 4533 1487 4602; x_wconf 84' lang='lat' dir='ltr'><strong>ipse</strong></span> <span class='ocrx_word' id='word_1_378' title='bbox 1512 4533 1771 4588; x_wconf 88' lang='lat' dir='ltr'><strong>obtunsus</strong></span> <span class='ocrx_word' id='word_1_379' title='bbox 1795 4552 1856 4589; x_wconf 85' lang='lat' dir='ltr'><strong>es</strong></span> <span class='ocrx_word' id='word_1_380' title='bbox 1884 4533 1905 4565; x_wconf 85' lang='grc'><strong><em>³</em></strong></span> <span class='ocrx_word' id='word_1_381' title='bbox 1933 4575 1951 4602; x_wconf 91' lang='grc'><em>,</em></span> 
     </span>
    </p>
   </div>
   <div class='ocr_carea' id='block_1_47' title="bbox 367 4624 1950 4695">
    <p class='ocr_par' dir='ltr' id='par_1_47' title="bbox 367 4624 1950 4695">
     <span class='ocr_line' id='line_1_47' title="bbox 367 4624 1950 4695; baseline 0.001 -18"><span class='ocrx_word' id='word_1_382' title='bbox 367 4633 425 4678; x_wconf 82' lang='grc' dir='ltr'><strong>ιιι</strong></span> <span class='ocrx_word' id='word_1_383' title='bbox 451 4626 719 4694; x_wconf 84' lang='lat' dir='ltr'><strong>pertinere</strong></span> <span class='ocrx_word' id='word_1_384' title='bbox 747 4624 813 4678; x_wconf 86' lang='lat' dir='ltr'><strong>ad</strong></span> <span class='ocrx_word' id='word_1_385' title='bbox 852 4635 1093 4678; x_wconf 87' lang='lat' dir='ltr'><strong>naturam</strong></span> <span class='ocrx_word' id='word_1_386' title='bbox 1135 4639 1297 4695; x_wconf 87' lang='lat' dir='ltr'><strong>neges</strong></span> <span class='ocrx_word' id='word_1_387' title='bbox 1326 4625 1408 4679; x_wconf 82' lang='lat' dir='ltr'><strong>vel</strong></span> <span class='ocrx_word' id='word_1_388' title='bbox 1435 4625 1660 4679; x_wconf 83' lang='lat' dir='ltr'><strong>obtunsa</strong></span> <span class='ocrx_word' id='word_1_389' title='bbox 1695 4624 1906 4695; x_wconf 82' lang='lat' dir='ltr'><strong>ingenia</strong></span> <span class='ocrx_word' id='word_1_390' title='bbox 1935 4668 1950 4693; x_wconf 90' lang='lat'><strong>,</strong></span> 
     </span>
    </p>
   </div>
   <div class='ocr_carea' id='block_1_48' title="bbox 365 4716 1952 4788">
    <p class='ocr_par' dir='ltr' id='par_1_48' title="bbox 365 4716 1952 4788">
     <span class='ocr_line' id='line_1_48' title="bbox 365 4716 1952 4788; baseline 0.003 -20"><span class='ocrx_word' id='word_1_391' title='bbox 365 4717 452 4771; x_wconf 90' lang='lat' dir='ltr'><strong>vel</strong></span> <span class='ocrx_word' id='word_1_392' title='bbox 477 4725 632 4770; x_wconf 87' lang='lat' dir='ltr'><strong>acuta</strong></span> <span class='ocrx_word' id='word_1_393' title='bbox 663 4731 677 4771; x_wconf 88' lang='lat'><strong>:</strong></span> <span class='ocrx_word' id='word_1_394' title='bbox 703 4716 946 4786; x_wconf 80' lang='lat' dir='ltr'><strong>quamvis</strong></span> <span class='ocrx_word' id='word_1_395' title='bbox 971 4724 1024 4770; x_wconf 90' lang='lat' dir='ltr'><strong>et</strong></span> <span class='ocrx_word' id='word_1_396' title='bbox 1049 4725 1205 4770; x_wconf 90' lang='lat' dir='ltr'><strong>acuta</strong></span> <span class='ocrx_word' id='word_1_397' title='bbox 1249 4716 1383 4787; x_wconf 87' lang='lat' dir='ltr'><strong>ipsa,</strong></span> <span class='ocrx_word' id='word_1_398' title='bbox 1415 4716 1549 4771; x_wconf 89' lang='lat' dir='ltr'><strong>sicut</strong></span> <span class='ocrx_word' id='word_1_399' title='bbox 1573 4716 1684 4786; x_wconf 86' lang='lat' dir='ltr'><strong>jam</strong></span> <span class='ocrx_word' id='word_1_400' title='bbox 1711 4716 1763 4770; x_wconf 95' lang='lat' dir='ltr'><strong>in</strong></span> <span class='ocrx_word' id='word_1_401' title='bbox 1789 4731 1952 4788; x_wconf 87' lang='lat' dir='ltr'><strong>supe-</strong></span> 
     </span>
    </p>
   </div>
   <div class='ocr_carea' id='block_1_49' title="bbox 364 4807 1954 4878">
    <p class='ocr_par' dir='ltr' id='par_1_49' title="bbox 364 4807 1954 4878">
     <span class='ocr_line' id='line_1_49' title="bbox 364 4807 1954 4878; baseline -0.001 -14"><span class='ocrx_word' id='word_1_402' title='bbox 364 4809 598 4864; x_wconf 87' lang='lat' dir='ltr'><strong>rioribus</strong></span> <span class='ocrx_word' id='word_1_403' title='bbox 641 4809 872 4863; x_wconf 81' lang='lat' dir='ltr'><strong>diximus</strong></span> <span class='ocrx_word' id='word_1_404' title='bbox 896 4848 910 4870; x_wconf 96' lang='lat'><strong>,</strong></span> <span class='ocrx_word' id='word_1_405' title='bbox 957 4816 1175 4878; x_wconf 89' lang='lat' dir='ltr'><strong>propter</strong></span> <span class='ocrx_word' id='word_1_406' title='bbox 1217 4807 1319 4862; x_wconf 86' lang='lat' dir='ltr'><strong>hoc</strong></span> <span class='ocrx_word' id='word_1_407' title='bbox 1361 4807 1710 4877; x_wconf 86' lang='lat' dir='ltr'><strong>corruptibile</strong></span> <span class='ocrx_word' id='word_1_408' title='bbox 1759 4822 1954 4877; x_wconf 84' lang='lat' dir='ltr'><strong>corpus</strong></span> 
     </span>
    </p>
   </div>
   <div class='ocr_carea' id='block_1_50' title="bbox 363 4898 1952 4971">
    <p class='ocr_par' dir='ltr' id='par_1_50' title="bbox 363 4898 1952 4971">
     <span class='ocr_line' id='line_1_50' title="bbox 363 4898 1952 4971; baseline 0.001 -18"><span class='ocrx_word' id='word_1_409' title='bbox 363 4901 508 4969; x_wconf 87' lang='lat' dir='ltr'><strong>quod</strong></span> <span class='ocrx_word' id='word_1_410' title='bbox 536 4910 786 4971; x_wconf 83' lang='lat' dir='ltr'><strong>aggravat</strong></span> <span class='ocrx_word' id='word_1_411' title='bbox 813 4901 1043 4953; x_wconf 84' lang='lat' dir='ltr'><strong>animant</strong></span> <span class='ocrx_word' id='word_1_412' title='bbox 1072 4898 1230 4968; x_wconf 83' lang='lat' dir='ltr'><strong>(Sap.</strong></span> <span class='ocrx_word' id='word_1_413' title='bbox 1271 4913 1346 4965; x_wconf 81' lang='lat' dir='ltr'><strong>Ix,</strong></span> <span class='ocrx_word' id='word_1_414' title='bbox 1372 4898 1485 4967; x_wconf 67' lang='lat'><strong>15),</strong></span> <span class='ocrx_word' id='word_1_415' title='bbox 1516 4899 1558 4953; x_wconf 89' lang='lat' dir='ltr'><strong>si</strong></span> <span class='ocrx_word' id='word_1_416' title='bbox 1592 4899 1745 4969; x_wconf 90' lang='lat' dir='ltr'><strong>primi</strong></span> <span class='ocrx_word' id='word_1_417' title='bbox 1778 4899 1952 4954; x_wconf 84' lang='lat' dir='ltr'><strong>homi-</strong></span> 
     </span>
    </p>
   </div>
   <div class='ocr_carea' id='block_1_51' title="bbox 367 4988 1953 5061">
    <p class='ocr_par' dir='ltr' id='par_1_51' title="bbox 367 4988 1953 5061">
     <span class='ocr_line' id='line_1_51' title="bbox 367 4988 1953 5061; baseline 0 -15"><span class='ocrx_word' id='word_1_418' title='bbox 367 4992 451 5047; x_wconf 89' lang='lat' dir='ltr'><strong>nis</strong></span> <span class='ocrx_word' id='word_1_419' title='bbox 496 4991 707 5061; x_wconf 82' lang='lat' dir='ltr'><strong>ingenio</strong></span> <span class='ocrx_word' id='word_1_420' title='bbox 749 4998 1147 5059; x_wconf 88' lang='lat' dir='ltr'><strong>comparentur,</strong></span> <span class='ocrx_word' id='word_1_421' title='bbox 1193 4989 1420 5044; x_wconf 91' lang='lat' dir='ltr'><strong>obtunsa</strong></span> <span class='ocrx_word' id='word_1_422' title='bbox 1462 4988 1596 5054; x_wconf 89' lang='lat' dir='ltr'><strong>sint;</strong></span> <span class='ocrx_word' id='word_1_423' title='bbox 1642 4989 1731 5058; x_wconf 90' lang='lat' dir='ltr'><strong>qui</strong></span> <span class='ocrx_word' id='word_1_424' title='bbox 1773 4989 1953 5061; x_wconf 90' lang='lat' dir='ltr'><strong>utique</strong></span> 
     </span>
    </p>
   </div>
   <div class='ocr_carea' id='block_1_52' title="bbox 369 5081 1953 5154">
    <p class='ocr_par' dir='ltr' id='par_1_52' title="bbox 369 5081 1953 5154">
     <span class='ocr_line' id='line_1_52' title="bbox 369 5081 1953 5154; baseline -0.001 -16"><span class='ocrx_word' id='word_1_425' title='bbox 369 5101 477 5139; x_wconf 92' lang='lat' dir='ltr'><strong>non</strong></span> <span class='ocrx_word' id='word_1_426' title='bbox 519 5085 626 5140; x_wconf 88' lang='lat' dir='ltr'><strong>tale</strong></span> <span class='ocrx_word' id='word_1_427' title='bbox 661 5099 856 5152; x_wconf 89' lang='lat' dir='ltr'><strong>corpus</strong></span> <span class='ocrx_word' id='word_1_428' title='bbox 884 5091 1182 5152; x_wconf 88' lang='lat' dir='ltr'><strong>acceperat,</strong></span> <span class='ocrx_word' id='word_1_429' title='bbox 1215 5090 1271 5136; x_wconf 92' lang='lat' dir='ltr'><strong>ut</strong></span> <span class='ocrx_word' id='word_1_430' title='bbox 1298 5081 1391 5136; x_wconf 92' lang='lat' dir='ltr'><strong>illo</strong></span> <span class='ocrx_word' id='word_1_431' title='bbox 1416 5081 1530 5152; x_wconf 86' lang='lat' dir='ltr'><strong>ejus</strong></span> <span class='ocrx_word' id='word_1_432' title='bbox 1555 5082 1729 5136; x_wconf 83' lang='lat' dir='ltr'><strong>anima</strong></span> <span class='ocrx_word' id='word_1_433' title='bbox 1756 5098 1953 5154; x_wconf 82' lang='lat' dir='ltr'><strong>grava-</strong></span> 
     </span>
    </p>
   </div>
   <div class='ocr_carea' id='block_1_53' title="bbox 367 5172 1955 5244">
    <p class='ocr_par' dir='ltr' id='par_1_53' title="bbox 367 5172 1955 5244">
     <span class='ocr_line' id='line_1_53' title="bbox 367 5172 1955 5244; baseline 0.001 -15"><span class='ocrx_word' id='word_1_434' title='bbox 367 5184 534 5230; x_wconf 69' lang='lat' dir='ltr'><strong>retur.</strong></span> <span class='ocrx_word' id='word_1_435' title='bbox 568 5175 647 5229; x_wconf 85' lang='lat' dir='ltr'><strong>Ac</strong></span> <span class='ocrx_word' id='word_1_436' title='bbox 670 5175 748 5229; x_wconf 90' lang='lat' dir='ltr'><strong>sic</strong></span> <span class='ocrx_word' id='word_1_437' title='bbox 775 5184 829 5229; x_wconf 92' lang='lat' dir='ltr'><strong>et</strong></span> <span class='ocrx_word' id='word_1_438' title='bbox 856 5188 955 5244; x_wconf 85' lang='lat' dir='ltr'><strong>ego</strong></span> <span class='ocrx_word' id='word_1_439' title='bbox 982 5173 1363 5243; x_wconf 84' lang='lat' dir='ltr'><strong>distinguerem</strong></span> <span class='ocrx_word' id='word_1_440' title='bbox 1395 5172 1446 5227; x_wconf 91' lang='lat' dir='ltr'><strong>in</strong></span> <span class='ocrx_word' id='word_1_441' title='bbox 1492 5183 1676 5228; x_wconf 89' lang='lat' dir='ltr'><strong>natura</strong></span> <span class='ocrx_word' id='word_1_442' title='bbox 1723 5172 1955 5231; x_wconf 85' lang='lat' dir='ltr'><strong>hominis</strong></span> 
     </span>
    </p>
   </div>
   <div class='ocr_carea' id='block_1_54' title="bbox 364 5261 1955 5336">
    <p class='ocr_par' dir='ltr' id='par_1_54' title="bbox 364 5261 1955 5336">
     <span class='ocr_line' id='line_1_54' title="bbox 364 5261 1955 5336; baseline 0 -16"><span class='ocrx_word' id='word_1_443' title='bbox 364 5267 540 5336; x_wconf 82' lang='lat' dir='ltr'><strong>qualis</strong></span> <span class='ocrx_word' id='word_1_444' title='bbox 581 5261 720 5320; x_wconf 90' lang='lat' dir='ltr'><strong>nunc</strong></span> <span class='ocrx_word' id='word_1_445' title='bbox 765 5274 867 5330; x_wconf 91' lang='lat' dir='ltr'><strong>est,</strong></span> <span class='ocrx_word' id='word_1_446' title='bbox 901 5264 1028 5335; x_wconf 92' lang='lat' dir='ltr'><strong>quid</strong></span> <span class='ocrx_word' id='word_1_447' title='bbox 1054 5263 1214 5318; x_wconf 82' lang='lat' dir='ltr'><strong>distet</strong></span> <span class='ocrx_word' id='word_1_448' title='bbox 1253 5264 1393 5318; x_wconf 85' lang='lat' dir='ltr'><strong>inter</strong></span> <span class='ocrx_word' id='word_1_449' title='bbox 1436 5263 1635 5334; x_wconf 85' lang='lat' dir='ltr'><strong>ingenii</strong></span> <span class='ocrx_word' id='word_1_450' title='bbox 1679 5265 1862 5318; x_wconf 89' lang='lat' dir='ltr'><strong>vitium</strong></span> <span class='ocrx_word' id='word_1_451' title='bbox 1899 5275 1955 5320; x_wconf 90' lang='lat' dir='ltr'><strong>et</strong></span> 
     </span>
    </p>
   </div>
   <div class='ocr_carea' id='block_1_55' title="bbox 367 5357 1953 5430">
    <p class='ocr_par' dir='ltr' id='par_1_55' title="bbox 367 5357 1953 5430">
     <span class='ocr_line' id='line_1_55' title="bbox 367 5357 1953 5430; baseline 0.001 -16"><span class='ocrx_word' id='word_1_452' title='bbox 367 5361 500 5414; x_wconf 90' lang='lat' dir='ltr'><strong>tanti</strong></span> <span class='ocrx_word' id='word_1_453' title='bbox 545 5359 765 5413; x_wconf 82' lang='lat' dir='ltr'><strong>artiﬁcis</strong></span> <span class='ocrx_word' id='word_1_454' title='bbox 798 5357 1098 5429; x_wconf 89' lang='lat' dir='ltr'><strong>opilicium;</strong></span> <span class='ocrx_word' id='word_1_455' title='bbox 1140 5357 1223 5413; x_wconf 91' lang='lat' dir='ltr'><strong>cui</strong></span> <span class='ocrx_word' id='word_1_456' title='bbox 1266 5357 1450 5429; x_wconf 86' lang='lat' dir='ltr'><strong>procul</strong></span> <span class='ocrx_word' id='word_1_457' title='bbox 1479 5357 1642 5430; x_wconf 65' lang='lat' dir='ltr'><strong>dubio</strong></span> <span class='ocrx_word' id='word_1_458' title='bbox 1672 5374 1776 5413; x_wconf 91' lang='lat' dir='ltr'><strong>non</strong></span> <span class='ocrx_word' id='word_1_459' title='bbox 1807 5369 1953 5416; x_wconf 86' lang='lat' dir='ltr'><strong>recte</strong></span> 
     </span>
    </p>
   </div>
   <div class='ocr_carea' id='block_1_56' title="bbox 404 5491 1956 5564">
    <p class='ocr_par' dir='ltr' id='par_1_56' title="bbox 404 5491 1956 5564">
     <span class='ocr_line' id='line_1_56' title="bbox 404 5491 1956 5564; baseline 0.001 -22"><span class='ocrx_word' id='word_1_460' title='bbox 404 5496 447 5564; x_wconf 74' lang='lat'><strong>_&#39;</strong></span> <span class='ocrx_word' id='word_1_461' title='bbox 488 5492 793 5564; x_wconf 73' lang='lat' dir='ltr'><strong>vlgn.,_quod</strong></span> <span class='ocrx_word' id='word_1_462' title='bbox 810 5499 970 5544; x_wconf 79' lang='lat' dir='ltr'><strong>autem</strong></span> <span class='ocrx_word' id='word_1_463' title='bbox 994 5493 1056 5545; x_wconf 67' lang='lat' dir='ltr'><strong>de</strong></span> <span class='ocrx_word' id='word_1_464' title='bbox 1087 5491 1338 5556; x_wconf 67' lang='lat' dir='ltr'><strong>voluptate.</strong></span> <span class='ocrx_word' id='word_1_465' title='bbox 1377 5499 1503 5552; x_wconf 66' lang='lat' dir='ltr'><strong>uss,</strong></span> <span class='ocrx_word' id='word_1_466' title='bbox 1535 5491 1664 5555; x_wconf 71' lang='lat' dir='ltr'><strong>quoad</strong></span> <span class='ocrx_word' id='word_1_467' title='bbox 1691 5499 1850 5543; x_wconf 81' lang='lat' dir='ltr'><strong>autem</strong></span> <span class='ocrx_word' id='word_1_468' title='bbox 1891 5493 1956 5545; x_wconf 78' lang='lat' dir='ltr'><strong>de</strong></span> 
     </span>
    </p>
   </div>
   <div class='ocr_carea' id='block_1_57' title="bbox 369 5556 1951 5690">
    <p class='ocr_par' dir='ltr' id='par_1_57' title="bbox 369 5556 1951 5690">
     <span class='ocr_line' id='line_1_57' title="bbox 369 5556 1951 5690; baseline 0.001 -25"><span class='ocrx_word' id='word_1_469' title='bbox 369 5569 413 5604; x_wconf 56' lang='grc' dir='ltr'>η</span> <span class='ocrx_word' id='word_1_470' title='bbox 739 5627 798 5666; x_wconf 78' lang='lat' dir='ltr'><strong>eo</strong></span> <span class='ocrx_word' id='word_1_471' title='bbox 817 5614 1191 5666; x_wconf 76' lang='lat' dir='ltr'><strong>moderationem</strong></span> <span class='ocrx_word' id='word_1_472' title='bbox 1223 5627 1397 5665; x_wconf 78' lang='lat' dir='ltr'><strong>nosses.</strong></span> <span class='ocrx_word' id='word_1_473' title='bbox 1422 5617 1723 5678; x_wconf 77' lang='lat' dir='ltr'><strong>castigantur</strong></span> <span class='ocrx_word' id='word_1_474' title='bbox 1749 5629 1810 5666; x_wconf 81' lang='lat' dir='ltr'><strong>ex</strong></span> <span class='ocrx_word' id='word_1_475' title='bbox 1850 5629 1951 5666; x_wconf 83' lang='lat' dir='ltr'><strong>nia-</strong></span> 
     </span>
    </p>
   </div>
   <div class='ocr_carea' id='block_1_58' title="bbox 369 5687 1958 5804">
    <p class='ocr_par' dir='ltr' id='par_1_58' title="bbox 369 5687 1958 5804">
     <span class='ocr_line' id='line_1_58' title="bbox 551 5697 641 5726; baseline 0.044 -4"><span class='ocrx_word' id='word_1_476' title='bbox 551 5697 562 5722; x_wconf 76' lang='grc' dir='ltr'><strong>ι</strong></span> <span class='ocrx_word' id='word_1_477' title='bbox 630 5716 641 5726; x_wconf 91' lang='grc'>.</span> 
     </span>
     <span class='ocr_line' id='line_1_59' title="bbox 369 5687 1958 5804; baseline 0.001 -17"><span class='ocrx_word' id='word_1_478' title='bbox 369 5687 871 5804; x_wconf 52' lang='grc' dir='ltr'><strong>ηυῗῖῗξοιξιιειοήωιε</strong></span> <span class='ocrx_word' id='word_1_479' title='bbox 901 5741 1332 5801; x_wconf 83' lang='lat' dir='ltr'><strong>manuscriptorum</strong></span> <span class='ocrx_word' id='word_1_480' title='bbox 1352 5740 1641 5799; x_wconf 84' lang='lat' dir='ltr'><strong>restituitur,</strong></span> <span class='ocrx_word' id='word_1_481' title='bbox 1667 5752 1819 5804; x_wconf 77' lang='lat' dir='ltr'><strong>neque</strong></span> <span class='ocrx_word' id='word_1_482' title='bbox 1833 5738 1958 5790; x_wconf 83' lang='lat' dir='ltr'><strong>enim</strong></span> 
     </span>
    </p>
   </div>
   <div class='ocr_carea' id='block_1_59' title="bbox 408 5802 892 5860">
    <p class='ocr_par' dir='ltr' id='par_1_59' title="bbox 408 5802 892 5860">
     <span class='ocr_line' id='line_1_60' title="bbox 408 5802 892 5860; baseline 0.008 -12"><span class='ocrx_word' id='word_1_483' title='bbox 408 5814 434 5848; x_wconf 75' lang='grc' dir='ltr'><em>ε</em></span> <span class='ocrx_word' id='word_1_484' title='bbox 458 5802 554 5860; x_wconf 57' lang='lat' dir='ltr'><strong>ipse</strong></span> <span class='ocrx_word' id='word_1_485' title='bbox 580 5802 804 5852; x_wconf 72' lang='lat' dir='ltr'><strong>uolumus</strong></span> <span class='ocrx_word' id='word_1_486' title='bbox 825 5814 892 5852; x_wconf 82' lang='lat' dir='ltr'><strong>es.</strong></span> 
     </span>
    </p>
   </div>
   <div class='ocr_carea' id='block_1_60' title="bbox 1742 387 2290 457">
    <p class='ocr_par' dir='ltr' id='par_1_60' title="bbox 1742 387 2290 457">
     <span class='ocr_line' id='line_1_61' title="bbox 1742 387 2290 457; baseline -0.016 -10"><span class='ocrx_word' id='word_1_487' title='bbox 1742 389 1939 447; x_wconf 72' lang='grc' dir='ltr'>ιιιιειι</span> <span class='ocrx_word' id='word_1_488' title='bbox 1979 387 2290 457; x_wconf 56' lang='lat' dir='ltr'><strong>QUINTUS.</strong></span> 
     </span>
    </p>
   </div>
   <div class='ocr_carea' id='block_1_61' title="bbox 2054 499 3638 576">
    <p class='ocr_par' dir='ltr' id='par_1_61' title="bbox 2054 499 3638 576">
     <span class='ocr_line' id='line_1_62' title="bbox 2054 499 3638 576; baseline 0.006 -26"><span class='ocrx_word' id='word_1_489' title='bbox 2054 499 2174 552; x_wconf 80' lang='lat' dir='ltr'><strong>vitia</strong></span> <span class='ocrx_word' id='word_1_490' title='bbox 2220 501 2539 568; x_wconf 83' lang='lat' dir='ltr'><strong>trilmnutur,</strong></span> <span class='ocrx_word' id='word_1_491' title='bbox 2571 509 2999 576; x_wconf 85' lang='lat' dir='ltr'><strong>quantacumque</strong></span> <span class='ocrx_word' id='word_1_492' title='bbox 3015 503 3143 568; x_wconf 87' lang='lat' dir='ltr'><strong>sint,</strong></span> <span class='ocrx_word' id='word_1_493' title='bbox 3176 505 3522 560; x_wconf 89' lang='lat' dir='ltr'><strong>luuuanorum</strong></span> <span class='ocrx_word' id='word_1_494' title='bbox 3553 507 3638 559; x_wconf 82' lang='lat' dir='ltr'><strong>in-</strong></span> 
     </span>
    </p>
   </div>
   <div class='ocr_carea' id='block_1_62' title="bbox 2051 591 3638 666">
    <p class='ocr_par' dir='ltr' id='par_1_62' title="bbox 2051 591 3638 666">
     <span class='ocr_line' id='line_1_63' title="bbox 2051 591 3638 666; baseline 0.004 -22"><span class='ocrx_word' id='word_1_495' title='bbox 2051 591 2326 658; x_wconf 80' lang='lat' dir='ltr'><strong>geniorum</strong></span> <span class='ocrx_word' id='word_1_496' title='bbox 2363 609 2375 646; x_wconf 93' lang='lat'><strong>:</strong></span> <span class='ocrx_word' id='word_1_497' title='bbox 2408 600 2462 646; x_wconf 92' lang='lat' dir='ltr'><strong>ut</strong></span> <span class='ocrx_word' id='word_1_498' title='bbox 2489 608 2585 662; x_wconf 89' lang='lat' dir='ltr'><strong>per</strong></span> <span class='ocrx_word' id='word_1_499' title='bbox 2612 593 2748 648; x_wconf 89' lang='lat' dir='ltr'><strong>hanc</strong></span> <span class='ocrx_word' id='word_1_500' title='bbox 2773 595 3006 665; x_wconf 85' lang='lat' dir='ltr'><strong>regulam</strong></span> <span class='ocrx_word' id='word_1_501' title='bbox 3045 597 3218 650; x_wconf 85' lang='lat' dir='ltr'><strong>discas</strong></span> <span class='ocrx_word' id='word_1_502' title='bbox 3247 594 3315 650; x_wconf 87' lang='lat' dir='ltr'><strong>ab</strong></span> <span class='ocrx_word' id='word_1_503' title='bbox 3341 596 3457 666; x_wconf 82' lang='lat' dir='ltr'><strong>ejus</strong></span> <span class='ocrx_word' id='word_1_504' title='bbox 3484 595 3638 650; x_wconf 86' lang='lat' dir='ltr'><strong>insti-</strong></span> 
     </span>
    </p>
   </div>
   <div class='ocr_carea' id='block_1_63' title="bbox 2053 680 3636 756">
    <p class='ocr_par' dir='ltr' id='par_1_63' title="bbox 2053 680 3636 756">
     <span class='ocr_line' id='line_1_64' title="bbox 2053 680 3636 756; baseline 0.005 -22"><span class='ocrx_word' id='word_1_505' title='bbox 2053 680 2257 735; x_wconf 91' lang='lat' dir='ltr'><strong>tutione</strong></span> <span class='ocrx_word' id='word_1_506' title='bbox 2305 681 2613 740; x_wconf 89' lang='lat' dir='ltr'><strong>discernere</strong></span> <span class='ocrx_word' id='word_1_507' title='bbox 2642 726 2658 749; x_wconf 90' lang='lat'><strong>,</strong></span> <span class='ocrx_word' id='word_1_508' title='bbox 2709 687 2949 756; x_wconf 87' lang='lat' dir='ltr'><strong>quamvis</strong></span> <span class='ocrx_word' id='word_1_509' title='bbox 2994 687 3334 756; x_wconf 85' lang='lat' dir='ltr'><strong>congenitnm</strong></span> <span class='ocrx_word' id='word_1_510' title='bbox 3389 686 3636 756; x_wconf 85' lang='lat' dir='ltr'><strong>homini,</strong></span> 
     </span>
    </p>
   </div>
   <div class='ocr_carea' id='block_1_64' title="bbox 2051 773 3640 851">
    <p class='ocr_par' dir='ltr' id='par_1_64' title="bbox 2051 773 3640 851">
     <span class='ocr_line' id='line_1_65' title="bbox 2051 773 3640 851; baseline 0.007 -26"><span class='ocrx_word' id='word_1_511' title='bbox 2051 773 2306 842; x_wconf 82' lang='lat' dir='ltr'><strong>originale</strong></span> <span class='ocrx_word' id='word_1_512' title='bbox 2353 787 2662 844; x_wconf 86' lang='lat' dir='ltr'><strong>peccatum;</strong></span> <span class='ocrx_word' id='word_1_513' title='bbox 2695 793 2792 832; x_wconf 90' lang='lat' dir='ltr'><strong>nec</strong></span> <span class='ocrx_word' id='word_1_514' title='bbox 2822 778 2942 834; x_wconf 90' lang='lat' dir='ltr'><strong>ideo</strong></span> <span class='ocrx_word' id='word_1_515' title='bbox 2971 795 3134 849; x_wconf 83' lang='lat' dir='ltr'><strong>neges</strong></span> <span class='ocrx_word' id='word_1_516' title='bbox 3158 795 3298 847; x_wconf 91' lang='lat' dir='ltr'><strong>esse,</strong></span> <span class='ocrx_word' id='word_1_517' title='bbox 3344 780 3464 851; x_wconf 89' lang='lat' dir='ltr'><strong>quia</strong></span> <span class='ocrx_word' id='word_1_518' title='bbox 3496 779 3640 837; x_wconf 86' lang='lat' dir='ltr'><strong>Deus</strong></span> 
     </span>
    </p>
   </div>
   <div class='ocr_carea' id='block_1_65' title="bbox 2053 863 3638 938">
    <p class='ocr_par' dir='ltr' id='par_1_65' title="bbox 2053 863 3638 938">
     <span class='ocr_line' id='line_1_66' title="bbox 2053 863 3638 938; baseline 0.006 -21"><span class='ocrx_word' id='word_1_519' title='bbox 2053 863 2294 920; x_wconf 88' lang='lat' dir='ltr'><strong>homines</strong></span> <span class='ocrx_word' id='word_1_520' title='bbox 2318 863 2462 933; x_wconf 86' lang='lat' dir='ltr'><strong>facit,</strong></span> <span class='ocrx_word' id='word_1_521' title='bbox 2491 867 2580 938; x_wconf 89' lang='lat' dir='ltr'><strong>qui</strong></span> <span class='ocrx_word' id='word_1_522' title='bbox 2609 878 2882 938; x_wconf 87' lang='lat' dir='ltr'><strong>peccatum</strong></span> <span class='ocrx_word' id='word_1_523' title='bbox 2907 885 3010 924; x_wconf 93' lang='lat' dir='ltr'><strong>non</strong></span> <span class='ocrx_word' id='word_1_524' title='bbox 3035 870 3188 936; x_wconf 83' lang='lat' dir='ltr'><strong>facit;</strong></span> <span class='ocrx_word' id='word_1_525' title='bbox 3219 871 3353 924; x_wconf 91' lang='lat' dir='ltr'><strong>sicut</strong></span> <span class='ocrx_word' id='word_1_526' title='bbox 3384 887 3489 926; x_wconf 89' lang='lat' dir='ltr'><strong>non</strong></span> <span class='ocrx_word' id='word_1_527' title='bbox 3517 871 3638 927; x_wconf 90' lang='lat' dir='ltr'><strong>ideo</strong></span> 
     </span>
    </p>
   </div>
   <div class='ocr_carea' id='block_1_66' title="bbox 2051 956 3633 1035">
    <p class='ocr_par' dir='ltr' id='par_1_66' title="bbox 2051 956 3633 1035">
     <span class='ocr_line' id='line_1_67' title="bbox 2051 956 3633 1035; baseline 0.006 -26"><span class='ocrx_word' id='word_1_528' title='bbox 2051 956 2288 1027; x_wconf 81' lang='lat' dir='ltr'><strong>neganda</strong></span> <span class='ocrx_word' id='word_1_529' title='bbox 2316 968 2438 1013; x_wconf 84' lang='lat' dir='ltr'><strong>sunt</strong></span> <span class='ocrx_word' id='word_1_530' title='bbox 2465 959 2691 1030; x_wconf 85' lang='lat' dir='ltr'><strong>ingeniis</strong></span> <span class='ocrx_word' id='word_1_531' title='bbox 2722 961 2994 1017; x_wconf 88' lang='lat' dir='ltr'><strong>hominum</strong></span> <span class='ocrx_word' id='word_1_532' title='bbox 3032 964 3313 1033; x_wconf 88' lang='lat' dir='ltr'><strong>congcnita</strong></span> <span class='ocrx_word' id='word_1_533' title='bbox 3337 965 3483 1029; x_wconf 89' lang='lat' dir='ltr'><strong>vitia,</strong></span> <span class='ocrx_word' id='word_1_534' title='bbox 3510 964 3633 1035; x_wconf 89' lang='lat' dir='ltr'><strong>quia</strong></span> 
     </span>
    </p>
   </div>
   <div class='ocr_carea' id='block_1_67' title="bbox 2057 1049 3638 1124">
    <p class='ocr_par' dir='ltr' id='par_1_67' title="bbox 2057 1049 3638 1124">
     <span class='ocr_line' id='line_1_68' title="bbox 2057 1049 3638 1124; baseline 0.003 -19"><span class='ocrx_word' id='word_1_535' title='bbox 2057 1049 2202 1105; x_wconf 89' lang='lat' dir='ltr'><strong>Deus</strong></span> <span class='ocrx_word' id='word_1_536' title='bbox 2250 1049 2494 1106; x_wconf 89' lang='lat' dir='ltr'><strong>homines</strong></span> <span class='ocrx_word' id='word_1_537' title='bbox 2519 1050 2682 1120; x_wconf 78' lang='lat' dir='ltr'><strong>facit,</strong></span> <span class='ocrx_word' id='word_1_538' title='bbox 2713 1067 2742 1107; x_wconf 89' lang='lat' dir='ltr'><strong>a</strong></span> <span class='ocrx_word' id='word_1_539' title='bbox 2781 1053 2933 1124; x_wconf 86' lang='lat' dir='ltr'><strong>cujus</strong></span> <span class='ocrx_word' id='word_1_540' title='bbox 2979 1066 3095 1109; x_wconf 86' lang='lat' dir='ltr'><strong>arte</strong></span> <span class='ocrx_word' id='word_1_541' title='bbox 3127 1055 3304 1110; x_wconf 89' lang='lat' dir='ltr'><strong>divina</strong></span> <span class='ocrx_word' id='word_1_542' title='bbox 3333 1055 3348 1087; x_wconf 79' lang='grc'>⁸</span> <span class='ocrx_word' id='word_1_543' title='bbox 3379 1055 3638 1110; x_wconf 88' lang='lat' dir='ltr'><strong>vitiositas</strong></span> 
     </span>
    </p>
   </div>
   <div class='ocr_carea' id='block_1_68' title="bbox 2051 1142 3636 1216">
    <p class='ocr_par' dir='ltr' id='par_1_68' title="bbox 2051 1142 3636 1216">
     <span class='ocr_line' id='line_1_69' title="bbox 2051 1142 3636 1216; baseline 0.001 -18"><span class='ocrx_word' id='word_1_544' title='bbox 2051 1151 2136 1198; x_wconf 83' lang='lat' dir='ltr'><strong>est</strong></span> <span class='ocrx_word' id='word_1_545' title='bbox 2160 1142 2333 1198; x_wconf 85' lang='lat' dir='ltr'><strong>omnis</strong></span> <span class='ocrx_word' id='word_1_546' title='bbox 2361 1144 2551 1198; x_wconf 86' lang='lat' dir='ltr'><strong>aliena.</strong></span> <span class='ocrx_word' id='word_1_547' title='bbox 2580 1143 2669 1200; x_wconf 91' lang='lat' dir='ltr'><strong>Sic</strong></span> <span class='ocrx_word' id='word_1_548' title='bbox 2709 1154 2885 1200; x_wconf 88' lang='lat' dir='ltr'><strong>autem</strong></span> <span class='ocrx_word' id='word_1_549' title='bbox 2918 1145 3060 1200; x_wconf 90' lang='lat' dir='ltr'><strong>novit</strong></span> <span class='ocrx_word' id='word_1_550' title='bbox 3095 1145 3232 1201; x_wconf 91' lang='lat' dir='ltr'><strong>Deus</strong></span> <span class='ocrx_word' id='word_1_551' title='bbox 3264 1146 3400 1202; x_wconf 90' lang='lat' dir='ltr'><strong>bene</strong></span> <span class='ocrx_word' id='word_1_552' title='bbox 3427 1146 3636 1216; x_wconf 89' lang='lat' dir='ltr'><strong>operari</strong></span> 
     </span>
    </p>
   </div>
   <div class='ocr_carea' id='block_1_69' title="bbox 2052 1234 3635 1308">
    <p class='ocr_par' dir='ltr' id='par_1_69' title="bbox 2052 1234 3635 1308">
     <span class='ocr_line' id='line_1_70' title="bbox 2052 1234 3635 1308; baseline 0.001 -18"><span class='ocrx_word' id='word_1_553' title='bbox 2052 1234 2298 1293; x_wconf 86' lang='lat' dir='ltr'><strong>homines</strong></span> <span class='ocrx_word' id='word_1_554' title='bbox 2325 1236 2392 1293; x_wconf 93' lang='lat' dir='ltr'><strong>de</strong></span> <span class='ocrx_word' id='word_1_555' title='bbox 2418 1237 2709 1292; x_wconf 89' lang='lat' dir='ltr'><strong>substantia</strong></span> <span class='ocrx_word' id='word_1_556' title='bbox 2730 1247 2945 1308; x_wconf 90' lang='lat' dir='ltr'><strong>peccato</strong></span> <span class='ocrx_word' id='word_1_557' title='bbox 2959 1237 3164 1305; x_wconf 88' lang='lat' dir='ltr'><strong>vitiata,</strong></span> <span class='ocrx_word' id='word_1_558' title='bbox 3189 1236 3635 1308; x_wconf 89' lang='lat' dir='ltr'><strong>quemadmodum</strong></span> 
     </span>
    </p>
   </div>
   <div class='ocr_carea' id='block_1_70' title="bbox 2051 1327 3637 1400">
    <p class='ocr_par' dir='ltr' id='par_1_70' title="bbox 2051 1327 3637 1400">
     <span class='ocr_line' id='line_1_71' title="bbox 2051 1327 3637 1400; baseline -0.002 -18"><span class='ocrx_word' id='word_1_559' title='bbox 2051 1327 2196 1383; x_wconf 87' lang='lat' dir='ltr'><strong>novit</strong></span> <span class='ocrx_word' id='word_1_560' title='bbox 2225 1327 2361 1384; x_wconf 89' lang='lat' dir='ltr'><strong>bene</strong></span> <span class='ocrx_word' id='word_1_561' title='bbox 2388 1329 2594 1397; x_wconf 86' lang='lat' dir='ltr'><strong>operari</strong></span> <span class='ocrx_word' id='word_1_562' title='bbox 2637 1328 2706 1383; x_wconf 93' lang='lat' dir='ltr'><strong>de</strong></span> <span class='ocrx_word' id='word_1_563' title='bbox 2749 1329 2878 1398; x_wconf 89' lang='lat' dir='ltr'><strong>ipsis</strong></span> <span class='ocrx_word' id='word_1_564' title='bbox 2915 1331 3144 1400; x_wconf 83' lang='lat' dir='ltr'><strong>peccatis</strong></span> <span class='ocrx_word' id='word_1_565' title='bbox 3172 1327 3466 1391; x_wconf 87' lang='lat' dir='ltr'><strong>hominum,</strong></span> <span class='ocrx_word' id='word_1_566' title='bbox 3500 1343 3637 1398; x_wconf 88' lang='lat' dir='ltr'><strong>quo-</strong></span> 
     </span>
    </p>
   </div>
   <div class='ocr_carea' id='block_1_71' title="bbox 2051 1419 3636 1490">
    <p class='ocr_par' dir='ltr' id='par_1_71' title="bbox 2051 1419 3636 1490">
     <span class='ocr_line' id='line_1_72' title="bbox 2051 1419 3636 1490; baseline 0.001 -17"><span class='ocrx_word' id='word_1_567' title='bbox 2051 1434 2170 1474; x_wconf 92' lang='lat' dir='ltr'><strong>rum</strong></span> <span class='ocrx_word' id='word_1_568' title='bbox 2197 1429 2320 1474; x_wconf 86' lang='lat' dir='ltr'><strong>sunt</strong></span> <span class='ocrx_word' id='word_1_569' title='bbox 2345 1419 2469 1473; x_wconf 88' lang='lat' dir='ltr'><strong>vitia</strong></span> <span class='ocrx_word' id='word_1_570' title='bbox 2499 1420 2814 1474; x_wconf 85' lang='lat' dir='ltr'><strong>voluntaria.</strong></span> <span class='ocrx_word' id='word_1_571' title='bbox 2844 1419 3096 1475; x_wconf 85' lang='lat' dir='ltr'><strong>Videmus</strong></span> <span class='ocrx_word' id='word_1_572' title='bbox 3116 1420 3258 1474; x_wconf 91' lang='lat' dir='ltr'><strong>enim</strong></span> <span class='ocrx_word' id='word_1_573' title='bbox 3283 1430 3476 1490; x_wconf 90' lang='lat' dir='ltr'><strong>quanta</strong></span> <span class='ocrx_word' id='word_1_574' title='bbox 3501 1419 3636 1474; x_wconf 90' lang='lat' dir='ltr'><strong>bona</strong></span> 
     </span>
    </p>
   </div>
   <div class='ocr_carea' id='block_1_72' title="bbox 2050 1509 3640 1581">
    <p class='ocr_par' dir='ltr' id='par_1_72' title="bbox 2050 1509 3640 1581">
     <span class='ocr_line' id='line_1_73' title="bbox 2050 1509 3640 1581; baseline 0 -19"><span class='ocrx_word' id='word_1_575' title='bbox 2050 1521 2302 1578; x_wconf 83' lang='lat' dir='ltr'><strong>operatus</strong></span> <span class='ocrx_word' id='word_1_576' title='bbox 2336 1510 2406 1564; x_wconf 91' lang='lat' dir='ltr'><strong>sit</strong></span> <span class='ocrx_word' id='word_1_577' title='bbox 2427 1509 2495 1565; x_wconf 89' lang='lat' dir='ltr'><strong>de</strong></span> <span class='ocrx_word' id='word_1_578' title='bbox 2516 1517 2731 1580; x_wconf 86' lang='lat' dir='ltr'><strong>peccato</strong></span> <span class='ocrx_word' id='word_1_579' title='bbox 2758 1510 3110 1581; x_wconf 89' lang='lat' dir='ltr'><strong>fratrum,qui</strong></span> <span class='ocrx_word' id='word_1_580' title='bbox 3143 1510 3358 1565; x_wconf 87' lang='lat' dir='ltr'><strong>fratrem</strong></span> <span class='ocrx_word' id='word_1_581' title='bbox 3384 1526 3476 1578; x_wconf 89' lang='lat' dir='ltr'><strong>per</strong></span> <span class='ocrx_word' id='word_1_582' title='bbox 3501 1509 3640 1564; x_wconf 84' lang='lat' dir='ltr'><strong>invi-</strong></span> 
     </span>
    </p>
   </div>
   <div class='ocr_carea' id='block_1_73' title="bbox 2052 1598 3664 1678">
    <p class='ocr_par' dir='ltr' id='par_1_73' title="bbox 2052 1598 3664 1678">
     <span class='ocr_line' id='line_1_74' title="bbox 2052 1598 3664 1678; baseline 0.001 -24"><span class='ocrx_word' id='word_1_583' title='bbox 2052 1598 2285 1654; x_wconf 86' lang='lat' dir='ltr'><strong>dentiam</strong></span> <span class='ocrx_word' id='word_1_584' title='bbox 2335 1599 2688 1656; x_wconf 90' lang='lat' dir='ltr'><strong>vendiderunt</strong></span> <span class='ocrx_word' id='word_1_585' title='bbox 2733 1599 2886 1674; x_wconf 75' lang='lat' dir='ltr'><strong>(Gen.</strong></span> <span class='ocrx_word' id='word_1_586' title='bbox 2929 1601 3234 1674; x_wconf 72' lang='lat' dir='ltr'><strong>xxxvii-1.);</strong></span> <span class='ocrx_word' id='word_1_587' title='bbox 3261 1611 3315 1656; x_wconf 88' lang='lat' dir='ltr'><strong>et</strong></span> <span class='ocrx_word' id='word_1_588' title='bbox 3340 1601 3442 1658; x_wconf 89' lang='lat' dir='ltr'><strong>alia</strong></span> <span class='ocrx_word' id='word_1_589' title='bbox 3472 1601 3664 1678; x_wconf 75' lang='lat' dir='ltr'><strong>multa_</strong></span> 
     </span>
    </p>
   </div>
   <div class='ocr_carea' id='block_1_74' title="bbox 2050 1689 3052 1761">
    <p class='ocr_par' dir='ltr' id='par_1_74' title="bbox 2050 1689 3052 1761">
     <span class='ocr_line' id='line_1_75' title="bbox 2050 1689 3052 1761; baseline 0.004 -20"><span class='ocrx_word' id='word_1_590' title='bbox 2050 1689 2241 1760; x_wconf 64' lang='lat' dir='ltr'><strong>quihus</strong></span> <span class='ocrx_word' id='word_1_591' title='bbox 2271 1704 2436 1744; x_wconf 64' lang='lat' dir='ltr'><strong>sacra:</strong></span> <span class='ocrx_word' id='word_1_592' title='bbox 2463 1690 2679 1745; x_wconf 68' lang='lat' dir='ltr'><strong>Littera:</strong></span> <span class='ocrx_word' id='word_1_593' title='bbox 2707 1690 2877 1761; x_wconf 74' lang='lat' dir='ltr'><strong>plena:</strong></span> <span class='ocrx_word' id='word_1_594' title='bbox 2906 1702 3052 1748; x_wconf 88' lang='lat' dir='ltr'><strong>sunt.</strong></span> 
     </span>
    </p>
   </div>
   <div class='ocr_carea' id='block_1_75' title="bbox 2125 1780 3641 1854">
    <p class='ocr_par' dir='ltr' id='par_1_75' title="bbox 2125 1780 3641 1854">
     <span class='ocr_line' id='line_1_76' title="bbox 2125 1780 3641 1854; baseline 0.001 -18"><span class='ocrx_word' id='word_1_595' title='bbox 2125 1781 2238 1836; x_wconf 82' lang='grc' dir='ltr'><strong>ΧΙΙ.</strong></span> <span class='ocrx_word' id='word_1_596' title='bbox 2269 1780 2386 1837; x_wconf 61' lang='grc' dir='ltr'>λιιι..</span> <span class='ocrx_word' id='word_1_597' title='bbox 2422 1781 2618 1837; x_wconf 81' lang='lat' dir='ltr'><strong>Verum</strong></span> <span class='ocrx_word' id='word_1_598' title='bbox 2645 1782 2880 1837; x_wconf 89' lang='lat' dir='ltr'><strong>demiror</strong></span> <span class='ocrx_word' id='word_1_599' title='bbox 2920 1783 3116 1854; x_wconf 90' lang='lat' dir='ltr'><strong>ubique</strong></span> <span class='ocrx_word' id='word_1_600' title='bbox 3145 1783 3500 1838; x_wconf 87' lang='lat' dir='ltr'><strong>constantiam</strong></span> <span class='ocrx_word' id='word_1_601' title='bbox 3530 1783 3641 1838; x_wconf 82' lang='lat' dir='ltr'><strong>dis-</strong></span> 
     </span>
    </p>
   </div>
   <div class='ocr_carea' id='block_1_76' title="bbox 2056 1871 3639 1942">
    <p class='ocr_par' dir='ltr' id='par_1_76' title="bbox 2056 1871 3639 1942">
     <span class='ocr_line' id='line_1_77' title="bbox 2056 1871 3639 1942; baseline 0.003 -19"><span class='ocrx_word' id='word_1_602' title='bbox 2056 1871 2322 1940; x_wconf 84' lang='lat' dir='ltr'><strong>putantis,</strong></span> <span class='ocrx_word' id='word_1_603' title='bbox 2370 1872 2459 1942; x_wconf 92' lang='lat' dir='ltr'><strong>qui</strong></span> <span class='ocrx_word' id='word_1_604' title='bbox 2488 1873 2795 1942; x_wconf 84' lang='lat' dir='ltr'><strong>pronuntiat</strong></span> <span class='ocrx_word' id='word_1_605' title='bbox 2831 1875 3024 1928; x_wconf 83' lang='lat' dir='ltr'><strong>semina</strong></span> <span class='ocrx_word' id='word_1_606' title='bbox 3059 1891 3092 1928; x_wconf 89' lang='lat' dir='ltr'><strong>a</strong></span> <span class='ocrx_word' id='word_1_607' title='bbox 3140 1873 3242 1928; x_wconf 85' lang='lat' dir='ltr'><strong>Deo</strong></span> <span class='ocrx_word' id='word_1_608' title='bbox 3285 1891 3398 1928; x_wconf 83' lang='lat' dir='ltr'><strong>vero</strong></span> <span class='ocrx_word' id='word_1_609' title='bbox 3436 1875 3639 1929; x_wconf 71' lang='lat' dir='ltr'><strong>condita</strong></span> 
     </span>
    </p>
   </div>
   <div class='ocr_carea' id='block_1_77' title="bbox 2053 1964 3642 2037">
    <p class='ocr_par' dir='ltr' id='par_1_77' title="bbox 2053 1964 3642 2037">
     <span class='ocr_line' id='line_1_78' title="bbox 2053 1964 3642 2037; baseline 0.002 -20"><span class='ocrx_word' id='word_1_610' title='bbox 2053 1979 2178 2030; x_wconf 84' lang='lat' dir='ltr'><strong>esse,</strong></span> <span class='ocrx_word' id='word_1_611' title='bbox 2207 1980 2238 2016; x_wconf 90' lang='lat' dir='ltr'><strong>a</strong></span> <span class='ocrx_word' id='word_1_612' title='bbox 2265 1980 2362 2032; x_wconf 84' lang='lat' dir='ltr'><strong>quo</strong></span> <span class='ocrx_word' id='word_1_613' title='bbox 2390 1964 2674 2018; x_wconf 86' lang='lat' dir='ltr'><strong>conduntur</strong></span> <span class='ocrx_word' id='word_1_614' title='bbox 2699 1974 2746 2018; x_wconf 87' lang='lat' dir='ltr'><strong>ct</strong></span> <span class='ocrx_word' id='word_1_615' title='bbox 2774 1982 2990 2036; x_wconf 86' lang='lat' dir='ltr'><strong>corpora</strong></span> <span class='ocrx_word' id='word_1_616' title='bbox 3007 2004 3025 2031; x_wconf 92' lang='lat'><strong>,</strong></span> <span class='ocrx_word' id='word_1_617' title='bbox 3064 1966 3177 2019; x_wconf 85' lang='lat' dir='ltr'><strong>licet</strong></span> <span class='ocrx_word' id='word_1_618' title='bbox 3220 1981 3336 2019; x_wconf 83' lang='lat' dir='ltr'><strong>cum</strong></span> <span class='ocrx_word' id='word_1_619' title='bbox 3384 1966 3642 2037; x_wconf 81' lang='lat' dir='ltr'><strong>voluptate</strong></span> 
     </span>
    </p>
   </div>
   <div class='ocr_carea' id='block_1_78' title="bbox 2053 2052 3642 2135">
    <p class='ocr_par' dir='ltr' id='par_1_78' title="bbox 2053 2052 3642 2135">
     <span class='ocr_line' id='line_1_79' title="bbox 2053 2052 3642 2135; baseline 0.003 -30"><span class='ocrx_word' id='word_1_620' title='bbox 2053 2054 2363 2108; x_wconf 82' lang='lat' dir='ltr'><strong>emittantur.</strong></span> <span class='ocrx_word' id='word_1_621' title='bbox 2393 2052 2605 2110; x_wconf 88' lang='lat' dir='ltr'><strong>Semina</strong></span> <span class='ocrx_word' id='word_1_622' title='bbox 2636 2070 2764 2126; x_wconf 85' lang='lat' dir='ltr'><strong>ergo</strong></span> <span class='ocrx_word' id='word_1_623' title='bbox 2789 2071 2818 2109; x_wconf 92' lang='lat' dir='ltr'><strong>a</strong></span> <span class='ocrx_word' id='word_1_624' title='bbox 2847 2055 2956 2111; x_wconf 93' lang='lat' dir='ltr'><strong>Deo</strong></span> <span class='ocrx_word' id='word_1_625' title='bbox 2987 2057 3097 2112; x_wconf 82' lang='lat' dir='ltr'><strong>fieri</strong></span> <span class='ocrx_word' id='word_1_626' title='bbox 3122 2056 3426 2122; x_wconf 89' lang='lat' dir='ltr'><strong>conﬁtetur,</strong></span> <span class='ocrx_word' id='word_1_627' title='bbox 3451 2055 3504 2110; x_wconf 90' lang='lat' dir='ltr'><strong>in</strong></span> <span class='ocrx_word' id='word_1_628' title='bbox 3523 2057 3642 2135; x_wconf 58' lang='lat' dir='ltr'><strong>qui.</strong></span> 
     </span>
    </p>
   </div>
   <div class='ocr_carea' id='block_1_79' title="bbox 2054 2145 3638 2212">
    <p class='ocr_par' dir='ltr' id='par_1_79' title="bbox 2054 2145 3638 2212">
     <span class='ocr_line' id='line_1_80' title="bbox 2054 2145 3638 2212; baseline 0.003 -12"><span class='ocrx_word' id='word_1_629' title='bbox 2054 2145 2153 2202; x_wconf 84' lang='lat' dir='ltr'><strong>bus</strong></span> <span class='ocrx_word' id='word_1_630' title='bbox 2183 2161 2303 2201; x_wconf 85' lang='lat' dir='ltr'><strong>esse</strong></span> <span class='ocrx_word' id='word_1_631' title='bbox 2343 2147 2473 2201; x_wconf 91' lang='lat' dir='ltr'><strong>dicit</strong></span> <span class='ocrx_word' id='word_1_632' title='bbox 2514 2147 2836 2203; x_wconf 85' lang='lat' dir='ltr'><strong>diabolicum</strong></span> <span class='ocrx_word' id='word_1_633' title='bbox 2884 2148 3118 2212; x_wconf 88' lang='lat' dir='ltr'><strong>malum;</strong></span> <span class='ocrx_word' id='word_1_634' title='bbox 3149 2157 3204 2204; x_wconf 92' lang='lat' dir='ltr'><strong>et</strong></span> <span class='ocrx_word' id='word_1_635' title='bbox 3233 2164 3338 2204; x_wconf 92' lang='lat' dir='ltr'><strong>non</strong></span> <span class='ocrx_word' id='word_1_636' title='bbox 3365 2150 3638 2204; x_wconf 88' lang='lat' dir='ltr'><strong>erubescit</strong></span> 
     </span>
    </p>
   </div>
   <div class='ocr_carea' id='block_1_80' title="bbox 2054 2237 3638 2313">
    <p class='ocr_par' dir='ltr' id='par_1_80' title="bbox 2054 2237 3638 2313">
     <span class='ocr_line' id='line_1_81' title="bbox 2054 2237 3638 2313; baseline 0.003 -21"><span class='ocrx_word' id='word_1_637' title='bbox 2054 2237 2273 2294; x_wconf 88' lang='lat' dir='ltr'><strong>credere</strong></span> <span class='ocrx_word' id='word_1_638' title='bbox 2301 2253 2332 2292; x_wconf 89' lang='lat' dir='ltr'><strong>a</strong></span> <span class='ocrx_word' id='word_1_639' title='bbox 2359 2238 2473 2294; x_wconf 87' lang='lat' dir='ltr'><strong>Deo</strong></span> <span class='ocrx_word' id='word_1_640' title='bbox 2505 2239 2617 2295; x_wconf 88' lang='lat' dir='ltr'><strong>ﬁeri</strong></span> <span class='ocrx_word' id='word_1_641' title='bbox 2644 2240 2864 2308; x_wconf 87' lang='lat' dir='ltr'><strong>malum,</strong></span> <span class='ocrx_word' id='word_1_642' title='bbox 2891 2240 3034 2312; x_wconf 90' lang='lat' dir='ltr'><strong>quod</strong></span> <span class='ocrx_word' id='word_1_643' title='bbox 3063 2241 3437 2298; x_wconf 89' lang='lat' dir='ltr'><strong>innocentibus</strong></span> <span class='ocrx_word' id='word_1_644' title='bbox 3465 2242 3638 2313; x_wconf 87' lang='lat' dir='ltr'><strong>impu-</strong></span> 
     </span>
    </p>
   </div>
   <div class='ocr_carea' id='block_1_81' title="bbox 2055 2336 2624 2407">
    <p class='ocr_par' dir='ltr' id='par_1_81' title="bbox 2055 2336 2624 2407">
     <span class='ocr_line' id='line_1_82' title="bbox 2055 2336 2624 2407; baseline 0 -23"><span class='ocrx_word' id='word_1_645' title='bbox 2055 2336 2216 2384; x_wconf 86' lang='lat' dir='ltr'><strong>tetur.</strong></span> <span class='ocrx_word' id='word_1_646' title='bbox 2553 2403 2557 2407; x_wconf 26' lang='grc' dir='ltr'><em>ι</em></span> <span class='ocrx_word' id='word_1_647' title='bbox 2619 2378 2624 2404; x_wconf 45' lang='grc' dir='ltr'><em>τ</em></span> 
     </span>
    </p>
   </div>
   <div class='ocr_carea' id='block_1_82' title="bbox 2126 2422 3642 2498">
    <p class='ocr_par' dir='ltr' id='par_1_82' title="bbox 2126 2422 3642 2498">
     <span class='ocr_line' id='line_1_83' title="bbox 2126 2422 3642 2498; baseline 0.001 -20"><span class='ocrx_word' id='word_1_648' title='bbox 2126 2425 2262 2480; x_wconf 72' lang='lat' dir='ltr'><strong>Anc.</strong></span> <span class='ocrx_word' id='word_1_649' title='bbox 2292 2423 2332 2478; x_wconf 80' lang='grc' dir='ltr'><strong>Α</strong></span> <span class='ocrx_word' id='word_1_650' title='bbox 2365 2423 2476 2479; x_wconf 87' lang='lat' dir='ltr'><strong>Deo</strong></span> <span class='ocrx_word' id='word_1_651' title='bbox 2498 2435 2625 2498; x_wconf 28' lang='lat' dir='ltr'><strong>non,</strong></span> <span class='ocrx_word' id='word_1_652' title='bbox 2653 2422 2711 2480; x_wconf 87' lang='lat' dir='ltr'><strong>ﬁt</strong></span> <span class='ocrx_word' id='word_1_653' title='bbox 2750 2425 2983 2492; x_wconf 89' lang='lat' dir='ltr'><strong>malum,</strong></span> <span class='ocrx_word' id='word_1_654' title='bbox 3027 2426 3240 2497; x_wconf 91' lang='lat' dir='ltr'><strong>quando</strong></span> <span class='ocrx_word' id='word_1_655' title='bbox 3281 2427 3340 2482; x_wconf 91' lang='lat' dir='ltr'><strong>ﬁt</strong></span> <span class='ocrx_word' id='word_1_656' title='bbox 3387 2428 3454 2483; x_wconf 91' lang='lat' dir='ltr'><strong>de</strong></span> <span class='ocrx_word' id='word_1_657' title='bbox 3501 2429 3642 2483; x_wconf 89' lang='lat' dir='ltr'><strong>man</strong></span> 
     </span>
    </p>
   </div>
   <div class='ocr_carea' id='block_1_83' title="bbox 2057 2515 3646 2592">
    <p class='ocr_par' dir='ltr' id='par_1_83' title="bbox 2057 2515 3646 2592">
     <span class='ocr_line' id='line_1_84' title="bbox 2057 2515 3646 2592; baseline 0.001 -20"><span class='ocrx_word' id='word_1_658' title='bbox 2057 2515 2280 2573; x_wconf 88' lang='lat' dir='ltr'><strong>bonum.</strong></span> <span class='ocrx_word' id='word_1_659' title='bbox 2309 2516 2502 2572; x_wconf 81' lang='lat' dir='ltr'><strong>Malum</strong></span> <span class='ocrx_word' id='word_1_660' title='bbox 2533 2525 2614 2574; x_wconf 81' lang='lat' dir='ltr'><strong>est</strong></span> <span class='ocrx_word' id='word_1_661' title='bbox 2641 2518 2784 2574; x_wconf 86' lang='lat' dir='ltr'><strong>enim</strong></span> <span class='ocrx_word' id='word_1_662' title='bbox 2811 2519 2878 2574; x_wconf 92' lang='lat' dir='ltr'><strong>de</strong></span> <span class='ocrx_word' id='word_1_663' title='bbox 2907 2527 3125 2589; x_wconf 85' lang='lat' dir='ltr'><strong>peccato</strong></span> <span class='ocrx_word' id='word_1_664' title='bbox 3163 2520 3382 2576; x_wconf 88' lang='lat' dir='ltr'><strong>veniens</strong></span> <span class='ocrx_word' id='word_1_665' title='bbox 3422 2521 3646 2592; x_wconf 79' lang='lat' dir='ltr'><strong>originis</strong></span> 
     </span>
    </p>
   </div>
   <div class='ocr_carea' id='block_1_84' title="bbox 2013 2613 3648 2686">
    <p class='ocr_par' dir='ltr' id='par_1_84' title="bbox 2013 2613 3648 2686">
     <span class='ocr_line' id='line_1_85' title="bbox 2013 2613 3648 2686; baseline 0.003 -23"><span class='ocrx_word' id='word_1_666' title='bbox 2013 2653 2016 2658; x_wconf 92' lang='lat'><strong>.</strong></span> <span class='ocrx_word' id='word_1_667' title='bbox 2057 2614 2244 2668; x_wconf 76' lang='lat' dir='ltr'><strong>vitium</strong></span> <span class='ocrx_word' id='word_1_668' title='bbox 2270 2653 2286 2680; x_wconf 91' lang='lat'><strong>,</strong></span> <span class='ocrx_word' id='word_1_669' title='bbox 2336 2627 2456 2668; x_wconf 90' lang='lat' dir='ltr'><strong>cum</strong></span> <span class='ocrx_word' id='word_1_670' title='bbox 2499 2627 2607 2684; x_wconf 90' lang='lat' dir='ltr'><strong>quo</strong></span> <span class='ocrx_word' id='word_1_671' title='bbox 2648 2613 2885 2669; x_wconf 84' lang='lat' dir='ltr'><strong>nascitur</strong></span> <span class='ocrx_word' id='word_1_672' title='bbox 2929 2613 3090 2669; x_wconf 88' lang='lat' dir='ltr'><strong>homo</strong></span> <span class='ocrx_word' id='word_1_673' title='bbox 3120 2631 3134 2668; x_wconf 90' lang='lat'><strong>:</strong></span> <span class='ocrx_word' id='word_1_674' title='bbox 3165 2614 3359 2669; x_wconf 84' lang='lat' dir='ltr'><strong>bonum</strong></span> <span class='ocrx_word' id='word_1_675' title='bbox 3402 2624 3486 2670; x_wconf 89' lang='lat' dir='ltr'><strong>est</strong></span> <span class='ocrx_word' id='word_1_676' title='bbox 3511 2631 3648 2686; x_wconf 76' lang='lat' dir='ltr'><strong>opus</strong></span> 
     </span>
    </p>
   </div>
   <div class='ocr_carea' id='block_1_85' title="bbox 2041 2696 3647 2774">
    <p class='ocr_par' dir='ltr' id='par_1_85' title="bbox 2041 2696 3647 2774">
     <span class='ocr_line' id='line_1_86' title="bbox 2041 2696 3647 2774; baseline 0.004 -18"><span class='ocrx_word' id='word_1_677' title='bbox 2041 2696 2174 2768; x_wconf 64' lang='lat' dir='ltr'><strong>Dei,</strong></span> <span class='ocrx_word' id='word_1_678' title='bbox 2207 2717 2312 2758; x_wconf 92' lang='lat' dir='ltr'><strong>non</strong></span> <span class='ocrx_word' id='word_1_679' title='bbox 2339 2703 2458 2758; x_wconf 87' lang='lat' dir='ltr'><strong>sine</strong></span> <span class='ocrx_word' id='word_1_680' title='bbox 2487 2703 2662 2769; x_wconf 84' lang='lat' dir='ltr'><strong>malo;</strong></span> <span class='ocrx_word' id='word_1_681' title='bbox 2691 2703 2842 2774; x_wconf 79' lang='lat' dir='ltr'><strong>cujus</strong></span> <span class='ocrx_word' id='word_1_682' title='bbox 2882 2704 3008 2759; x_wconf 91' lang='lat' dir='ltr'><strong>mali</strong></span> <span class='ocrx_word' id='word_1_683' title='bbox 3051 2715 3229 2760; x_wconf 89' lang='lat' dir='ltr'><strong>reatus</strong></span> <span class='ocrx_word' id='word_1_684' title='bbox 3258 2721 3362 2760; x_wconf 90' lang='lat' dir='ltr'><strong>non</strong></span> <span class='ocrx_word' id='word_1_685' title='bbox 3390 2705 3647 2762; x_wconf 87' lang='lat' dir='ltr'><strong>innocen-</strong></span> 
     </span>
    </p>
   </div>
   <div class='ocr_carea' id='block_1_86' title="bbox 2058 2792 3643 2867">
    <p class='ocr_par' dir='ltr' id='par_1_86' title="bbox 2058 2792 3643 2867">
     <span class='ocr_line' id='line_1_87' title="bbox 2058 2792 3643 2867; baseline 0.003 -21"><span class='ocrx_word' id='word_1_686' title='bbox 2058 2793 2220 2855; x_wconf 88' lang='lat' dir='ltr'><strong>tibus,</strong></span> <span class='ocrx_word' id='word_1_687' title='bbox 2250 2801 2306 2846; x_wconf 79' lang='lat' dir='ltr'><strong>dt</strong></span> <span class='ocrx_word' id='word_1_688' title='bbox 2335 2792 2470 2848; x_wconf 86' lang='lat' dir='ltr'><strong>dicis</strong></span> <span class='ocrx_word' id='word_1_689' title='bbox 2489 2835 2505 2860; x_wconf 93' lang='lat'><strong>,</strong></span> <span class='ocrx_word' id='word_1_690' title='bbox 2549 2793 2643 2848; x_wconf 88' lang='lat' dir='ltr'><strong>sed</strong></span> <span class='ocrx_word' id='word_1_691' title='bbox 2671 2794 2778 2849; x_wconf 90' lang='lat' dir='ltr'><strong>reis</strong></span> <span class='ocrx_word' id='word_1_692' title='bbox 2806 2796 3130 2865; x_wconf 82' lang='lat' dir='ltr'><strong>imputatur;</strong></span> <span class='ocrx_word' id='word_1_693' title='bbox 3166 2805 3222 2850; x_wconf 94' lang='lat' dir='ltr'><strong>ut</strong></span> <span class='ocrx_word' id='word_1_694' title='bbox 3248 2797 3500 2867; x_wconf 91' lang='lat' dir='ltr'><strong>quoniam</strong></span> <span class='ocrx_word' id='word_1_695' title='bbox 3545 2812 3643 2852; x_wconf 89' lang='lat' dir='ltr'><strong>na-</strong></span> 
     </span>
    </p>
   </div>
   <div class='ocr_carea' id='block_1_87' title="bbox 2058 2881 3643 2955">
    <p class='ocr_par' dir='ltr' id='par_1_87' title="bbox 2058 2881 3643 2955">
     <span class='ocr_line' id='line_1_88' title="bbox 2058 2881 3643 2955; baseline 0.004 -19"><span class='ocrx_word' id='word_1_696' title='bbox 2058 2881 2256 2938; x_wconf 85' lang='lat' dir='ltr'><strong>scendo</strong></span> <span class='ocrx_word' id='word_1_697' title='bbox 2286 2891 2512 2938; x_wconf 88' lang='lat' dir='ltr'><strong>tractum</strong></span> <span class='ocrx_word' id='word_1_698' title='bbox 2541 2893 2656 2950; x_wconf 90' lang='lat' dir='ltr'><strong>est,</strong></span> <span class='ocrx_word' id='word_1_699' title='bbox 2701 2885 3032 2955; x_wconf 84' lang='lat' dir='ltr'><strong>renascendo</strong></span> <span class='ocrx_word' id='word_1_700' title='bbox 3075 2887 3332 2942; x_wconf 82' lang='lat' dir='ltr'><strong>solvatur.</strong></span> <span class='ocrx_word' id='word_1_701' title='bbox 3384 2887 3474 2943; x_wconf 89' lang='lat' dir='ltr'><strong>Sic</strong></span> <span class='ocrx_word' id='word_1_702' title='bbox 3501 2894 3643 2943; x_wconf 89' lang='lat' dir='ltr'><strong>enim</strong></span> 
     </span>
    </p>
   </div>
   <div class='ocr_carea' id='block_1_88' title="bbox 2057 2955 3646 3048">
    <p class='ocr_par' dir='ltr' id='par_1_88' title="bbox 2057 2955 3646 3048">
     <span class='ocr_line' id='line_1_89' title="bbox 2057 2955 3646 3048; baseline 0.006 -22"><span class='ocrx_word' id='word_1_703' title='bbox 2057 2971 2273 3027; x_wconf 86' lang='lat' dir='ltr'><strong>fuerunt</strong></span> <span class='ocrx_word' id='word_1_704' title='bbox 2309 2987 2496 3028; x_wconf 85' lang='lat' dir='ltr'><strong>omnes</strong></span> <span class='ocrx_word' id='word_1_705' title='bbox 2554 2974 2760 3030; x_wconf 89' lang='lat' dir='ltr'><strong>ratione</strong></span> <span class='ocrx_word' id='word_1_706' title='bbox 2811 2955 3032 3036; x_wconf 65' lang='lat' dir='ltr'><strong>seminis</strong></span> <span class='ocrx_word' id='word_1_707' title='bbox 3083 2976 3135 3030; x_wconf 90' lang='lat' dir='ltr'><strong>in</strong></span> <span class='ocrx_word' id='word_1_708' title='bbox 3192 2977 3386 3031; x_wconf 89' lang='lat' dir='ltr'><strong>lumbis</strong></span> <span class='ocrx_word' id='word_1_709' title='bbox 3434 2979 3646 3048; x_wconf 81' lang='lat' dir='ltr'><strong>Adam,</strong></span> 
     </span>
    </p>
   </div>
   <div class='ocr_carea' id='block_1_89' title="bbox 2057 3059 3646 3132">
    <p class='ocr_par' dir='ltr' id='par_1_89' title="bbox 2057 3059 3646 3132">
     <span class='ocr_line' id='line_1_90' title="bbox 2057 3059 3646 3132; baseline 0.004 -15"><span class='ocrx_word' id='word_1_710' title='bbox 2057 3061 2270 3132; x_wconf 86' lang='lat' dir='ltr'><strong>quando</strong></span> <span class='ocrx_word' id='word_1_711' title='bbox 2298 3061 2579 3117; x_wconf 87' lang='lat' dir='ltr'><strong>damnatus</strong></span> <span class='ocrx_word' id='word_1_712' title='bbox 2607 3073 2688 3118; x_wconf 88' lang='lat' dir='ltr'><strong>est</strong></span> <span class='ocrx_word' id='word_1_713' title='bbox 2709 3105 2726 3130; x_wconf 92' lang='lat'><strong>,</strong></span> <span class='ocrx_word' id='word_1_714' title='bbox 2757 3059 2951 3120; x_wconf 44' lang='lat' dir='ltr'><strong>et&#39;ideo</strong></span> <span class='ocrx_word' id='word_1_715' title='bbox 2973 3066 3091 3120; x_wconf 89' lang='lat' dir='ltr'><strong>sine</strong></span> <span class='ocrx_word' id='word_1_716' title='bbox 3113 3066 3218 3120; x_wconf 93' lang='lat' dir='ltr'><strong>illis</strong></span> <span class='ocrx_word' id='word_1_717' title='bbox 3236 3067 3515 3124; x_wconf 86' lang='lat' dir='ltr'><strong>damnatus</strong></span> <span class='ocrx_word' id='word_1_718' title='bbox 3541 3087 3646 3124; x_wconf 91' lang='lat' dir='ltr'><strong>nou</strong></span> 
     </span>
    </p>
   </div>
   <div class='ocr_carea' id='block_1_90' title="bbox 2058 3152 3648 3222">
    <p class='ocr_par' dir='ltr' id='par_1_90' title="bbox 2058 3152 3648 3222">
     <span class='ocr_line' id='line_1_91' title="bbox 2058 3152 3648 3222; baseline 0.005 -16"><span class='ocrx_word' id='word_1_719' title='bbox 2058 3159 2186 3218; x_wconf 89' lang='lat' dir='ltr'><strong>est;</strong></span> <span class='ocrx_word' id='word_1_720' title='bbox 2243 3152 2690 3222; x_wconf 88' lang='lat' dir='ltr'><strong>quemadmodum</strong></span> <span class='ocrx_word' id='word_1_721' title='bbox 2758 3155 2969 3211; x_wconf 87' lang='lat' dir='ltr'><strong>fuerunt</strong></span> <span class='ocrx_word' id='word_1_722' title='bbox 3022 3155 3273 3213; x_wconf 60' lang='lat' dir='ltr'><strong>Israelita:</strong></span> <span class='ocrx_word' id='word_1_723' title='bbox 3331 3161 3384 3214; x_wconf 92' lang='lat' dir='ltr'><strong>in</strong></span> <span class='ocrx_word' id='word_1_724' title='bbox 3453 3160 3648 3220; x_wconf 78' lang='lat' dir='ltr'><strong>lumbis</strong></span> 
     </span>
    </p>
   </div>
   <div class='ocr_carea' id='block_1_91' title="bbox 2057 3247 3646 3318">
    <p class='ocr_par' dir='ltr' id='par_1_91' title="bbox 2057 3247 3646 3318">
     <span class='ocr_line' id='line_1_92' title="bbox 2057 3247 3646 3318; baseline 0.005 -16"><span class='ocrx_word' id='word_1_725' title='bbox 2057 3247 2308 3312; x_wconf 64' lang='lat' dir='ltr'><strong>Abrahae,</strong></span> <span class='ocrx_word' id='word_1_726' title='bbox 2338 3247 2550 3318; x_wconf 88' lang='lat' dir='ltr'><strong>quando</strong></span> <span class='ocrx_word' id='word_1_727' title='bbox 2579 3247 2874 3303; x_wconf 84' lang='lat' dir='ltr'><strong>decimatas</strong></span> <span class='ocrx_word' id='word_1_728' title='bbox 2900 3258 2984 3305; x_wconf 87' lang='lat' dir='ltr'><strong>est</strong></span> <span class='ocrx_word' id='word_1_729' title='bbox 3002 3292 3018 3317; x_wconf 93' lang='lat'><strong>,</strong></span> <span class='ocrx_word' id='word_1_730' title='bbox 3049 3259 3102 3304; x_wconf 91' lang='lat' dir='ltr'><strong>et</strong></span> <span class='ocrx_word' id='word_1_731' title='bbox 3133 3251 3252 3306; x_wconf 90' lang='lat' dir='ltr'><strong>ideo</strong></span> <span class='ocrx_word' id='word_1_732' title='bbox 3278 3253 3394 3308; x_wconf 84' lang='lat' dir='ltr'><strong>sine</strong></span> <span class='ocrx_word' id='word_1_733' title='bbox 3423 3253 3525 3306; x_wconf 91' lang='lat' dir='ltr'><strong>illis</strong></span> <span class='ocrx_word' id='word_1_734' title='bbox 3548 3253 3646 3310; x_wconf 76' lang='lat' dir='ltr'><strong>dc-</strong></span> 
     </span>
    </p>
   </div>
   <div class='ocr_carea' id='block_1_92' title="bbox 2057 3335 3644 3414">
    <p class='ocr_par' dir='ltr' id='par_1_92' title="bbox 2057 3335 3644 3414">
     <span class='ocr_line' id='line_1_93' title="bbox 2057 3335 3644 3414; baseline 0.004 -23"><span class='ocrx_word' id='word_1_735' title='bbox 2057 3336 2283 3392; x_wconf 87' lang='lat' dir='ltr'><strong>cimatus</strong></span> <span class='ocrx_word' id='word_1_736' title='bbox 2306 3351 2413 3392; x_wconf 91' lang='lat' dir='ltr'><strong>non</strong></span> <span class='ocrx_word' id='word_1_737' title='bbox 2438 3345 2523 3394; x_wconf 86' lang='lat' dir='ltr'><strong>est</strong></span> <span class='ocrx_word' id='word_1_738' title='bbox 2550 3335 2732 3410; x_wconf 80' lang='lat' dir='ltr'><strong>(Hebr.</strong></span> <span class='ocrx_word' id='word_1_739' title='bbox 2765 3353 2870 3403; x_wconf 88' lang='lat' dir='ltr'><strong>vn,</strong></span> <span class='ocrx_word' id='word_1_740' title='bbox 2907 3339 3080 3414; x_wconf 70' lang='lat'><strong>5-10).</strong></span> <span class='ocrx_word' id='word_1_741' title='bbox 3110 3341 3296 3396; x_wconf 80' lang='lat' dir='ltr'><strong>Melius</strong></span> <span class='ocrx_word' id='word_1_742' title='bbox 3317 3343 3458 3398; x_wconf 90' lang='lat' dir='ltr'><strong>enim</strong></span> <span class='ocrx_word' id='word_1_743' title='bbox 3485 3359 3644 3414; x_wconf 87' lang='lat' dir='ltr'><strong>quam</strong></span> 
     </span>
    </p>
   </div>
   <div class='ocr_carea' id='block_1_93' title="bbox 2060 3429 3648 3502">
    <p class='ocr_par' dir='ltr' id='par_1_93' title="bbox 2060 3429 3648 3502">
     <span class='ocr_line' id='line_1_94' title="bbox 2060 3429 3648 3502; baseline 0.006 -20"><span class='ocrx_word' id='word_1_744' title='bbox 2060 3435 2136 3493; x_wconf 92' lang='lat' dir='ltr'><strong>tu,</strong></span> <span class='ocrx_word' id='word_1_745' title='bbox 2169 3436 2428 3483; x_wconf 87' lang='lat' dir='ltr'><strong>noverant</strong></span> <span class='ocrx_word' id='word_1_746' title='bbox 2455 3429 2714 3484; x_wconf 89' lang='lat' dir='ltr'><strong>rationem</strong></span> <span class='ocrx_word' id='word_1_747' title='bbox 2741 3431 2959 3486; x_wconf 87' lang='lat' dir='ltr'><strong>seminis</strong></span> <span class='ocrx_word' id='word_1_748' title='bbox 2985 3473 3000 3498; x_wconf 97' lang='lat'><strong>,</strong></span> <span class='ocrx_word' id='word_1_749' title='bbox 3026 3433 3115 3502; x_wconf 93' lang='lat' dir='ltr'><strong>qui</strong></span> <span class='ocrx_word' id='word_1_750' title='bbox 3148 3434 3244 3488; x_wconf 90' lang='lat' dir='ltr'><strong>ista</strong></span> <span class='ocrx_word' id='word_1_751' title='bbox 3271 3433 3518 3488; x_wconf 86' lang='lat' dir='ltr'><strong>dixerunt</strong></span> <span class='ocrx_word' id='word_1_752' title='bbox 3543 3475 3560 3501; x_wconf 91' lang='lat'><strong>,</strong></span> <span class='ocrx_word' id='word_1_753' title='bbox 3593 3449 3648 3492; x_wconf 91' lang='lat' dir='ltr'><strong>et</strong></span> 
     </span>
    </p>
   </div>
   <div class='ocr_carea' id='block_1_94' title="bbox 2057 3517 3646 3592">
    <p class='ocr_par' dir='ltr' id='par_1_94' title="bbox 2057 3517 3646 3592">
     <span class='ocr_line' id='line_1_95' title="bbox 2057 3517 3646 3592; baseline 0.005 -18"><span class='ocrx_word' id='word_1_754' title='bbox 2057 3517 2250 3575; x_wconf 85' lang='lat' dir='ltr'><strong>litteris</strong></span> <span class='ocrx_word' id='word_1_755' title='bbox 2285 3518 2542 3575; x_wconf 89' lang='lat' dir='ltr'><strong>mandare</strong></span> <span class='ocrx_word' id='word_1_756' title='bbox 2583 3530 2872 3589; x_wconf 90' lang='lat' dir='ltr'><strong>curarunt,</strong></span> <span class='ocrx_word' id='word_1_757' title='bbox 2916 3539 3036 3592; x_wconf 70' lang='lat' dir='ltr'><strong>qua:</strong></span> <span class='ocrx_word' id='word_1_758' title='bbox 3083 3524 3134 3578; x_wconf 93' lang='lat' dir='ltr'><strong>iu</strong></span> <span class='ocrx_word' id='word_1_759' title='bbox 3170 3523 3365 3580; x_wconf 85' lang='lat' dir='ltr'><strong>Christi</strong></span> <span class='ocrx_word' id='word_1_760' title='bbox 3409 3526 3646 3582; x_wconf 72' lang='lat' dir='ltr'><strong>Ecclesia</strong></span> 
     </span>
    </p>
   </div>
   <div class='ocr_carea' id='block_1_95' title="bbox 2059 3611 3648 3684">
    <p class='ocr_par' dir='ltr' id='par_1_95' title="bbox 2059 3611 3648 3684">
     <span class='ocr_line' id='line_1_96' title="bbox 2059 3611 3648 3684; baseline 0.006 -18"><span class='ocrx_word' id='word_1_761' title='bbox 2059 3611 2364 3683; x_wconf 86' lang='lat' dir='ltr'><strong>legerentur</strong></span> <span class='ocrx_word' id='word_1_762' title='bbox 2385 3654 2401 3679; x_wconf 94' lang='lat'><strong>,</strong></span> <span class='ocrx_word' id='word_1_763' title='bbox 2433 3612 2486 3668; x_wconf 91' lang='lat' dir='ltr'><strong>in</strong></span> <span class='ocrx_word' id='word_1_764' title='bbox 2516 3627 2618 3684; x_wconf 89' lang='lat' dir='ltr'><strong>qua</strong></span> <span class='ocrx_word' id='word_1_765' title='bbox 2649 3613 2670 3644; x_wconf 79' lang='grc'>⁸</span> <span class='ocrx_word' id='word_1_766' title='bbox 2702 3626 3053 3670; x_wconf 88' lang='lat' dir='ltr'><strong>renascuntur</strong></span> <span class='ocrx_word' id='word_1_767' title='bbox 3079 3633 3142 3672; x_wconf 75' lang='lat' dir='ltr'><strong>ex</strong></span> <span class='ocrx_word' id='word_1_768' title='bbox 3178 3619 3342 3674; x_wconf 80' lang='lat' dir='ltr'><strong>Adam</strong></span> <span class='ocrx_word' id='word_1_769' title='bbox 3384 3621 3490 3675; x_wconf 88' lang='lat' dir='ltr'><strong>nati</strong></span> <span class='ocrx_word' id='word_1_770' title='bbox 3514 3663 3528 3684; x_wconf 92' lang='lat'><strong>,</strong></span> <span class='ocrx_word' id='word_1_771' title='bbox 3581 3638 3648 3675; x_wconf 88' lang='lat' dir='ltr'><strong>ne</strong></span> 
     </span>
    </p>
   </div>
   <div class='ocr_carea' id='block_1_96' title="bbox 2059 3705 3050 3778">
    <p class='ocr_par' dir='ltr' id='par_1_96' title="bbox 2059 3705 3050 3778">
     <span class='ocr_line' id='line_1_97' title="bbox 2059 3705 3050 3778; baseline 0.004 -21"><span class='ocrx_word' id='word_1_772' title='bbox 2059 3713 2372 3759; x_wconf 87' lang='lat' dir='ltr'><strong>remaneant</strong></span> <span class='ocrx_word' id='word_1_773' title='bbox 2399 3705 2450 3760; x_wconf 90' lang='lat' dir='ltr'><strong>in</strong></span> <span class='ocrx_word' id='word_1_774' title='bbox 2483 3706 2572 3761; x_wconf 89' lang='lat' dir='ltr'><strong>illa</strong></span> <span class='ocrx_word' id='word_1_775' title='bbox 2600 3709 2767 3778; x_wconf 91' lang='lat' dir='ltr'><strong>stirpe</strong></span> <span class='ocrx_word' id='word_1_776' title='bbox 2793 3708 3050 3764; x_wconf 90' lang='lat' dir='ltr'><strong>damnati.</strong></span> 
     </span>
    </p>
   </div>
   <div class='ocr_carea' id='block_1_97' title="bbox 2132 3793 3644 3874">
    <p class='ocr_par' dir='ltr' id='par_1_97' title="bbox 2132 3793 3644 3874">
     <span class='ocr_line' id='line_1_98' title="bbox 2132 3793 3644 3874; baseline 0.009 -26"><span class='ocrx_word' id='word_1_777' title='bbox 2132 3793 2270 3850; x_wconf 80' lang='lat' dir='ltr'><strong>Xlll.</strong></span> <span class='ocrx_word' id='word_1_778' title='bbox 2284 3795 2404 3851; x_wconf 71' lang='lat' dir='ltr'><strong>Jun.</strong></span> <span class='ocrx_word' id='word_1_779' title='bbox 2418 3795 2606 3853; x_wconf 87' lang='lat' dir='ltr'><strong>Libido</strong></span> <span class='ocrx_word' id='word_1_780' title='bbox 2633 3799 2984 3865; x_wconf 90' lang='lat' dir='ltr'><strong>nihilattinet,</strong></span> <span class='ocrx_word' id='word_1_781' title='bbox 3001 3801 3189 3872; x_wconf 88' lang='lat' dir='ltr'><strong>inquit,</strong></span> <span class='ocrx_word' id='word_1_782' title='bbox 3205 3803 3268 3857; x_wconf 90' lang='lat' dir='ltr'><strong>ad</strong></span> <span class='ocrx_word' id='word_1_783' title='bbox 3283 3804 3507 3870; x_wconf 88' lang='lat' dir='ltr'><strong>semina,</strong></span> <span class='ocrx_word' id='word_1_784' title='bbox 3521 3808 3644 3874; x_wconf 82' lang='lat' dir='ltr'><strong>quia</strong></span> 
     </span>
    </p>
   </div>
   <div class='ocr_carea' id='block_1_98' title="bbox 2059 3881 3650 3968">
    <p class='ocr_par' dir='ltr' id='par_1_98' title="bbox 2059 3881 3650 3968">
     <span class='ocr_line' id='line_1_99' title="bbox 2059 3881 3650 3968; baseline 0.009 -30"><span class='ocrx_word' id='word_1_785' title='bbox 2059 3881 2198 3940; x_wconf 84' lang='lat' dir='ltr'><strong>iacta</strong></span> <span class='ocrx_word' id='word_1_786' title='bbox 2225 3895 2308 3941; x_wconf 90' lang='lat' dir='ltr'><strong>est</strong></span> <span class='ocrx_word' id='word_1_787' title='bbox 2333 3902 2361 3940; x_wconf 91' lang='lat' dir='ltr'><strong>a</strong></span> <span class='ocrx_word' id='word_1_788' title='bbox 2379 3887 2592 3945; x_wconf 72' lang='lat' dir='ltr'><strong>diabolo</strong></span> <span class='ocrx_word' id='word_1_789' title='bbox 2608 3909 2620 3944; x_wconf 87' lang='lat'><strong>:</strong></span> <span class='ocrx_word' id='word_1_790' title='bbox 2638 3889 2762 3947; x_wconf 89' lang='lat' dir='ltr'><strong>huic</strong></span> <span class='ocrx_word' id='word_1_791' title='bbox 2775 3901 2950 3946; x_wconf 90' lang='lat' dir='ltr'><strong>autem</strong></span> <span class='ocrx_word' id='word_1_792' title='bbox 2969 3892 3168 3948; x_wconf 90' lang='lat' dir='ltr'><strong>libidini</strong></span> <span class='ocrx_word' id='word_1_793' title='bbox 3201 3895 3440 3951; x_wconf 86' lang='lat' dir='ltr'><strong>serviunt</strong></span> <span class='ocrx_word' id='word_1_794' title='bbox 3459 3896 3650 3968; x_wconf 76' lang='lat' dir='ltr'><strong>conju-</strong></span> 
     </span>
    </p>
   </div>
   <div class='ocr_carea' id='block_1_99' title="bbox 2059 3979 3646 4053">
    <p class='ocr_par' dir='ltr' id='par_1_99' title="bbox 2059 3979 3646 4053">
     <span class='ocr_line' id='line_1_100' title="bbox 2059 3979 3646 4053; baseline 0.009 -21"><span class='ocrx_word' id='word_1_795' title='bbox 2059 3992 2172 4047; x_wconf 85' lang='lat' dir='ltr'><strong>ges;</strong></span> <span class='ocrx_word' id='word_1_796' title='bbox 2187 3979 2390 4034; x_wconf 88' lang='lat' dir='ltr'><strong>semina</strong></span> <span class='ocrx_word' id='word_1_797' title='bbox 2404 3992 2580 4036; x_wconf 90' lang='lat' dir='ltr'><strong>autem</strong></span> <span class='ocrx_word' id='word_1_798' title='bbox 2607 3992 2662 4038; x_wconf 91' lang='lat' dir='ltr'><strong>et</strong></span> <span class='ocrx_word' id='word_1_799' title='bbox 2678 3984 2928 4053; x_wconf 88' lang='lat' dir='ltr'><strong>parvulos</strong></span> <span class='ocrx_word' id='word_1_800' title='bbox 2947 3985 3014 4042; x_wconf 92' lang='lat' dir='ltr'><strong>de</strong></span> <span class='ocrx_word' id='word_1_801' title='bbox 3030 3988 3323 4044; x_wconf 90' lang='lat' dir='ltr'><strong>seminibus</strong></span> <span class='ocrx_word' id='word_1_802' title='bbox 3343 3989 3466 4045; x_wconf 84' lang='lat' dir='ltr'><strong>iacit</strong></span> <span class='ocrx_word' id='word_1_803' title='bbox 3484 3989 3646 4047; x_wconf 91' lang='lat' dir='ltr'><strong>Deus.</strong></span> 
     </span>
    </p>
   </div>
   <div class='ocr_carea' id='block_1_100' title="bbox 2059 4068 3649 4156">
    <p class='ocr_par' dir='ltr' id='par_1_100' title="bbox 2059 4068 3649 4156">
     <span class='ocr_line' id='line_1_101' title="bbox 2059 4068 3649 4156; baseline 0.011 -34"><span class='ocrx_word' id='word_1_804' title='bbox 2059 4068 2162 4123; x_wconf 87' lang='lat' dir='ltr'><strong>Sed</strong></span> <span class='ocrx_word' id='word_1_805' title='bbox 2185 4085 2286 4126; x_wconf 90' lang='lat' dir='ltr'><strong>nec</strong></span> <span class='ocrx_word' id='word_1_806' title='bbox 2310 4072 2385 4126; x_wconf 89' lang='lat' dir='ltr'><strong>rei</strong></span> <span class='ocrx_word' id='word_1_807' title='bbox 2408 4080 2552 4138; x_wconf 87' lang='lat' dir='ltr'><strong>sunt,</strong></span> <span class='ocrx_word' id='word_1_808' title='bbox 2579 4074 2766 4145; x_wconf 89' lang='lat' dir='ltr'><strong>inquit,</strong></span> <span class='ocrx_word' id='word_1_809' title='bbox 2801 4091 2900 4132; x_wconf 86' lang='lat' dir='ltr'><strong>nec</strong></span> <span class='ocrx_word' id='word_1_810' title='bbox 2942 4079 3233 4148; x_wconf 90' lang='lat' dir='ltr'><strong>puniuntur</strong></span> <span class='ocrx_word' id='word_1_811' title='bbox 3256 4093 3527 4151; x_wconf 85' lang='lat' dir='ltr'><strong>parentes,</strong></span> <span class='ocrx_word' id='word_1_812' title='bbox 3557 4087 3649 4156; x_wconf 91' lang='lat' dir='ltr'><strong>qui</strong></span> 
     </span>
    </p>
   </div>
   <div class='ocr_carea' id='block_1_101' title="bbox 2058 4161 3648 4242">
    <p class='ocr_par' dir='ltr' id='par_1_101' title="bbox 2058 4161 3648 4242">
     <span class='ocr_line' id='line_1_102' title="bbox 2058 4161 3648 4242; baseline 0.01 -30"><span class='ocrx_word' id='word_1_813' title='bbox 2058 4169 2219 4229; x_wconf 86' lang='lat' dir='ltr'><strong>agunt</strong></span> <span class='ocrx_word' id='word_1_814' title='bbox 2246 4175 2379 4230; x_wconf 87' lang='lat' dir='ltr'><strong>opus</strong></span> <span class='ocrx_word' id='word_1_815' title='bbox 2407 4161 2604 4219; x_wconf 91' lang='lat' dir='ltr'><strong>diaboli</strong></span> <span class='ocrx_word' id='word_1_816' title='bbox 2636 4183 2650 4220; x_wconf 90' lang='lat'><strong>:</strong></span> <span class='ocrx_word' id='word_1_817' title='bbox 2681 4165 2868 4221; x_wconf 91' lang='lat' dir='ltr'><strong>sceleri</strong></span> <span class='ocrx_word' id='word_1_818' title='bbox 2900 4177 3078 4223; x_wconf 89' lang='lat' dir='ltr'><strong>autem</strong></span> <span class='ocrx_word' id='word_1_819' title='bbox 3108 4180 3162 4224; x_wconf 91' lang='lat' dir='ltr'><strong>et</strong></span> <span class='ocrx_word' id='word_1_820' title='bbox 3183 4171 3457 4242; x_wconf 88' lang='lat' dir='ltr'><strong>suppliciis</strong></span> <span class='ocrx_word' id='word_1_821' title='bbox 3481 4175 3648 4230; x_wconf 83' lang='lat' dir='ltr'><strong>desti-</strong></span> 
     </span>
    </p>
   </div>
   <div class='ocr_carea' id='block_1_102' title="bbox 2059 4255 3649 4339">
    <p class='ocr_par' dir='ltr' id='par_1_102' title="bbox 2059 4255 3649 4339">
     <span class='ocr_line' id='line_1_103' title="bbox 2059 4255 3649 4339; baseline 0.011 -33"><span class='ocrx_word' id='word_1_822' title='bbox 2059 4263 2255 4308; x_wconf 91' lang='lat' dir='ltr'><strong>nantur</strong></span> <span class='ocrx_word' id='word_1_823' title='bbox 2285 4255 2511 4324; x_wconf 84' lang='lat' dir='ltr'><strong>parvuli,</strong></span> <span class='ocrx_word' id='word_1_824' title='bbox 2540 4272 2675 4326; x_wconf 92' lang='lat' dir='ltr'><strong>quos</strong></span> <span class='ocrx_word' id='word_1_825' title='bbox 2713 4259 2951 4314; x_wconf 89' lang='lat' dir='ltr'><strong>condidit</strong></span> <span class='ocrx_word' id='word_1_826' title='bbox 2995 4261 3170 4328; x_wconf 88' lang='lat' dir='ltr'><strong>Deus;</strong></span> <span class='ocrx_word' id='word_1_827' title='bbox 3222 4263 3649 4339; x_wconf 84' lang='lat' dir='ltr'><strong>impunitumque</strong></span> 
     </span>
    </p>
   </div>
   <div class='ocr_carea' id='block_1_103' title="bbox 2058 4346 3645 4428">
    <p class='ocr_par' dir='ltr' id='par_1_103' title="bbox 2058 4346 3645 4428">
     <span class='ocr_line' id='line_1_104' title="bbox 2058 4346 3645 4428; baseline 0.011 -28"><span class='ocrx_word' id='word_1_828' title='bbox 2058 4355 2142 4400; x_wconf 90' lang='lat' dir='ltr'><strong>est</strong></span> <span class='ocrx_word' id='word_1_829' title='bbox 2169 4346 2307 4416; x_wconf 89' lang='lat' dir='ltr'><strong>quod</strong></span> <span class='ocrx_word' id='word_1_830' title='bbox 2337 4347 2458 4403; x_wconf 90' lang='lat' dir='ltr'><strong>fecit</strong></span> <span class='ocrx_word' id='word_1_831' title='bbox 2481 4348 2745 4418; x_wconf 88' lang='lat' dir='ltr'><strong>diabolus,</strong></span> <span class='ocrx_word' id='word_1_832' title='bbox 2769 4350 2819 4406; x_wconf 93' lang='lat' dir='ltr'><strong>id</strong></span> <span class='ocrx_word' id='word_1_833' title='bbox 2848 4363 2928 4408; x_wconf 91' lang='lat' dir='ltr'><strong>est</strong></span> <span class='ocrx_word' id='word_1_834' title='bbox 2956 4353 3156 4420; x_wconf 83' lang='lat' dir='ltr'><strong>libido;</strong></span> <span class='ocrx_word' id='word_1_835' title='bbox 3191 4371 3287 4426; x_wconf 85' lang='lat' dir='ltr'><strong>per</strong></span> <span class='ocrx_word' id='word_1_836' title='bbox 3312 4358 3453 4428; x_wconf 90' lang='lat' dir='ltr'><strong>quod</strong></span> <span class='ocrx_word' id='word_1_837' title='bbox 3477 4359 3645 4416; x_wconf 80' lang='lat' dir='ltr'><strong>doce-</strong></span> 
     </span>
    </p>
   </div>
   <div class='ocr_carea' id='block_1_104' title="bbox 2060 4437 3652 4513">
    <p class='ocr_par' dir='ltr' id='par_1_104' title="bbox 2060 4437 3652 4513">
     <span class='ocr_line' id='line_1_105' title="bbox 2060 4437 3652 4513; baseline 0.01 -21"><span class='ocrx_word' id='word_1_838' title='bbox 2060 4445 2147 4493; x_wconf 92' lang='lat' dir='ltr'><strong>tur</strong></span> <span class='ocrx_word' id='word_1_839' title='bbox 2173 4437 2328 4506; x_wconf 90' lang='lat' dir='ltr'><strong>bona,</strong></span> <span class='ocrx_word' id='word_1_840' title='bbox 2344 4455 2462 4510; x_wconf 64' lang='lat' dir='ltr'><strong>quae</strong></span> <span class='ocrx_word' id='word_1_841' title='bbox 2488 4455 2586 4496; x_wconf 92' lang='lat' dir='ltr'><strong>nec</strong></span> <span class='ocrx_word' id='word_1_842' title='bbox 2611 4442 2927 4513; x_wconf 85' lang='lat' dir='ltr'><strong>supplicium</strong></span> <span class='ocrx_word' id='word_1_843' title='bbox 2954 4457 3224 4502; x_wconf 90' lang='lat' dir='ltr'><strong>meretur:</strong></span> <span class='ocrx_word' id='word_1_844' title='bbox 3253 4449 3347 4505; x_wconf 85' lang='lat' dir='ltr'><strong>sed</strong></span> <span class='ocrx_word' id='word_1_845' title='bbox 3370 4462 3652 4508; x_wconf 84' lang='lat' dir='ltr'><strong>accusatur</strong></span> 
     </span>
    </p>
   </div>
   <div class='ocr_carea' id='block_1_105' title="bbox 2058 4528 3650 4608">
    <p class='ocr_par' dir='ltr' id='par_1_105' title="bbox 2058 4528 3650 4608">
     <span class='ocr_line' id='line_1_106' title="bbox 2058 4528 3650 4608; baseline 0.011 -24"><span class='ocrx_word' id='word_1_846' title='bbox 2058 4528 2444 4601; x_wconf 89' lang='lat' dir='ltr'><strong>damuaturque</strong></span> <span class='ocrx_word' id='word_1_847' title='bbox 2463 4531 2604 4603; x_wconf 90' lang='lat' dir='ltr'><strong>quod</strong></span> <span class='ocrx_word' id='word_1_848' title='bbox 2630 4533 2753 4588; x_wconf 85' lang='lat' dir='ltr'><strong>facit</strong></span> <span class='ocrx_word' id='word_1_849' title='bbox 2781 4534 2946 4598; x_wconf 86' lang='lat' dir='ltr'><strong>Deus;</strong></span> <span class='ocrx_word' id='word_1_850' title='bbox 2980 4552 3076 4606; x_wconf 91' lang='lat' dir='ltr'><strong>per</strong></span> <span class='ocrx_word' id='word_1_851' title='bbox 3100 4538 3240 4608; x_wconf 88' lang='lat' dir='ltr'><strong>quod</strong></span> <span class='ocrx_word' id='word_1_852' title='bbox 3279 4539 3503 4598; x_wconf 83' lang='lat' dir='ltr'><strong>docetur</strong></span> <span class='ocrx_word' id='word_1_853' title='bbox 3526 4559 3650 4600; x_wconf 77' lang='lat' dir='ltr'><strong>esse</strong></span> 
     </span>
    </p>
   </div>
   <div class='ocr_carea' id='block_1_106' title="bbox 2058 4622 3646 4697">
    <p class='ocr_par' dir='ltr' id='par_1_106' title="bbox 2058 4622 3646 4697">
     <span class='ocr_line' id='line_1_107' title="bbox 2058 4622 3646 4697; baseline 0.007 -19"><span class='ocrx_word' id='word_1_854' title='bbox 2058 4622 2366 4682; x_wconf 87' lang='lat' dir='ltr'><strong>scelestum,</strong></span> <span class='ocrx_word' id='word_1_855' title='bbox 2390 4623 2586 4694; x_wconf 87' lang='lat' dir='ltr'><strong>quippe</strong></span> <span class='ocrx_word' id='word_1_856' title='bbox 2626 4625 2767 4696; x_wconf 89' lang='lat' dir='ltr'><strong>quod</strong></span> <span class='ocrx_word' id='word_1_857' title='bbox 2793 4641 2822 4680; x_wconf 91' lang='lat' dir='ltr'><strong>a</strong></span> <span class='ocrx_word' id='word_1_858' title='bbox 2851 4628 3132 4697; x_wconf 87' lang='lat' dir='ltr'><strong>supplicio,</strong></span> <span class='ocrx_word' id='word_1_859' title='bbox 3175 4644 3274 4684; x_wconf 90' lang='lat' dir='ltr'><strong>nec</strong></span> <span class='ocrx_word' id='word_1_860' title='bbox 3311 4634 3545 4688; x_wconf 84' lang='lat' dir='ltr'><strong>auctoris</strong></span> <span class='ocrx_word' id='word_1_861' title='bbox 3563 4636 3646 4689; x_wconf 91' lang='lat' dir='ltr'><strong>sui</strong></span> 
     </span>
    </p>
   </div>
   <div class='ocr_carea' id='block_1_107' title="bbox 2059 4715 3649 4790">
    <p class='ocr_par' dir='ltr' id='par_1_107' title="bbox 2059 4715 3649 4790">
     <span class='ocr_line' id='line_1_108' title="bbox 2059 4715 3649 4790; baseline 0.009 -25"><span class='ocrx_word' id='word_1_862' title='bbox 2059 4723 2236 4784; x_wconf 89' lang='lat' dir='ltr'><strong>potest</strong></span> <span class='ocrx_word' id='word_1_863' title='bbox 2285 4715 2486 4784; x_wconf 86' lang='lat' dir='ltr'><strong>pudore</strong></span> <span class='ocrx_word' id='word_1_864' title='bbox 2514 4715 2754 4783; x_wconf 87' lang='lat' dir='ltr'><strong>defendi;</strong></span> <span class='ocrx_word' id='word_1_865' title='bbox 2786 4718 3140 4790; x_wconf 88' lang='lat' dir='ltr'><strong>credaturque</strong></span> <span class='ocrx_word' id='word_1_866' title='bbox 3170 4719 3270 4776; x_wconf 90' lang='lat' dir='ltr'><strong>hoc</strong></span> <span class='ocrx_word' id='word_1_867' title='bbox 3295 4722 3542 4779; x_wconf 92' lang='lat' dir='ltr'><strong>divinitas</strong></span> <span class='ocrx_word' id='word_1_868' title='bbox 3572 4726 3649 4780; x_wconf 73' lang='lat' dir='ltr'><strong>fa-</strong></span> 
     </span>
    </p>
   </div>
   <div class='ocr_carea' id='block_1_108' title="bbox 2059 4808 3645 4884">
    <p class='ocr_par' dir='ltr' id='par_1_108' title="bbox 2059 4808 3645 4884">
     <span class='ocr_line' id='line_1_109' title="bbox 2059 4808 3645 4884; baseline 0.008 -24"><span class='ocrx_word' id='word_1_869' title='bbox 2059 4821 2200 4871; x_wconf 90' lang='lat' dir='ltr'><strong>cere,</strong></span> <span class='ocrx_word' id='word_1_870' title='bbox 2227 4808 2368 4878; x_wconf 88' lang='lat' dir='ltr'><strong>quod</strong></span> <span class='ocrx_word' id='word_1_871' title='bbox 2407 4822 2507 4862; x_wconf 90' lang='lat' dir='ltr'><strong>nec</strong></span> <span class='ocrx_word' id='word_1_872' title='bbox 2545 4817 2782 4863; x_wconf 87' lang='lat' dir='ltr'><strong>extrema</strong></span> <span class='ocrx_word' id='word_1_873' title='bbox 2835 4811 3004 4878; x_wconf 87' lang='lat' dir='ltr'><strong>possit</strong></span> <span class='ocrx_word' id='word_1_874' title='bbox 3045 4812 3310 4868; x_wconf 87' lang='lat' dir='ltr'><strong>sustinere</strong></span> <span class='ocrx_word' id='word_1_875' title='bbox 3346 4817 3645 4884; x_wconf 87' lang='lat' dir='ltr'><strong>captivitas.</strong></span> 
     </span>
    </p>
   </div>
   <div class='ocr_carea' id='block_1_109' title="bbox 2062 4897 3651 4974">
    <p class='ocr_par' dir='ltr' id='par_1_109' title="bbox 2062 4897 3651 4974">
     <span class='ocr_line' id='line_1_110' title="bbox 2062 4897 3651 4974; baseline 0.009 -22"><span class='ocrx_word' id='word_1_876' title='bbox 2062 4897 2210 4953; x_wconf 90' lang='lat' dir='ltr'><strong>lluuc</strong></span> <span class='ocrx_word' id='word_1_877' title='bbox 2239 4898 2438 4954; x_wconf 86' lang='lat' dir='ltr'><strong>habent</strong></span> <span class='ocrx_word' id='word_1_878' title='bbox 2461 4900 2684 4964; x_wconf 80' lang='lat' dir='ltr'><strong>exitum,</strong></span> <span class='ocrx_word' id='word_1_879' title='bbox 2707 4901 2797 4970; x_wconf 90' lang='lat' dir='ltr'><strong>qui</strong></span> <span class='ocrx_word' id='word_1_880' title='bbox 2828 4900 3062 4958; x_wconf 90' lang='lat' dir='ltr'><strong>inferunt</strong></span> <span class='ocrx_word' id='word_1_881' title='bbox 3090 4903 3295 4960; x_wconf 87' lang='lat' dir='ltr'><strong>veritati</strong></span> <span class='ocrx_word' id='word_1_882' title='bbox 3324 4907 3522 4964; x_wconf 90' lang='lat' dir='ltr'><strong>bellum</strong></span> <span class='ocrx_word' id='word_1_883' title='bbox 3549 4951 3564 4974; x_wconf 95' lang='lat'><strong>,</strong></span> <span class='ocrx_word' id='word_1_884' title='bbox 3592 4921 3651 4966; x_wconf 93' lang='lat' dir='ltr'><strong>ut</strong></span> 
     </span>
    </p>
   </div>
   <div class='ocr_carea' id='block_1_110' title="bbox 2049 4991 3644 5067">
    <p class='ocr_par' dir='ltr' id='par_1_110' title="bbox 2049 4991 3644 5067">
     <span class='ocr_line' id='line_1_111' title="bbox 2049 4991 3644 5067; baseline 0.009 -23"><span class='ocrx_word' id='word_1_885' title='bbox 2049 4991 2189 5045; x_wconf 86' lang='lat' dir='ltr'><strong>nihil</strong></span> <span class='ocrx_word' id='word_1_886' title='bbox 2237 5006 2342 5046; x_wconf 94' lang='lat' dir='ltr'><strong>non</strong></span> <span class='ocrx_word' id='word_1_887' title='bbox 2391 4991 2633 5062; x_wconf 90' lang='lat' dir='ltr'><strong>impium,</strong></span> <span class='ocrx_word' id='word_1_888' title='bbox 2688 5007 2791 5048; x_wconf 90' lang='lat' dir='ltr'><strong>non</strong></span> <span class='ocrx_word' id='word_1_889' title='bbox 2848 4994 3091 5050; x_wconf 89' lang='lat' dir='ltr'><strong>insanum</strong></span> <span class='ocrx_word' id='word_1_890' title='bbox 3146 4995 3470 5067; x_wconf 91' lang='lat' dir='ltr'><strong>loquantur;</strong></span> <span class='ocrx_word' id='word_1_891' title='bbox 3516 5001 3644 5058; x_wconf 90' lang='lat' dir='ltr'><strong>dum</strong></span> 
     </span>
    </p>
   </div>
   <div class='ocr_carea' id='block_1_111' title="bbox 2060 5084 3652 5160">
    <p class='ocr_par' dir='ltr' id='par_1_111' title="bbox 2060 5084 3652 5160">
     <span class='ocr_line' id='line_1_112' title="bbox 2060 5084 3652 5160; baseline 0.008 -20"><span class='ocrx_word' id='word_1_892' title='bbox 2060 5092 2268 5140; x_wconf 86' lang='lat' dir='ltr'><strong>constet</strong></span> <span class='ocrx_word' id='word_1_893' title='bbox 2290 5084 2412 5154; x_wconf 91' lang='lat' dir='ltr'><strong>quia</strong></span> <span class='ocrx_word' id='word_1_894' title='bbox 2441 5084 2584 5139; x_wconf 88' lang='lat' dir='ltr'><strong>nulla</strong></span> <span class='ocrx_word' id='word_1_895' title='bbox 2610 5084 2852 5140; x_wconf 78' lang='lat' dir='ltr'><strong>oratione</strong></span> <span class='ocrx_word' id='word_1_896' title='bbox 2882 5086 3245 5143; x_wconf 85' lang='lat' dir='ltr'><strong>innocentium</strong></span> <span class='ocrx_word' id='word_1_897' title='bbox 3273 5099 3443 5148; x_wconf 86' lang='lat' dir='ltr'><strong>status</strong></span> <span class='ocrx_word' id='word_1_898' title='bbox 3469 5093 3562 5160; x_wconf 87' lang='lat' dir='ltr'><strong>ita,</strong></span> <span class='ocrx_word' id='word_1_899' title='bbox 3593 5109 3652 5152; x_wconf 90' lang='lat' dir='ltr'><strong>ut</strong></span> 
     </span>
    </p>
   </div>
   <div class='ocr_carea' id='block_1_112' title="bbox 2060 5177 3394 5246">
    <p class='ocr_par' dir='ltr' id='par_1_112' title="bbox 2060 5177 3394 5246">
     <span class='ocr_line' id='line_1_113' title="bbox 2060 5177 3394 5246; baseline 0.006 -16"><span class='ocrx_word' id='word_1_900' title='bbox 2060 5183 2429 5231; x_wconf 75' lang='lat' dir='ltr'><strong>accusatorum</strong></span> <span class='ocrx_word' id='word_1_901' title='bbox 2455 5190 2672 5232; x_wconf 88' lang='lat' dir='ltr'><strong>suorum</strong></span> <span class='ocrx_word' id='word_1_902' title='bbox 2705 5177 3046 5246; x_wconf 80' lang='lat' dir='ltr'><strong>proiauitate,</strong></span> <span class='ocrx_word' id='word_1_903' title='bbox 3071 5180 3394 5238; x_wconf 84' lang='lat' dir='ltr'><strong>defenditur.</strong></span> 
     </span>
    </p>
   </div>
   <div class='ocr_carea' id='block_1_113' title="bbox 2131 5267 3643 5346">
    <p class='ocr_par' dir='ltr' id='par_1_113' title="bbox 2131 5267 3643 5346">
     <span class='ocr_line' id='line_1_114' title="bbox 2131 5267 3643 5346; baseline 0.009 -26"><span class='ocrx_word' id='word_1_904' title='bbox 2131 5270 2265 5323; x_wconf 80' lang='lat' dir='ltr'><strong>Anc.</strong></span> <span class='ocrx_word' id='word_1_905' title='bbox 2319 5267 2583 5337; x_wconf 80' lang='lat' dir='ltr'><strong>Numquid</strong></span> <span class='ocrx_word' id='word_1_906' title='bbox 2631 5269 2750 5323; x_wconf 89' lang='lat' dir='ltr'><strong>ideo</strong></span> <span class='ocrx_word' id='word_1_907' title='bbox 2794 5268 2982 5324; x_wconf 85' lang='lat' dir='ltr'><strong>falsum</strong></span> <span class='ocrx_word' id='word_1_908' title='bbox 3015 5270 3147 5328; x_wconf 89' lang='lat' dir='ltr'><strong>facis</strong></span> <span class='ocrx_word' id='word_1_909' title='bbox 3171 5288 3292 5331; x_wconf 89' lang='lat' dir='ltr'><strong>esse</strong></span> <span class='ocrx_word' id='word_1_910' title='bbox 3321 5276 3462 5346; x_wconf 87' lang='lat' dir='ltr'><strong>quod</strong></span> <span class='ocrx_word' id='word_1_911' title='bbox 3487 5277 3643 5345; x_wconf 90' lang='lat' dir='ltr'><strong>dico,</strong></span> 
     </span>
    </p>
   </div>
   <div class='ocr_carea' id='block_1_114' title="bbox 2061 5357 3648 5438">
    <p class='ocr_par' dir='ltr' id='par_1_114' title="bbox 2061 5357 3648 5438">
     <span class='ocr_line' id='line_1_115' title="bbox 2061 5357 3648 5438; baseline 0.01 -27"><span class='ocrx_word' id='word_1_912' title='bbox 2061 5359 2180 5429; x_wconf 89' lang='lat' dir='ltr'><strong>quia</strong></span> <span class='ocrx_word' id='word_1_913' title='bbox 2220 5357 2354 5414; x_wconf 83' lang='lat' dir='ltr'><strong>dicis</strong></span> <span class='ocrx_word' id='word_1_914' title='bbox 2403 5375 2490 5414; x_wconf 89' lang='lat' dir='ltr'><strong>me</strong></span> <span class='ocrx_word' id='word_1_915' title='bbox 2530 5359 2712 5415; x_wconf 90' lang='lat' dir='ltr'><strong>dicere</strong></span> <span class='ocrx_word' id='word_1_916' title='bbox 2736 5361 2878 5432; x_wconf 90' lang='lat' dir='ltr'><strong>quod</strong></span> <span class='ocrx_word' id='word_1_917' title='bbox 2905 5377 3012 5418; x_wconf 90' lang='lat' dir='ltr'><strong>non</strong></span> <span class='ocrx_word' id='word_1_918' title='bbox 3039 5363 3200 5421; x_wconf 86' lang='lat' dir='ltr'><strong>dico?</strong></span> <span class='ocrx_word' id='word_1_919' title='bbox 3227 5363 3342 5438; x_wconf 82' lang='lat' dir='ltr'><strong>Ego</strong></span> <span class='ocrx_word' id='word_1_920' title='bbox 3369 5369 3513 5425; x_wconf 87' lang='lat' dir='ltr'><strong>enim</strong></span> <span class='ocrx_word' id='word_1_921' title='bbox 3539 5385 3648 5428; x_wconf 87' lang='lat' dir='ltr'><strong>non</strong></span> 
     </span>
    </p>
   </div>
   <div class='ocr_carea' id='block_1_115' title="bbox 2059 5450 3648 5530">
    <p class='ocr_par' dir='ltr' id='par_1_115' title="bbox 2059 5450 3648 5530">
     <span class='ocr_line' id='line_1_116' title="bbox 2059 5450 3648 5530; baseline 0.008 -25"><span class='ocrx_word' id='word_1_922' title='bbox 2059 5451 2180 5505; x_wconf 91' lang='lat' dir='ltr'><strong>dico</strong></span> <span class='ocrx_word' id='word_1_923' title='bbox 2237 5450 2302 5504; x_wconf 88' lang='lat' dir='ltr'><strong>ad</strong></span> <span class='ocrx_word' id='word_1_924' title='bbox 2349 5450 2551 5506; x_wconf 88' lang='lat' dir='ltr'><strong>semina</strong></span> <span class='ocrx_word' id='word_1_925' title='bbox 2605 5452 2735 5506; x_wconf 90' lang='lat' dir='ltr'><strong>nihil</strong></span> <span class='ocrx_word' id='word_1_926' title='bbox 2779 5453 3004 5508; x_wconf 89' lang='lat' dir='ltr'><strong>attinere</strong></span> <span class='ocrx_word' id='word_1_927' title='bbox 3041 5455 3352 5523; x_wconf 88' lang='lat' dir='ltr'><strong>libidinem,</strong></span> <span class='ocrx_word' id='word_1_928' title='bbox 3403 5462 3648 5530; x_wconf 83' lang='lat' dir='ltr'><strong>quando-</strong></span> 
     </span>
    </p>
   </div>
   <div class='ocr_carea' id='block_1_116' title="bbox 2060 5542 3648 5621">
    <p class='ocr_par' dir='ltr' id='par_1_116' title="bbox 2060 5542 3648 5621">
     <span class='ocr_line' id='line_1_117' title="bbox 2060 5542 3648 5621; baseline 0.009 -27"><span class='ocrx_word' id='word_1_929' title='bbox 2060 5542 2274 5614; x_wconf 90' lang='lat' dir='ltr'><strong>quidem</strong></span> <span class='ocrx_word' id='word_1_930' title='bbox 2302 5557 2406 5597; x_wconf 92' lang='lat' dir='ltr'><strong>non</strong></span> <span class='ocrx_word' id='word_1_931' title='bbox 2436 5553 2726 5598; x_wconf 86' lang='lat' dir='ltr'><strong>nascuntur</strong></span> <span class='ocrx_word' id='word_1_932' title='bbox 2751 5545 2870 5601; x_wconf 85' lang='lat' dir='ltr'><strong>sine</strong></span> <span class='ocrx_word' id='word_1_933' title='bbox 2908 5545 3162 5615; x_wconf 85' lang='lat' dir='ltr'><strong>libidine,</strong></span> <span class='ocrx_word' id='word_1_934' title='bbox 3202 5549 3290 5620; x_wconf 90' lang='lat' dir='ltr'><strong>qui</strong></span> <span class='ocrx_word' id='word_1_935' title='bbox 3332 5551 3510 5621; x_wconf 87' lang='lat' dir='ltr'><strong>utique</strong></span> <span class='ocrx_word' id='word_1_936' title='bbox 3547 5566 3648 5608; x_wconf 75' lang='lat' dir='ltr'><strong>na-</strong></span> 
     </span>
    </p>
   </div>
   <div class='ocr_carea' id='block_1_117' title="bbox 2116 5729 2962 5802">
    <p class='ocr_par' dir='ltr' id='par_1_117' title="bbox 2116 5729 2962 5802">
     <span class='ocr_line' id='line_1_118' title="bbox 2116 5729 2962 5802; baseline 0.011 -17"><span class='ocrx_word' id='word_1_937' title='bbox 2116 5747 2128 5802; x_wconf 65' lang='lat'><strong>:</strong></span> <span class='ocrx_word' id='word_1_938' title='bbox 2159 5729 2241 5787; x_wconf 54' lang='lat' dir='ltr'><strong>sic;</strong></span> <span class='ocrx_word' id='word_1_939' title='bbox 2271 5751 2373 5792; x_wconf 72' lang='lat' dir='ltr'><strong>uss.</strong></span> <span class='ocrx_word' id='word_1_940' title='bbox 2396 5749 2442 5791; x_wconf 89' lang='lat' dir='ltr'><strong>tn</strong></span> <span class='ocrx_word' id='word_1_941' title='bbox 2471 5743 2624 5802; x_wconf 72' lang='lat' dir='ltr'><strong>\‘ign.,</strong></span> <span class='ocrx_word' id='word_1_942' title='bbox 2647 5756 2761 5793; x_wconf 79' lang='lat' dir='ltr'><strong>arce</strong></span> <span class='ocrx_word' id='word_1_943' title='bbox 2783 5742 2962 5800; x_wconf 74' lang='lat' dir='ltr'><strong>divina.</strong></span> 
     </span>
    </p>
   </div>
   <div class='ocr_carea' id='block_1_118' title="bbox 2123 5801 2818 5859">
    <p class='ocr_par' dir='ltr' id='par_1_118' title="bbox 2123 5801 2818 5859">
     <span class='ocr_line' id='line_1_119' title="bbox 2123 5801 2818 5859; baseline 0.004 -7"><span class='ocrx_word' id='word_1_944' title='bbox 2123 5801 2131 5831; x_wconf 86' lang='grc'>¹</span> <span class='ocrx_word' id='word_1_945' title='bbox 2156 5807 2236 5852; x_wconf 79' lang='lat' dir='ltr'><strong>Sic</strong></span> <span class='ocrx_word' id='word_1_946' title='bbox 2263 5805 2372 5855; x_wconf 66' lang='lat' dir='ltr'><strong>Mss.</strong></span> <span class='ocrx_word' id='word_1_947' title='bbox 2402 5815 2454 5854; x_wconf 75' lang='grc' dir='ltr'>,ιι</span> <span class='ocrx_word' id='word_1_948' title='bbox 2479 5801 2614 5859; x_wconf 79' lang='lat' dir='ltr'><strong>editi,</strong></span> <span class='ocrx_word' id='word_1_949' title='bbox 2639 5805 2686 5855; x_wconf 84' lang='lat' dir='ltr'><strong>in</strong></span> <span class='ocrx_word' id='word_1_950' title='bbox 2710 5819 2818 5859; x_wconf 78' lang='lat' dir='ltr'><strong>auo.</strong></span> 
     </span>
    </p>
   </div>
  </div>
