4124 6572
499 415 640 473 1113

494 543 717 588 scuntnr
742 545 804 586 et
833 529 1040 586 semine
1069 546 1084 582 :
1115 529 1216 586 secl
1238 529 1360 585 dico
1391 527 1555 582 Deum
1599 523 1809 594 operari
1841 522 1958 575 siue
1982 518 2094 574 ullo

494 639 594 680 suo
627 624 778 688 vitio,
807 623 966 678 etiam
999 627 1067 677 de
1096 625 1302 678 semine
1323 621 1526 676 vitiato.
1559 615 1667 673 Nec
1695 615 1817 671 dico
1846 625 1967 670 reos
1988 623 2094 668 non

493 729 636 778 esse,
665 721 720 768 et
747 723 854 769 non
882 711 1056 783 puniri
1087 720 1364 784 parentes,
1394 709 1489 782 qui
1511 690 1676 780 agunt
1692 717 1828 777 opus
1848 700 2053 760 diaboli
2077 720 2092 757 :

495 805 590 863 sed
617 807 740 862 dico
769 819 874 860 non
905 817 1000 860 eos
1024 817 1184 875 agere
1211 818 1347 874 opus
1372 799 1593 862 diaboli,
1627 797 1843 870 quando
1875 803 2098 852 utuntur

496 897 718 956 libidine
743 911 847 951 non
876 907 1096 968 propter
1121 893 1416 958 libidinem,
1447 891 1542 947 sed
1589 898 1814 960 propter
1848 887 2098 959 propagi-

499 1008 643 1051 nem.
675 987 750 1050 ita
780 993 977 1065 quippe
1023 991 1219 1047 bonum
1263 996 1397 1060 opus
1427 995 1512 1043 est
1542 981 1682 1040 bene
1729 981 1810 1039 uti
1859 981 2096 1038 libidinis

497 1087 642 1141 malo
664 1127 682 1154 ,
710 1083 856 1156 quod
883 1079 1083 1140 iaciunt
1120 1079 1427 1153 coniugati,
1458 1077 1600 1134 sicut
1621 1074 1952 1132 eumut-ario
1975 1085 2094 1128 ma-

498 1176 607 1232 lunt
647 1188 782 1248 opus
819 1183 922 1240 est,
963 1174 1104 1243 male
1126 1171 1202 1228 uti
1229 1169 1472 1242 corporis
1499 1168 1662 1236 bono,
1705 1158 1850 1237 quod
1891 1158 2096 1220 lbciunt

499 1266 776 1338 impudici.
817 1265 925 1322 Nec
965 1257 1277 1336 impunitam
1311 1257 1434 1318 dico
1465 1271 1586 1316 esse
1626 1253 1902 1314 libidinem
1927 1299 1944 1323 ,
1973 1263 2094 1328 quae

498 1371 620 1412 cum
653 1365 826 1413 morte
851 1357 1178 1422 destruetur,
1203 1353 1416 1428 quando
1452 1351 1679 1409 mortale
1705 1350 1806 1406 hoc
1844 1347 2096 1404 induatur

501 1445 898 1504 inmortalitate
940 1443 1138 1520 (ἰσων.
1175 1457 1265 1513 xv,
1295 1442 1410 1516 53).
1445 1441 1564 1500 Non
1591 1439 1736 1500 enim
1769 1451 1854 1498 est
1893 1441 1999 1496 nisi
2040 1435 2092 1497 in

497 1554 726 1612 corpore
763 1541 952 1596 mortis
989 1539 1167 1610 hujus,
1194 1535 1394 1610 dequo
1420 1531 1635 1593 liberari
1661 1534 1911 1606 Cupiebat
1950 1535 2096 1605 Apo-

498 1634 669 1690 stolus
695 1631 872 1707 (item.
903 1647 998 1700 vtt,
1021 1632 1116 1706 2t)
1141 1645 1156 1686 :
1187 1643 1286 1688 nec
1307 1641 1422 1688 erat
1445 1672 1460 1696 ,
1503 1638 1597 1686 aut
1625 1642 1732 1684 non
1759 1627 1884 1683 talis
1901 1625 2091 1683 eratin

498 1739 724 1795 corpore
743 1724 864 1780 vitae
885 1724 1044 1790 illius,
1069 1733 1229 1794 quam
1250 1716 1522 1793 peccando
1542 1717 1778 1792 perdidit
1795 1714 1980 1782 homo,
2003 1717 2092 1788 qui

498 1813 787 1870 factus'est
823 1822 1000 1869 rectus
1039 1805 1238 1882 (Eccle.
1282 1822 1376 1876 vn,
1416 1809 1510 1884 50)
1547 1826 1561 1864 :
1593 1821 1697 1865 nec
1737 1809 1875 1864 sicut
1919 1807 2094 1878 aliqua

495 1905 792 1960 substantia
811 1945 830 1970 ,
877 1903 1118 1960 liberatis
1169 1903 1544 1974 separastique
1577 1901 1596 1934 ⁸
1641 1893 1800 1956 nobis
1837 1897 2006 1954 libido
2040 1898 2092 1952 in

495 1997 657 2053 alium
691 1997 870 2053 locum
905 1998 928 2030 ⁸
965 2005 1051 2052 est
1087 1989 1410 2068 migratum;
1441 1992 1538 2049 sed
1574 1990 1712 2048 sicut
1737 1983 2014 2046 inﬁrmitas
2041 1987 2092 2042 in

496 2099 698 2144 nostra:
749 2086 942 2143 salutis
988 2085 1320 2157 perfectione
1376 2081 1615 2156 peritura
1649 2098 1667 2138 :
1699 2076 1941 2153 quamvis
1979 2078 2093 2150 iam

496 2187 641 2235 nunc
663 2189 786 2236 esse
810 2177 1015 2234 desinat
1042 2185 1164 2250 ροςι
1186 2176 1432 2248 cut-poris
1456 2182 1708 2230 mortem.
1731 2171 1916 2243 Neque
1947 2170 2092 2226 enim

496 2271 551 2326 in
597 2279 834 2342 corpore
866 2280 1082 2326 mortuo
1131 2265 1308 2324 adhuc
1355 2272 1532 2338 potest
1570 2273 1691 2320 esse
1714 2304 1731 2330 ,
1761 2276 1884 2334 quae
1907 2259 2008 2316 nisi
2038 2259 2094 2316 in

495 2376 724 2432 corpore
758 2360 947 2418 mortis
984 2375 1095 2416 non
1136 2367 1313 2431 potest
1351 2371 1475 2413 esse
1513 2372 1529 2411 :
1578 2354 1674 2410 sed
1708 2369 1828 2425 qua:
1857 2346 2094 2425 peritura

497 2463 586 2511 est
629 2454 684 2510 in
731 2453 973 2524 corporis
1009 2458 1203 2516 marte,
1247 2463 1353 2505 non
1387 2455 1470 2505 est
1511 2449 1878 2504 resurrectura
1915 2451 2098 2500 resur-

499 2555 659 2619 gente
699 2559 926 2615 corpore
953 2543 1072 2599 sine
1097 2543 1288 2598 morte.
1319 2538 1611 2610 Quomodo
1633 2551 1769 2608 ergo
1791 2535 1976 2607 punita
2009 2533 2096 2590 vel

503 2636 762 2707 impunita
792 2635 930 2700 erit,
961 2645 1087 2704 quae
1111 2630 1386 2703 pereundo
1411 2640 1518 2684 non
1546 2627 1690 2684 erit?
1709 2625 1884 2682 Erunt
1919 2629 2094 2681 autem

501 2727 774 2800 impuniti,
801 2725 892 2798 qui
921 2726 1037 2798 ejus
1078 2733 1230 2781 reatu
1269 2722 1552 2795 congcnito
1572 2720 2094 2792 regeneratiuuet-a.

502 2826 746 2884 ruerunt,
778 2819 1001 2890 ejusque
1028 2815 1372 2888 surgentibus
1409 2823 1465 2872 et
1511 2811 1822 2885 urgentibus
1863 2811 2096 2867 motibus

499 2910 572 2966 ad
602 2911 785 2966 illicita
815 2907 1134 2981 perﬁcienda
1155 2919 1262 2966 non
1288 2905 1512 2972 cedunt;
1541 2911 1597 2960 et
1621 2903 1666 2960 si
1685 2901 1813 2974 quid
1837 2911 1943 2958 non
1968 2915 2095 2972 pro:

502 3011 624 3074 pter
639 3001 840 3072 prolem
861 2999 928 3055 de
945 2988 1082 3070 ipsa,
1096 2997 1196 3054 sed
1213 3005 1434 3069 propter
1447 2995 1616 3069 ipsam
1637 3004 1762 3050 cum
1777 2989 2095 3067 coniugibus

502 3093 722 3156 faciunt,
747 3091 904 3146 venia
931 3089 1296 3160 subsequente
1320 3095 1596 3142 sanantur.
1618 3079 1776 3154 Quod
1799 3093 1931 3140 vero
1953 3083 2096 3140 Deos

496 3185 568 3240 de
604 3182 813 3254 origine
851 3183 1044 3237 merito
1079 3190 1134 3236 et
1168 3177 1310 3250 iuste
1337 3180 1587 3234 damnata
1617 3177 1866 3248 parvulos
1903 3183 2092 3244 creat,

498 3277 698 3333 bonum
745 3283 830 3332 est
866 3276 981 3346 ipse
1021 3273 1167 3346 quod
1202 3281 1378 3338 creat;
1405 3273 1529 3344 quia
1559 3271 1806 3326 homines
1829 3279 1997 3336 creat,
2038 3277 2094 3324 et

499 3369 749 3425 homines
777 3368 938 3425 etiam
969 3369 1098 3423 mali
1122 3367 1326 3423 [mttunt
1343 3359 1545 3437 aliquid
1575 3371 1718 3430 attnt',
1755 3363 1807 3418 itt
1833 3370 2091 3434 quantum

499 3461 746 3518 homines
770 3470 896 3518 sunt
922 3479 936 3516 :
968 3475 1070 3518 nec
1092 3460 1308 3517 cohibet
1325 3459 1403 3516 ab
1417 3459 1497 3516 eis
1521 3457 1815 3514 bonitatem
1849 3451 2092 3523 creandi,

495 3565 634 3624 quos
659 3552 926 3624 prtescivit
949 3563 1069 3608 esse
1096 3549 1452 3615 dantnaudos,
1479 3547 1590 3604 uno
1625 3549 1728 3604 scit
1761 3547 2095 3619 originattter

489 3647 606 3717 jam
621 3660 742 3703 esse
757 3644 1071 3710 damnatos;
1096 3643 1239 3700 unde
1259 3642 1632 3715 gratulandum
1661 3649 1744 3697 est
1765 3647 1872 3695 tant
1899 3639 2094 3694 multos

498 3750 689 3794 eorum
713 3753 744 3792 a
763 3737 942 3794 debita
975 3748 1130 3808 ptena
1157 3746 1256 3808 per
1277 3733 1572 3792 indebitam
1602 3733 1826 3805 gratiam
1850 3731 2090 3789 liberari.

493 3827 552 3886 ει
578 3838 758 3887 autem
781 3827 1000 3884 crudele
1024 3839 1148 3884 esse
1171 3825 1528 3895 arbitramini,
1553 3821 1794 3881 damnari
1818 3818 2092 3895 paruitas,

496 3930 636 3992 quos
653 3919 920 3991 uriginale
947 3928 1228 3990 peccatum
1247 3917 1468 3974 trahere
1493 3929 1597 3974 non
1624 3917 1822 3988 putatis
1839 3931 1860 3983 ;
1877 3906 2095 3972 crudele

495 4011 662 4068 vobis
679 4011 948 4077 videatur,
973 4022 1080 4066 non
1107 4010 1232 4084 rapi
1252 4023 1322 4066 ex
1352 4009 1455 4068 hac
1475 4009 1584 4066 vita
1603 4006 1876 4080 parvulos,
1898 4021 2094 4066 secun-

496 4101 632 4159 dum
654 4111 774 4168 vos,
807 4101 1012 4156 nullum
1050 4100 1313 4158 habentes
1352 4099 1574 4156 omnino
1610 4109 1922 4170 peccatum,
1958 4111 2095 4171 quos

498 4191 650 4250 Deus
670 4189 852 4264 utique
875 4192 1028 4247 nevit
1049 4193 1104 4247 in
1137 4191 1327 4248 multis
1348 4191 1660 4262 magnisque
1703 4187 1938 4262 peccatis
1977 4189 2096 4248 sine

497 4285 611 4343 ulla
653 4286 707 4340 in
743 4284 939 4341 melius
964 4283 1262 4340 mutatione
1283 4283 1572 4340 morituros
1600 4297 1614 4337 :
1651 4296 1772 4338 nam
1797 4281 2094 4340 secundum

497 4376 936 4434 ratiocinationes
969 4375 1230 4431 luunanas
1246 4416 1263 4442 ,
1302 4362 1572 4431 crudelius
1596 4374 1808 4430 videtur
1833 4384 1939 4431 neu
1961 4375 2094 4430 iibeé

497 4477 626 4524 rare
649 4480 770 4522 eum
807 4467 996 4538 possit,
1027 4465 1199 4522 rutilis
1218 4466 1548 4538 inquinatum
1578 4466 1754 4536 parvis
1780 4466 2094 4537 magnisque

497 4557 768 4631 peccatis,
791 4571 950 4628 quam
971 4557 1228 4613 damnare
1248 4557 1562 4630 progeniem
1577 4555 1892 4626 peccatoris.
1922 4555 2096 4612 Porro

494 4666 623 4706 eum
653 4649 780 4704 illud
803 4650 1006 4720 justum
1041 4660 1165 4706 esse
1184 4689 1200 4717 ,
1230 4662 1341 4720 qua
1371 4650 1594 4720 potestis
1617 4663 1780 4716 voco,
1803 4648 2051 4707 elametis
2071 4664 2096 4718 ;'

493 4742 602 4800 bac
619 4752 742 4799 me
762 4739 1036 4814 iniustum,
1066 4752 1177 4814 qua
1203 4739 1383 4798 {route
1404 4741 1771 4798 contenditis?
2087 4741 2093 4746 ’

565 4835 708 4894 XIV.
739 4834 865 4893 Jul...
902 4835 1037 4892 Post
1069 4834 1185 4891 inec
1223 4835 1350 4892 illud
1377 4843 1606 4892 conatur
1625 4835 1914 4902 incessere,
1947 4833 2096 4907 quod

492 4943 598 4985 uas
649 4929 878 5000 apostoli
922 4924 1073 4985 Pauli
1120 4922 1428 4984 testimonio
1447 4927 1938 4998 comprobavimus,
1965 4928 2093 4998 quin

493 5022 636 5078 υαιι
677 5019 960 5078 hominem
989 5019 1070 5075 de'
1100 5019 1394 5075 seminibus
1420 5026 1695 5090 operetur.
1737 5020 2094 5090 Argumentad

493 5123 688 5186 torque
713 5123 808 5168 tuo
829 5112 1026 5168 (edace
1057 5110 1321 5173 laudem.
1363 5112 1459 5182 qui
1497 5110 1625 5167 ituie
1667 5111 1790 5166 loco
1819 5111 1909 5166 ilia
1947 5111 2098 5166 dicta

493 5203 758 5260 voluerim
783 5212 1052 5273 «mare,
1085 5215 1207 5274 qua
1227 5202 1296 5258 de
1322 5195 1602 5258 ετιιιιιοπιιε
1633 5201 1843 5272 metu
1874 5207 2097 5258 domina

459 5326 471 5337 -
493 5295 588 5352 bat
609 5309 630 5360 ί
655 5293 812 5362 qua."
833 5305 938 5364 ego
969 5300 1064 5346 aut
1103 5289 1182 5348 ibi
1221 5290 1468 5364 tp’oﬂoli
1513 5290 1870 5357 seniculum,
1901 5299 1963 5346 ut
2001 5289 2092 5347 hic

496 5390 758 5454 cati-ut,
781 5383 1056 5443 dividuum
1081 5383 1298 5445 fecerim
1323 5427 1339 5454 ,
1383 5394 1480 5443 aut
1521 5393 1744 5458 propter
1767 5385 1918 5442 aliud
1941 5386 2100 5443 testia

499 5479 666 5536 sueuit
689 5477 1004 5534 recordatus
1037 5478 1140 5533 sint
1177 5487 1343 5548 quam
1369 5483 1437 5532 ut-
1469 5476 1588 5547 ejus
1629 5477 1794 5531 linem
1824 5483 2098 5532 monsth

499 5583 614 5626 retu
628 5567 1014 5627 "lor-latorem
1029 5569 1296 5625 seminum
1315 5569 1555 5623 saluium
1571 5567 1737 5624 Deam
1751 5566 1899 5624 credi
1923 5576 2088 5639 opere

565 5703 583 5737 ι
616 5701 778 5754 codex
802 5708 949 5761 φοι-ιη
973 5701 1328 5764 reparatisque.

563 5766 585 5798 ⁸
616 5765 692 5814 Sic
705 5771 810 5814 uss.
837 5764 958 5822 aliti
991 5776 1130 5822 vero,
1147 5760 1200 5812 in
1221 5761 1590 5814 antetulerunt.

564 5827 587 5860 ³
617 5821 912 5892 regemne:
949 5821 1366 5892 amarat-em:-
1401 5824 1578 5888 uorel,
1627 5826 1861 5876 utentem.
1907 5824 2089 5883 critic,

503 5892 611 5942 ικιιι-
637 5887 746 5950 Ξίυ,
765 5885 866 5952 [ius
893 5892 1230 5938 monstrarent.
1295 5889 1352 5934 il.

1177 412 1422 472 orent;
1463 383 2181 468 tttrattrt-icrt'cos‘rnt
2221 405 2586 478 iustarum,
2618 411 2676 468 s.
2717 409 3083 470 AUGUSTINI

3636 424 3775 482 illi

2206 529 2338 578 tere.
2369 523 2560 580 Beatus
2578 524 2720 580 enim
2736 522 2932 582 Paulus
2957 539 3236 600 postquam
3263 522 3418 588 iidem
3441 539 3786 593 resurrectio-

2204 615 2287 668 nis
2306 655 2322 678 ,
2371 613 2824 686 multiplicatiouis
2850 613 3058 674 diurna:
3085 622 3099 652 ⁸
3123 620 3424 678 conciliavit
3449 626 3470 656 '
3491 628 3778 698 exemplis;

2201 703 2380 761 intulit
2415 706 2557 778 quod
2585 707 2886 766 universam
2924 719 3168 769 nautram
3211 716 3380 786 possit
3403 720 3678 789 attingere,
3703 721 3780 778 di-

2201 809 2351 863 cens,
2373 796 2515 854 Deus
2533 809 2704 854 autem
2724 800 2803 855 illi
2829 800 2919 856 dat
2942 815 3129 875 corpus
3156 815 3308 876 prout
3334 807 3460 872 vult,
3503 819 3552 862 et
3582 811 3776 866 ιιηίτιιιο

2200 901 2298 960 qur
2337 889 2590 944 sentinam
2627 893 2890 962 proprium
2931 907 3118 965 corpus
3143 889 3236 950 :id
3269 903 3380 962 est,
3409 897 3554 954 omni
3595 901 3780 957 semini

2200 992 2416 1052 corpus,
2448 981 2598 1052 quod
2620 983 2924 1054 proprietas
2945 987 3063 1052 ejus
3091 987 3344 1057 reposcit,
3375 989 3635 1044 attribuit.
3662 985 3774 1048 Non

2199 1079 2330 1140 ergo
2353 1071 2495 1142 quod
2521 1067 2594 1128 de
2613 1069 2898 1130 frumentis
2936 1074 3148 1130 dictum
3185 1083 3298 1144 est,
3347 1075 3414 1132 de
3451 1075 3662 1134 nomine
3689 1095 3778 1134 vn-

2201 1161 2272 1218 iui
2292 1161 2315 1194 ⁸
2341 1162 2566 1235 intelligi
2597 1179 2614 1220 :
2644 1162 2747 1221 sed
2771 1165 2873 1222 itoe
2897 1166 3042 1238 quod
3081 1167 3282 1223 tiictum
3321 1178 3410 1224 est
3423 1168 3466 1238 ⁸,
3501 1171 3776 1244 unicuique

2200 1257 2461 1312 seminum
2483 1257 2768 1328 proprium
2788 1267 2984 1330 corpus
3011 1274 3040 1314 a
3061 1255 3174 1316 beo
3193 1270 3417 1318 auctm-e
3432 1259 3662 1319 conferri
3680 1307 3695 1330 ,
3723 1265 3772 1320 in

2198 1347 2620 1406 destructionem
2635 1359 2887 1418 vestram,
2920 1363 3150 1424 quorum
3169 1351 3417 1425 dogmate
3437 1353 3491 1410 id
3518 1367 3734 1428 negatur
3753 1399 3768 1415 .

2198 1441 2416 1512 arripui.
2439 1437 2793 1516 Netntaquam
2811 1437 2990 1517 igitur,
3013 1446 3150 1503 sicut
3179 1454 3234 1502 tu
3259 1455 3432 1519 putas,
3455 1459 3774 1521 supervacuo

2201 1529 2298 1588 feci
2327 1531 2466 1590 illius
2491 1528 2770 1592 sententiae
2795 1537 3142 1604 mentionem,
3171 1550 3268 1595 nec
3293 1549 3356 1596 ca
3394 1531 3769 1608 fraudulenter,

2199 1632 2258 1678 ut
2293 1625 2556 1691 mentiris,
2589 1639 2708 1683 sum
2741 1623 2941 1684 abusus
2975 1645 2989 1684 :
3023 1641 3122 1686 nec
3154 1638 3208 1685 tu
3245 1629 3314 1686 de
3347 1625 3590 1688 humanis
3617 1632 3771 1688 semi-

2199 1715 2358 1772 nibus
2401 1713 2676 1774 hominem
2713 1727 2742 1773 a
2789 1719 2900 1775 Deo
2944 1717 3080 1790 fieri,
3121 1721 3262 1778 sicut
3306 1722 3530 1792 peieras,
3570 1723 3770 1789 credis;

2198 1803 2341 1876 quod
2370 1821 2480 1862 non
2507 1808 2799 1880 opiuando,
2822 1808 2916 1866 sed
2941 1809 3098 1867 iidem
3121 1819 3266 1866 tuam
3287 1811 3628 1884 intelligendo
3651 1828 3773 1870 con-

2200 1897 2380 1954 lirmo.
2751 1920 2756 1925 ι

2269 1990 2408 2047 Aac.
2439 1989 2722 2060 alimonio
2751 1993 2998 2064 posueris
3021 1993 3370 2065 apostolicum
3396 1992 3775 2064 testimonium,

2197 2095 2307 2152 quo
2347 2081 2438 2138 ille
2486 2097 2614 2140 usus
2638 2091 2720 2141 eat
2764 2079 2832 2141 de
2883 2083 3200 2149 seminibus,
3227 2095 3348 2158 quo:
3376 2087 3700 2142 seminantur
3723 2085 3774 2142 in

2199 2181 2362 2243 terra,
2389 2176 2514 2246 quia
2541 2185 2654 2232 non
2678 2176 3016 2232 viviﬁcantttt'
3038 2171 3140 2233 nisi
3168 2175 3610 2248 moriantttr‘ntoe
3632 2179 3774 2236 enim

2199 2265 2268 2322 de
2296 2265 2694 2324 resurrectione
2727 2278 3012 2340 corporum
3033 2275 3066 2337 ,‘
3083 2269 3136 2324 in
3161 2281 3264 2341 qua
3317 2271 3642 2338 verSabatttr‘,
3673 2271 3776 2326 dis-

2200 2360 2404 2430 putatio
2434 2361 2782 2432 postulabat),
2833 2359 2926 2432 qui
2957 2367 3043 2415 tua
3083 2360 3174 2416 illa
3219 2358 3378 2433 legit,
3427 2361 3777 2434 intelligente:

2198 2452 2460 2518 advertat,
2483 2461 2539 2508 et
2562 2465 2682 2524 qme
2711 2464 2812 2509 uas
2837 2455 2892 2508 in
2917 2453 3106 2510 eodem
3123 2448 3268 2508 libro
3291 2467 3448 2526 quem
3477 2467 3616 2510 nunc
3634 2455 3775 2512 refo-

2199 2553 2316 2602 tare
2362 2545 2576 2602 conaris
2613 2545 2706 2602 tibi
2744 2543 2812 2602 ad
2846 2541 2933 2601 illa
2965 2547 3340 2618 respondimus
3365 2543 3466 2622 (De
3490 2545 3694 2620 Nuptiis
3728 2559 3776 2604 cl

2201 2633 2635 2709 Concupisceutt'a,
2659 2638 2747 2693 lib.
2773 2637 2830 2704 2,
2855 2651 2908 2692 tt.
2941 2632 3072 2710 28);
3100 2645 3155 2694 et
3173 2637 3408 2694 inveniet
3437 2647 3506 2705 te,
3536 2639 3674 2710 quod
3707 2639 3770 2694 ad

2199 2743 2316 2785 rem
2345 2729 2638 2802 pertineat,
2695 2745 2796 2785 nec
2827 2727 2896 2783 ibi
2923 2727 3127 2800 aliquid
3167 2723 3404 2796 dixisse,
3443 2737 3494 2784 et
3521 2729 3606 2786 itic
3645 2727 3771 2784 nihil

2198 2820 2403 2878 dicere.
2433 2819 2527 2876 Sic
2550 2823 2694 2876 enim
2723 2831 2918 2892 magno
2943 2819 3066 2874 nisu
3090 2819 3294 2875 moliris
3314 2816 3612 2884 ostendere,
3639 2819 3774 2892 quod

2201 2913 2446 2970 homines
2471 2915 2612 2971 Deus
2635 2910 2705 2969 de
2730 2913 3030 2970 seminibus
3059 2915 3330 2984 operetur,
3359 2914 3507 2984 quasi
3539 2913 3638 2968 hoc
3680 2925 3774 2968 nc-

2197 3017 2354 3079 getur
2372 3021 2404 3063 a
2431 3007 2586 3064 nobis
2609 3021 2624 3072 ;
2655 3009 2710 3063 et
2739 3005 2964 3062 adhibes
2992 3001 3309 3077 Apostoluut
3338 3013 3548 3068 testem,
3573 3004 3660 3059 ubi
3681 2997 3775 3056 abs

2201 3107 2255 3156 te
2298 3098 2442 3155 nulla
2472 3097 2768 3154 necessitas
2814 3107 2990 3153 causae
3039 3093 3242 3168 ﬂagitat
3292 3095 3654 3168 probationem
3687 3101 3776 3152 εει

2199 3190 2342 3262 quod
2384 3197 2468 3246 est
2496 3189 2784 3256 insulsius,
2819 3189 2902 3244 vis
2943 3189 3112 3260 accipi
3151 3185 3222 3244 de
3267 3181 3560 3243 seminibus
3609 3185 3774 3245 itumi-

2201 3293 2366 3350 num,
2415 3281 2558 3354 quod
2601 3281 2694 3338 ille
2736 3281 2874 3338 dixit
2911 3277 2980 3337 de
3017 3281 3311 3338 seminibus
3363 3281 3762 3348 frumentorum,

2199 3376 2450 3448 quoniam
2483 3375 2532 3430 id
2558 3383 2716 3430 causa
2744 3373 3034 3448 poscebat;
3081 3377 3136 3430 et
3161 3371 3298 3430 dicis
3321 3373 3485 3430 verba
3513 3373 3629 3444 ejus
3649 3415 3665 3442 ,
3696 3365 3773 3428 Tu

2198 3465 2334 3536 quod
2365 3464 2587 3520 semina;
2613 3473 2722 3520 non
2743 3460 3073 3556 uiuiﬁcatur:
3107 3471 3163 3520 et
3201 3472 3344 3520 taces
3367 3461 3508 3556 quod
3547 3463 3636 3519 ille
3659 3477 3785 3516 eon—

2197 3556 2386 3621 nectit,
2425 3555 2524 3632 nisi
2551 3555 2818 3610 moriatur.
2843 3547 3014 3610 Tatios
3035 3555 3196 3611 etiam
3227 3549 3356 3610 illud
3367 3547 3516 3626 quod
3545 3553 3774 3625 adiungit

2199 3651 2252 3704 et
2273 3647 2422 3712 dicit,
2451 3641 2521 3702 Et
2545 3647 2686 3720 quod
2712 3645 2952 3715 seminat,
2981 3659 3082 3702 non
3107 3659 3298 3715 corpus
3317 3645 3685 3717 Quadraturttm
3703 3653 3775 3700 est

2197 3740 2416 3795 semina:
2439 3781 2455 3806 ,
2504 3738 2597 3794 sed
2622 3736 2816 3793 nudant
2851 3750 3087 3810 granum,
3117 3741 3222 3811 fere
3257 3737 3426 3804 tritici,
3453 3746 3544 3792 aut
3565 3735 3775 3808 alicujus

2197 3839 2494 3886 ceterorum
2525 3843 2544 3884 :
2570 3827 2661 3884 ubi
2695 3829 2826 3884 satis
2855 3829 3028 3900 aperit
3071 3827 3216 3884 unde
3241 3825 3400 3884 dicat.
3429 3825 3626 3898 Quibus
3650 3825 3769 3882 taci-

2199 3921 2268 3978 tis
2285 3964 2302 3990 ,
2328 3919 2474 3992 quod
2521 3920 2769 3991 sequitur
2794 3919 3014 3992 ingeris,
3046 3918 3186 3974 Deus
3205 3929 3369 3974 autem
3390 3919 3468 3974 illi
3491 3919 3582 3973 dat
3595 3925 3773 3990 corpus

2197 3996 2446 4084 quomodo
2469 4011 2700 4077 uoluerit,
2725 4017 2777 4066 et
2792 4011 3064 4083 unicuique
3081 4011 3329 4066 asininum
3353 4011 3614 4084 proprium
3657 4019 3767 4064 cor-

2198 4119 2294 4176 pus
2319 4103 2360 4178 (l
2387 4103 2508 4160 Cor.
2540 4112 2630 4170 xv,
2663 4097 2858 4176 εις-58)
2883 4121 2896 4159 :
2923 4111 2978 4160 et
3023 4113 3130 4158 non
3155 4102 3236 4158 vis
3275 4097 3368 4159 ilic
3394 4099 3616 4174 intelligi
3639 4118 3771 4173 quo-

2199 4209 2316 4252 rum
2344 4196 2642 4264 seminum,
2691 4195 2744 4252 id
2782 4180 2900 4263 est,
2953 4195 3059 4270 fere
3094 4195 3280 4264 tritici,
3309 4203 3400 4250 aut
3436 4195 3650 4266 alicujus
3679 4208 3774 4248 cat-

2197 4293 2418 4345 l'eraram
2437 4332 2454 4359 ,
2481 4299 2668 4346 eorum
2699 4290 2939 4356 scilicet,
2983 4305 3104 4362 quae
3143 4299 3264 4345 cum
3295 4290 3642 4355 seminantur,
3669 4302 3770 4344 nou

2198 4381 2534 4438 viviiicautur‘
2575 4380 2678 4436 nisi
2730 4382 3049 4438 moriantur.
3089 4375 3160 4438 Et
3202 4381 3396 4452 quatris
3439 4377 3540 4434 ltoc
3580 4378 3770 4434 dictum

2197 4474 2360 4531 etiam
2432 4473 2497 4530 ad
2559 4473 2768 4532 semina
2841 4475 3075 4530 humana
3121 4472 3449 4530 transferre:
3479 4473 3546 4529 de
3588 4469 3772 4542 quibus

2197 4565 2444 4640 quamvis
2471 4567 2736 4624 veraciter
2763 4567 2868 4622 dici
2921 4561 3134 4638 possit,
3187 4565 3328 4637 quod
3381 4563 3483 4620 illis
3523 4559 3659 4620 Deus
3685 4561 3776 4619 det

2198 4669 2395 4730 corpus
2432 4657 2708 4730 quomodo
2749 4657 3002 4726 voluerit,
3031 4663 3086 4712 et
3119 4657 3403 4730 unicuique
3436 4667 3618 4712 eorum
3647 4659 3770 4728 pro-

2198 4749 2373 4824 prium
2409 4763 2644 4824 corpus;
2673 4765 2785 4806 non“
2815 4759 2992 4807 tamen
3021 4749 3126 4806 dici
3164 4757 3372 4823 putest,
3417 4749 3558 4822 quod
3595 4763 3771 4804 semen

2197 4841 2431 4902 nominis
2449 4887 2466 4914 ,
2491 4843 2704 4917 quando
2749 4845 2954 4918 gremio
2983 4843 3200 4901 feminae
3228 4838 3540 4912 infunditur,
3567 4857 3670 4898 non
3697 4841 3774 4896 τί-

2196 4935 2442 4994 vilicatur‘
2465 4935 2568 4994 nisi
2617 4938 2896 4994 moriatur.
2927 4931 3036 4994 Sed
3062 4937 3218 5008 plane
3245 4932 3314 4993 de
3353 4948 3578 5007 corpore
3602 4933 3773 4990 homi-

2195 5031 2287 5088 nis
2329 5026 2440 5088 dict
2465 5039 2675 5102 pulset;
2729 5015 2835 5086 non
2879 5026 3026 5085 enim
3068 5038 3312 5102 resurget
3338 5027 3438 5083 nisi
3477 5027 3727 5084 moriatur
3752 5067 3770 5090 ,

2198 5133 2414 5196 propter
2435 5122 2584 5194 quod
2610 5131 2782 5178 talum
2809 5107 2946 5176 illud
2969 5120 3038 5177 de
3067 5119 3362 5177 seminibus
3389 5117 3772 5175 frumentorum
3811 5173 3820 5182 ,

2195 5215 2328 5273 dixit
2357 5213 2661 5286 Apostolus.
2685 5209 2802 5270 Non
2831 5212 3014 5285 natiue
3038 5211 3306 5268 innuerim
3329 5211 3460 5268 mibi
3483 5209 3651 5267 visum
3670 5220 3774 5290 ρει,

2199 5307 2320 5363 ideo
2343 5315 2394 5363 te
2420 5309 2472 5363 iu
2497 5306 2600 5364 hoc
2631 5305 2940 5362 testimdnio
2977 5320 3042 5360 ea
3078 5303 3241 5360 verba
3264 5302 3514 5368 tacuisse,
3545 5317 3637 5373 per
3657 5311 3776 5372 qua:

2195 5409 2482 5473 appareret
2507 5398 2574 5454 de
2605 5399 2801 5470 quibus
2827 5393 3124 5454 seminibus
3151 5395 3476 5468 loqueretur,
3510 5399 3664 5466 quem
3691 5399 3774 5447 tc-

2191 5501 2338 5550 suana
2360 5489 2684 5556 adhibuisti,
2717 5504 2786 5546 ne
2815 5497 2997 5544 mente
3025 5487 3170 5560 vigili
3197 5487 3367 5544 lector
3403 5485 3774 5541 admoueretur

2197 5583 2266 5657 (si
2295 5590 2474 5638 tamen
2495 5581 2597 5639 hoc
2629 5579 2926 5652 praevidere
2944 5578 3210 5652 potuisti),
3229 5579 3301 5636 ita
3327 5577 3380 5635 in
3406 5575 3647 5651 paradiso
3673 5589 3768 5646 po-

2262 5696 2280 5764 ξ
2313 5691 2472 5764 gadet
2506 5700 2782 5764 Furiarum,
2807 5689 3071 5742 diuturna

2259 5758 2282 5788 ³
2315 5755 2452 5814 mn,
2472 5752 2789 5818 sonﬁnnau’l.

2263 5819 2285 5850 ³
2313 5825 2510 5879 Stetisti.
2535 5813 2585 5866 ιιι
2607 5817 2765 5879 vign.,
2789 5813 2950 5879 coluit.

2262 5887 2284 5911 ι
2314 5877 2473 5928 Codex
2497 5885 2618 5931 I'ort.
2637 5875 2796 5942 ,quod
2818 5875 3090 5928 subdictnm
3112 5881 3197 5926 est.
