  <div class='ocr_page' id='page_1' title='image "/cluster/home/n/w/nwhite01/storage/ocr_20150623/44-45/uc1.31175026792435/733.png"; bbox 0 0 2075 3268; ppageno 0'>
   <div class='ocr_carea' id='block_1_1' title="bbox 233 187 301 214">
    <p class='ocr_par' dir='ltr' id='par_1_1' title="bbox 233 187 301 214">
     <span class='ocr_line' id='line_1_1' title="bbox 233 187 301 214; baseline -0.015 0"><span class='ocrx_word' id='word_1_1' title='bbox 233 187 301 214; x_wconf 77' lang='grc' dir='ltr'><strong>ΗΠ</strong></span> 
     </span>
    </p>
   </div>
   <div class='ocr_carea' id='block_1_2' title="bbox 234 237 1049 273">
    <p class='ocr_par' dir='ltr' id='par_1_2' title="bbox 234 237 1049 273">
     <span class='ocr_line' id='line_1_2' title="bbox 234 237 1049 273; baseline -0.007 -4"><span class='ocrx_word' id='word_1_2' title='bbox 234 250 295 270; x_wconf 85' lang='lat' dir='ltr'><strong>nem</strong></span> <span class='ocrx_word' id='word_1_3' title='bbox 310 242 453 273; x_wconf 85' lang='lat' dir='ltr'><strong>viseerum,</strong></span> <span class='ocrx_word' id='word_1_4' title='bbox 469 246 522 267; x_wconf 91' lang='lat' dir='ltr'><strong>non</strong></span> <span class='ocrx_word' id='word_1_5' title='bbox 536 238 604 266; x_wconf 87' lang='lat' dir='ltr'><strong>alios</strong></span> <span class='ocrx_word' id='word_1_6' title='bbox 628 245 734 270; x_wconf 89' lang='lat' dir='ltr'><strong>sensus,</strong></span> <span class='ocrx_word' id='word_1_7' title='bbox 746 245 799 265; x_wconf 92' lang='lat' dir='ltr'><strong>non</strong></span> <span class='ocrx_word' id='word_1_8' title='bbox 812 237 891 265; x_wconf 85' lang='lat' dir='ltr'><strong>aliam</strong></span> <span class='ocrx_word' id='word_1_9' title='bbox 907 237 1029 272; x_wconf 81' lang='lat' dir='ltr'><strong>volupta-</strong></span> <span class='ocrx_word' id='word_1_10' title='bbox 1043 264 1049 267; x_wconf 81' lang='grc'>,</span> 
     </span>
    </p>
   </div>
   <div class='ocr_carea' id='block_1_3' title="bbox 235 283 1030 321">
    <p class='ocr_par' dir='ltr' id='par_1_3' title="bbox 235 283 1030 321">
     <span class='ocr_line' id='line_1_3' title="bbox 235 283 1030 321; baseline -0.008 -5"><span class='ocrx_word' id='word_1_11' title='bbox 235 295 300 316; x_wconf 64' lang='lat' dir='ltr'><strong>tum.</strong></span> <span class='ocrx_word' id='word_1_12' title='bbox 317 287 516 316; x_wconf 82' lang='lat' dir='ltr'><strong>Admoneamus</strong></span> <span class='ocrx_word' id='word_1_13' title='bbox 530 286 611 321; x_wconf 82' lang='lat' dir='ltr'><strong>igitur</strong></span> <span class='ocrx_word' id='word_1_14' title='bbox 623 285 795 317; x_wconf 72' lang='lat' dir='ltr'><strong>Manichmos,</strong></span> <span class='ocrx_word' id='word_1_15' title='bbox 810 289 837 312; x_wconf 95' lang='grc' dir='ltr'><strong>ιιι</strong></span> <span class='ocrx_word' id='word_1_16' title='bbox 853 283 976 310; x_wconf 80' lang='lat' dir='ltr'><strong>desinam</strong></span> <span class='ocrx_word' id='word_1_17' title='bbox 986 291 1030 311; x_wconf 85' lang='lat' dir='ltr'><strong>re-</strong></span> 
     </span>
    </p>
   </div>
   <div class='ocr_carea' id='block_1_4' title="bbox 234 329 1027 368">
    <p class='ocr_par' dir='ltr' id='par_1_4' title="bbox 234 329 1027 368">
     <span class='ocr_line' id='line_1_4' title="bbox 234 329 1027 368; baseline -0.008 -6"><span class='ocrx_word' id='word_1_18' title='bbox 234 333 402 368; x_wconf 81' lang='lat' dir='ltr'><strong>prehendere</strong></span> <span class='ocrx_word' id='word_1_19' title='bbox 425 333 523 360; x_wconf 81' lang='lat' dir='ltr'><strong>divinae</strong></span> <span class='ocrx_word' id='word_1_20' title='bbox 549 331 618 359; x_wconf 86' lang='lat' dir='ltr'><strong>facta</strong></span> <span class='ocrx_word' id='word_1_21' title='bbox 646 331 802 366; x_wconf 66' lang='lat' dir='ltr'><strong>sapientim,</strong></span> <span class='ocrx_word' id='word_1_22' title='bbox 819 334 848 357; x_wconf 86' lang='grc' dir='ltr'><strong>ιιι</strong></span> <span class='ocrx_word' id='word_1_23' title='bbox 869 329 1027 365; x_wconf 82' lang='lat' dir='ltr'><strong>Opinionum</strong></span> 
     </span>
    </p>
   </div>
   <div class='ocr_carea' id='block_1_5' title="bbox 228 375 1032 414">
    <p class='ocr_par' dir='ltr' id='par_1_5' title="bbox 228 375 1032 414">
     <span class='ocr_line' id='line_1_5' title="bbox 228 375 1032 414; baseline -0.007 -6"><span class='ocrx_word' id='word_1_24' title='bbox 228 392 230 394; x_wconf 95' lang='grc'>·</span> <span class='ocrx_word' id='word_1_25' title='bbox 251 388 344 408; x_wconf 90' lang='lat' dir='ltr'><strong>uarum</strong></span> <span class='ocrx_word' id='word_1_26' title='bbox 372 380 509 414; x_wconf 86' lang='lat' dir='ltr'><strong>corrigant</strong></span> <span class='ocrx_word' id='word_1_27' title='bbox 524 378 681 414; x_wconf 74' lang='lat' dir='ltr'><strong>pravitatem</strong></span> <span class='ocrx_word' id='word_1_28' title='bbox 698 377 774 412; x_wconf 90' lang='lat' dir='ltr'><strong>:quia</strong></span> <span class='ocrx_word' id='word_1_29' title='bbox 789 384 838 404; x_wconf 89' lang='lat' dir='ltr'><strong>nec</strong></span> <span class='ocrx_word' id='word_1_30' title='bbox 851 375 885 403; x_wconf 85' lang='lat' dir='ltr'><strong>ad</strong></span> <span class='ocrx_word' id='word_1_31' title='bbox 905 376 1032 411; x_wconf 59' lang='lat' dir='ltr'><strong>quassﬁo-</strong></span> 
     </span>
    </p>
   </div>
   <div class='ocr_carea' id='block_1_6' title="bbox 236 423 1032 457">
    <p class='ocr_par' dir='ltr' id='par_1_6' title="bbox 236 423 1032 457">
     <span class='ocr_line' id='line_1_6' title="bbox 236 423 1032 457; baseline -0.004 -5"><span class='ocrx_word' id='word_1_32' title='bbox 236 434 297 454; x_wconf 84' lang='lat' dir='ltr'><strong>nem</strong></span> <span class='ocrx_word' id='word_1_33' title='bbox 321 426 440 453; x_wconf 72' lang='lat' dir='ltr'><strong>attinet‘</strong></span> <span class='ocrx_word' id='word_1_34' title='bbox 453 446 460 457; x_wconf 84' lang='grc'><em>,</em></span> <span class='ocrx_word' id='word_1_35' title='bbox 484 425 506 452; x_wconf 89' lang='lat' dir='ltr'><strong>si</strong></span> <span class='ocrx_word' id='word_1_36' title='bbox 525 425 603 452; x_wconf 87' lang='lat' dir='ltr'><strong>aliter</strong></span> <span class='ocrx_word' id='word_1_37' title='bbox 626 424 749 450; x_wconf 87' lang='lat' dir='ltr'><strong>homines</strong></span> <span class='ocrx_word' id='word_1_38' title='bbox 773 431 852 457; x_wconf 92' lang='lat' dir='ltr'><strong>quam</strong></span> <span class='ocrx_word' id='word_1_39' title='bbox 871 423 1032 449; x_wconf 74' lang='lat' dir='ltr'><strong>universitas</strong></span> 
     </span>
    </p>
   </div>
   <div class='ocr_carea' id='block_1_7' title="bbox 237 468 1032 507">
    <p class='ocr_par' dir='ltr' id='par_1_7' title="bbox 237 468 1032 507">
     <span class='ocr_line' id='line_1_7' title="bbox 237 468 1032 507; baseline -0.006 -8"><span class='ocrx_word' id='word_1_40' title='bbox 237 472 315 499; x_wconf 80' lang='lat' dir='ltr'><strong>testis</strong></span> <span class='ocrx_word' id='word_1_41' title='bbox 323 476 374 503; x_wconf 87' lang='lat' dir='ltr'><strong>cst,</strong></span> <span class='ocrx_word' id='word_1_42' title='bbox 388 471 541 507; x_wconf 86' lang='lat' dir='ltr'><strong>generaturi</strong></span> <span class='ocrx_word' id='word_1_43' title='bbox 557 470 637 497; x_wconf 90' lang='lat' dir='ltr'><strong>fuisse</strong></span> <span class='ocrx_word' id='word_1_44' title='bbox 651 470 790 501; x_wconf 80' lang='lat' dir='ltr'><strong>dicantur;</strong></span> <span class='ocrx_word' id='word_1_45' title='bbox 808 477 857 495; x_wconf 88' lang='lat' dir='ltr'><strong>nec</strong></span> <span class='ocrx_word' id='word_1_46' title='bbox 874 468 970 495; x_wconf 86' lang='lat' dir='ltr'><strong>melius</strong></span> <span class='ocrx_word' id='word_1_47' title='bbox 985 475 1032 495; x_wconf 90' lang='lat' dir='ltr'><strong>eos</strong></span> 
     </span>
    </p>
   </div>
   <div class='ocr_carea' id='block_1_8' title="bbox 236 513 1032 553">
    <p class='ocr_par' dir='ltr' id='par_1_8' title="bbox 236 513 1032 553">
     <span class='ocr_line' id='line_1_8' title="bbox 236 513 1032 553; baseline -0.004 -8"><span class='ocrx_word' id='word_1_48' title='bbox 236 518 294 546; x_wconf 85' lang='lat' dir='ltr'><strong>ﬂeri</strong></span> <span class='ocrx_word' id='word_1_49' title='bbox 319 518 439 553; x_wconf 88' lang='lat' dir='ltr'><strong>potuisse</strong></span> <span class='ocrx_word' id='word_1_50' title='bbox 451 524 531 552; x_wconf 89' lang='lat' dir='ltr'><strong>quam</strong></span> <span class='ocrx_word' id='word_1_51' title='bbox 545 516 607 544; x_wconf 85' lang='lat' dir='ltr'><strong>facti</strong></span> <span class='ocrx_word' id='word_1_52' title='bbox 629 520 709 547; x_wconf 89' lang='lat' dir='ltr'><strong>sunt,</strong></span> <span class='ocrx_word' id='word_1_53' title='bbox 726 520 755 542; x_wconf 86' lang='grc' dir='ltr'><strong>ιιι</strong></span> <span class='ocrx_word' id='word_1_54' title='bbox 770 515 849 547; x_wconf 91' lang='lat' dir='ltr'><strong>ratio,</strong></span> <span class='ocrx_word' id='word_1_55' title='bbox 865 515 900 542; x_wconf 89' lang='lat' dir='ltr'><strong>ita</strong></span> <span class='ocrx_word' id='word_1_56' title='bbox 915 519 943 542; x_wconf 92' lang='lat' dir='ltr'><strong>et</strong></span> <span class='ocrx_word' id='word_1_57' title='bbox 961 513 1032 542; x_wconf 86' lang='lat' dir='ltr'><strong>Scri-</strong></span> 
     </span>
    </p>
   </div>
   <div class='ocr_carea' id='block_1_9' title="bbox 236 562 1031 600">
    <p class='ocr_par' dir='ltr' id='par_1_9' title="bbox 236 562 1031 600">
     <span class='ocr_line' id='line_1_9' title="bbox 236 562 1031 600; baseline -0.005 -8"><span class='ocrx_word' id='word_1_58' title='bbox 236 570 313 600; x_wconf 86' lang='lat' dir='ltr'><strong>ptura</strong></span> <span class='ocrx_word' id='word_1_59' title='bbox 330 569 461 598; x_wconf 88' lang='lat' dir='ltr'><strong>testatur,</strong></span> <span class='ocrx_word' id='word_1_60' title='bbox 485 571 545 599; x_wconf 64' lang='lat' dir='ltr'><strong>qua:</strong></span> <span class='ocrx_word' id='word_1_61' title='bbox 558 563 657 590; x_wconf 80' lang='lat' dir='ltr'><strong>clamat</strong></span> <span class='ocrx_word' id='word_1_62' title='bbox 674 563 755 589; x_wconf 91' lang='lat' dir='ltr'><strong>Deum</strong></span> <span class='ocrx_word' id='word_1_63' title='bbox 772 570 824 589; x_wconf 92' lang='lat' dir='ltr'><strong>non</strong></span> <span class='ocrx_word' id='word_1_64' title='bbox 841 562 928 589; x_wconf 88' lang='lat' dir='ltr'><strong>solum</strong></span> <span class='ocrx_word' id='word_1_65' title='bbox 942 562 1011 588; x_wconf 90' lang='lat' dir='ltr'><strong>bona</strong></span> <span class='ocrx_word' id='word_1_66' title='bbox 1023 582 1031 594; x_wconf 87' lang='lat'><strong>,</strong></span> 
     </span>
    </p>
   </div>
   <div class='ocr_carea' id='block_1_10' title="bbox 236 607 1030 643">
    <p class='ocr_par' dir='ltr' id='par_1_10' title="bbox 236 607 1030 643">
     <span class='ocr_line' id='line_1_10' title="bbox 236 607 1030 643; baseline -0.005 -5"><span class='ocrx_word' id='word_1_67' title='bbox 236 610 285 638; x_wconf 87' lang='lat' dir='ltr'><strong>sed</strong></span> <span class='ocrx_word' id='word_1_68' title='bbox 308 611 388 638; x_wconf 86' lang='lat' dir='ltr'><strong>etiam</strong></span> <span class='ocrx_word' id='word_1_69' title='bbox 414 610 491 637; x_wconf 76' lang='lat' dir='ltr'><strong>valde</strong></span> <span class='ocrx_word' id='word_1_70' title='bbox 513 610 581 637; x_wconf 89' lang='lat' dir='ltr'><strong>bona</strong></span> <span class='ocrx_word' id='word_1_71' title='bbox 601 609 696 636; x_wconf 83' lang='lat' dir='ltr'><strong>fecisse</strong></span> <span class='ocrx_word' id='word_1_72' title='bbox 715 608 804 635; x_wconf 87' lang='lat' dir='ltr'><strong>omnia</strong></span> <span class='ocrx_word' id='word_1_73' title='bbox 832 607 919 643; x_wconf 78' lang='lat' dir='ltr'><strong>(Gen.</strong></span> <span class='ocrx_word' id='word_1_74' title='bbox 943 616 962 640; x_wconf 81' lang='grc' dir='ltr'>ι,</span> <span class='ocrx_word' id='word_1_75' title='bbox 977 607 1030 640; x_wconf 75' lang='lat' dir='ltr'><strong>5i;</strong></span> 
     </span>
    </p>
   </div>
   <div class='ocr_carea' id='block_1_11' title="bbox 239 655 1031 691">
    <p class='ocr_par' dir='ltr' id='par_1_11' title="bbox 239 655 1031 691">
     <span class='ocr_line' id='line_1_11' title="bbox 239 655 1031 691; baseline -0.004 -8"><span class='ocrx_word' id='word_1_76' title='bbox 239 656 319 684; x_wconf 80' lang='lat' dir='ltr'><strong>Eccli.</strong></span> <span class='ocrx_word' id='word_1_77' title='bbox 336 664 419 685; x_wconf 81' lang='lat' dir='ltr'><strong>xxxix</strong></span> <span class='ocrx_word' id='word_1_78' title='bbox 431 677 440 689; x_wconf 93' lang='lat'><strong>,</strong></span> <span class='ocrx_word' id='word_1_79' title='bbox 455 656 513 691; x_wconf 79' lang='grc'><strong>21).</strong></span> <span class='ocrx_word' id='word_1_80' title='bbox 529 656 566 683; x_wconf 81' lang='lat' dir='ltr'><strong>Ac</strong></span> <span class='ocrx_word' id='word_1_81' title='bbox 590 663 637 690; x_wconf 76' lang='lat' dir='ltr'><strong>per</strong></span> <span class='ocrx_word' id='word_1_82' title='bbox 654 655 704 681; x_wconf 84' lang='lat' dir='ltr'><strong>hoc</strong></span> <span class='ocrx_word' id='word_1_83' title='bbox 725 659 754 682; x_wconf 95' lang='grc' dir='ltr'><strong>ιιι</strong></span> <span class='ocrx_word' id='word_1_84' title='bbox 778 662 825 689; x_wconf 87' lang='lat' dir='ltr'><strong>per</strong></span> <span class='ocrx_word' id='word_1_85' title='bbox 846 659 930 681; x_wconf 91' lang='lat' dir='ltr'><strong>totum</strong></span> <span class='ocrx_word' id='word_1_86' title='bbox 945 660 1031 689; x_wconf 87' lang='lat' dir='ltr'><strong>opus,</strong></span> 
     </span>
    </p>
   </div>
   <div class='ocr_carea' id='block_1_12' title="bbox 239 699 1031 739">
    <p class='ocr_par' dir='ltr' id='par_1_12' title="bbox 239 699 1031 739">
     <span class='ocr_line' id='line_1_12' title="bbox 239 699 1031 739; baseline -0.005 -9"><span class='ocrx_word' id='word_1_87' title='bbox 239 703 283 731; x_wconf 92' lang='lat' dir='ltr'><strong>hic</strong></span> <span class='ocrx_word' id='word_1_88' title='bbox 298 710 405 739; x_wconf 86' lang='lat' dir='ltr'><strong>quoque</strong></span> <span class='ocrx_word' id='word_1_89' title='bbox 422 702 630 730; x_wconf 54' lang='lat' dir='ltr'><strong>Manichaeorum</strong></span> <span class='ocrx_word' id='word_1_90' title='bbox 655 701 751 736; x_wconf 78' lang='lat' dir='ltr'><strong>dogma</strong></span> <span class='ocrx_word' id='word_1_91' title='bbox 774 701 922 735; x_wconf 88' lang='lat' dir='ltr'><strong>coliapsutn</strong></span> <span class='ocrx_word' id='word_1_92' title='bbox 937 704 988 728; x_wconf 87' lang='lat' dir='ltr'><strong>est.</strong></span> <span class='ocrx_word' id='word_1_93' title='bbox 1004 699 1031 726; x_wconf 92' lang='lat' dir='ltr'><strong>In</strong></span> 
     </span>
    </p>
   </div>
   <div class='ocr_carea' id='block_1_13' title="bbox 237 745 1033 783">
    <p class='ocr_par' dir='ltr' id='par_1_13' title="bbox 237 745 1033 783">
     <span class='ocr_line' id='line_1_13' title="bbox 237 745 1033 783; baseline -0.006 -7"><span class='ocrx_word' id='word_1_94' title='bbox 237 749 328 776; x_wconf 83' lang='lat' dir='ltr'><strong>futuro</strong></span> <span class='ocrx_word' id='word_1_95' title='bbox 341 753 432 776; x_wconf 86' lang='lat' dir='ltr'><strong>autem</strong></span> <span class='ocrx_word' id='word_1_96' title='bbox 453 752 575 783; x_wconf 85' lang='lat' dir='ltr'><strong>tempore</strong></span> <span class='ocrx_word' id='word_1_97' title='bbox 596 747 754 782; x_wconf 81' lang='lat' dir='ltr'><strong>gloriosiora</strong></span> <span class='ocrx_word' id='word_1_98' title='bbox 769 753 896 782; x_wconf 83' lang='lat' dir='ltr'><strong>corpora,</strong></span> <span class='ocrx_word' id='word_1_99' title='bbox 910 752 960 773; x_wconf 90' lang='lat' dir='ltr'><strong>nec</strong></span> <span class='ocrx_word' id='word_1_100' title='bbox 975 745 1033 779; x_wconf 87' lang='lat' dir='ltr'><strong>opis</strong></span> 
     </span>
    </p>
   </div>
   <div class='ocr_carea' id='block_1_14' title="bbox 239 791 1031 831">
    <p class='ocr_par' dir='ltr' id='par_1_14' title="bbox 239 791 1031 831">
     <span class='ocr_line' id='line_1_14' title="bbox 239 791 1031 831; baseline -0.008 -8"><span class='ocrx_word' id='word_1_101' title='bbox 239 795 344 831; x_wconf 79' lang='lat' dir='ltr'><strong>egentia</strong></span> <span class='ocrx_word' id='word_1_102' title='bbox 357 816 364 828; x_wconf 89' lang='lat'><strong>,</strong></span> <span class='ocrx_word' id='word_1_103' title='bbox 380 794 438 822; x_wconf 89' lang='lat' dir='ltr'><strong>fore</strong></span> <span class='ocrx_word' id='word_1_104' title='bbox 458 795 598 822; x_wconf 82' lang='lat' dir='ltr'><strong>beatorum</strong></span> <span class='ocrx_word' id='word_1_105' title='bbox 623 793 748 820; x_wconf 79' lang='lat' dir='ltr'><strong>fatemur.</strong></span> <span class='ocrx_word' id='word_1_106' title='bbox 764 792 817 820; x_wconf 83' lang='lat' dir='ltr'><strong>Sed</strong></span> <span class='ocrx_word' id='word_1_107' title='bbox 835 796 863 819; x_wconf 91' lang='lat' dir='ltr'><strong>et</strong></span> <span class='ocrx_word' id='word_1_108' title='bbox 882 792 933 819; x_wconf 85' lang='lat' dir='ltr'><strong>hoc</strong></span> <span class='ocrx_word' id='word_1_109' title='bbox 947 791 1031 825; x_wconf 89' lang='lat' dir='ltr'><strong>ipsum</strong></span> 
     </span>
    </p>
   </div>
   <div class='ocr_carea' id='block_1_15' title="bbox 237 837 1033 876">
    <p class='ocr_par' dir='ltr' id='par_1_15' title="bbox 237 837 1033 876">
     <span class='ocr_line' id='line_1_15' title="bbox 237 837 1033 876; baseline -0.003 -10"><span class='ocrx_word' id='word_1_110' title='bbox 237 841 340 876; x_wconf 83' lang='lat' dir='ltr'><strong>oplime</strong></span> <span class='ocrx_word' id='word_1_111' title='bbox 360 840 513 868; x_wconf 86' lang='lat' dir='ltr'><strong>institutum</strong></span> <span class='ocrx_word' id='word_1_112' title='bbox 535 844 576 867; x_wconf 87' lang='lat' dir='ltr'><strong>est</strong></span> <span class='ocrx_word' id='word_1_113' title='bbox 588 847 602 866; x_wconf 89' lang='lat' dir='ltr'><strong>a</strong></span> <span class='ocrx_word' id='word_1_114' title='bbox 620 839 674 866; x_wconf 88' lang='lat' dir='ltr'><strong>Dco</strong></span> <span class='ocrx_word' id='word_1_115' title='bbox 685 838 836 874; x_wconf 88' lang='lat' dir='ltr'><strong>justissimo</strong></span> <span class='ocrx_word' id='word_1_116' title='bbox 848 845 880 865; x_wconf 90' lang='lat' dir='ltr'><strong>ac</strong></span> <span class='ocrx_word' id='word_1_117' title='bbox 892 837 1033 873; x_wconf 85' lang='lat' dir='ltr'><strong>sapientis-</strong></span> 
     </span>
    </p>
   </div>
   <div class='ocr_carea' id='block_1_16' title="bbox 236 884 1031 921">
    <p class='ocr_par' dir='ltr' id='par_1_16' title="bbox 236 884 1031 921">
     <span class='ocr_line' id='line_1_16' title="bbox 236 884 1031 921; baseline -0.005 -7"><span class='ocrx_word' id='word_1_118' title='bbox 236 887 316 918; x_wconf 66' lang='lat' dir='ltr'><strong>simo,</strong></span> <span class='ocrx_word' id='word_1_119' title='bbox 331 891 360 913; x_wconf 91' lang='lat' dir='ltr'><strong>ut</strong></span> <span class='ocrx_word' id='word_1_120' title='bbox 376 890 474 913; x_wconf 87' lang='lat' dir='ltr'><strong>statum</strong></span> <span class='ocrx_word' id='word_1_121' title='bbox 498 885 600 921; x_wconf 61' lang='lat' dir='ltr'><strong>praemii</strong></span> <span class='ocrx_word' id='word_1_122' title='bbox 614 884 768 919; x_wconf 84' lang='lat' dir='ltr'><strong>neutiquam</strong></span> <span class='ocrx_word' id='word_1_123' title='bbox 784 888 877 912; x_wconf 90' lang='lat' dir='ltr'><strong>natura</strong></span> <span class='ocrx_word' id='word_1_124' title='bbox 894 887 1031 918; x_wconf 80' lang='lat' dir='ltr'><strong>perverte-</strong></span> 
     </span>
    </p>
   </div>
   <div class='ocr_carea' id='block_1_17' title="bbox 236 929 1033 966">
    <p class='ocr_par' dir='ltr' id='par_1_17' title="bbox 236 929 1033 966">
     <span class='ocr_line' id='line_1_17' title="bbox 236 929 1033 966; baseline -0.005 -7"><span class='ocrx_word' id='word_1_125' title='bbox 236 936 277 959; x_wconf 87' lang='lat' dir='ltr'><strong>ret</strong></span> <span class='ocrx_word' id='word_1_126' title='bbox 287 933 297 948; x_wconf 84' lang='grc'><strong>¹</strong></span> <span class='ocrx_word' id='word_1_127' title='bbox 311 940 319 964; x_wconf 84' lang='grc'><strong>;</strong></span> <span class='ocrx_word' id='word_1_128' title='bbox 335 930 382 959; x_wconf 90' lang='lat' dir='ltr'><strong>sed</strong></span> <span class='ocrx_word' id='word_1_129' title='bbox 406 935 479 959; x_wconf 83' lang='lat' dir='ltr'><strong>esset</strong></span> <span class='ocrx_word' id='word_1_130' title='bbox 494 930 597 966; x_wconf 85' lang='lat' dir='ltr'><strong>primus</strong></span> <span class='ocrx_word' id='word_1_131' title='bbox 615 930 712 965; x_wconf 81' lang='lat' dir='ltr'><strong>gradus</strong></span> <span class='ocrx_word' id='word_1_132' title='bbox 725 950 733 962; x_wconf 96' lang='lat'><strong>,</strong></span> <span class='ocrx_word' id='word_1_133' title='bbox 758 930 784 957; x_wconf 92' lang='lat' dir='ltr'><strong>in</strong></span> <span class='ocrx_word' id='word_1_134' title='bbox 806 937 860 965; x_wconf 87' lang='lat' dir='ltr'><strong>quo</strong></span> <span class='ocrx_word' id='word_1_135' title='bbox 873 929 1033 956; x_wconf 67' lang='lat' dir='ltr'><strong>consisteret</strong></span> 
     </span>
    </p>
   </div>
   <div class='ocr_carea' id='block_1_18' title="bbox 235 974 1031 1013">
    <p class='ocr_par' dir='ltr' id='par_1_18' title="bbox 235 974 1031 1013">
     <span class='ocr_line' id='line_1_18' title="bbox 235 974 1031 1013; baseline -0.005 -8"><span class='ocrx_word' id='word_1_136' title='bbox 235 978 385 1013; x_wconf 74' lang='lat' dir='ltr'><strong>ingenuitas</strong></span> <span class='ocrx_word' id='word_1_137' title='bbox 397 976 539 1009; x_wconf 88' lang='lat' dir='ltr'><strong>naturalis,</strong></span> <span class='ocrx_word' id='word_1_138' title='bbox 560 980 588 1004; x_wconf 90' lang='lat' dir='ltr'><strong>et</strong></span> <span class='ocrx_word' id='word_1_139' title='bbox 605 975 638 1003; x_wconf 90' lang='lat' dir='ltr'><strong>de</strong></span> <span class='ocrx_word' id='word_1_140' title='bbox 651 983 705 1011; x_wconf 91' lang='lat' dir='ltr'><strong>quo</strong></span> <span class='ocrx_word' id='word_1_141' title='bbox 717 997 723 1008; x_wconf 85' lang='lat'><strong>,</strong></span> <span class='ocrx_word' id='word_1_142' title='bbox 738 983 786 1010; x_wconf 85' lang='lat' dir='ltr'><strong>pro</strong></span> <span class='ocrx_word' id='word_1_143' title='bbox 804 975 865 1010; x_wconf 87' lang='lat' dir='ltr'><strong>jure</strong></span> <span class='ocrx_word' id='word_1_144' title='bbox 879 974 982 1002; x_wconf 82' lang='lat' dir='ltr'><strong>arbitrii</strong></span> <span class='ocrx_word' id='word_1_145' title='bbox 999 975 1031 1002; x_wconf 75' lang='lat' dir='ltr'><strong>li-</strong></span> 
     </span>
    </p>
   </div>
   <div class='ocr_carea' id='block_1_19' title="bbox 236 1020 1032 1058">
    <p class='ocr_par' dir='ltr' id='par_1_19' title="bbox 236 1020 1032 1058">
     <span class='ocr_line' id='line_1_19' title="bbox 236 1020 1032 1058; baseline -0.005 -7"><span class='ocrx_word' id='word_1_146' title='bbox 236 1023 305 1055; x_wconf 81' lang='lat' dir='ltr'><strong>beri,</strong></span> <span class='ocrx_word' id='word_1_147' title='bbox 321 1023 362 1050; x_wconf 84' lang='lat' dir='ltr'><strong>vel</strong></span> <span class='ocrx_word' id='word_1_148' title='bbox 384 1022 417 1050; x_wconf 90' lang='lat' dir='ltr'><strong>ad</strong></span> <span class='ocrx_word' id='word_1_149' title='bbox 432 1029 574 1058; x_wconf 65' lang='lat' dir='ltr'><strong>pinnarum</strong></span> <span class='ocrx_word' id='word_1_150' title='bbox 588 1022 640 1049; x_wconf 88' lang='lat' dir='ltr'><strong>ima</strong></span> <span class='ocrx_word' id='word_1_151' title='bbox 655 1021 851 1053; x_wconf 82' lang='lat' dir='ltr'><strong>descenderet,</strong></span> <span class='ocrx_word' id='word_1_152' title='bbox 868 1021 909 1048; x_wconf 84' lang='lat' dir='ltr'><strong>vel</strong></span> <span class='ocrx_word' id='word_1_153' title='bbox 925 1020 959 1048; x_wconf 88' lang='lat' dir='ltr'><strong>ad</strong></span> <span class='ocrx_word' id='word_1_154' title='bbox 974 1021 1032 1056; x_wconf 82' lang='lat' dir='ltr'><strong>glo-</strong></span> 
     </span>
    </p>
   </div>
   <div class='ocr_carea' id='block_1_20' title="bbox 235 1067 1033 1103">
    <p class='ocr_par' dir='ltr' id='par_1_20' title="bbox 235 1067 1033 1103">
     <span class='ocr_line' id='line_1_20' title="bbox 235 1067 1033 1103; baseline -0.001 -8"><span class='ocrx_word' id='word_1_155' title='bbox 235 1070 334 1097; x_wconf 82' lang='lat' dir='ltr'><strong>riarum</strong></span> <span class='ocrx_word' id='word_1_156' title='bbox 347 1076 476 1097; x_wconf 88' lang='lat' dir='ltr'><strong>cacumen</strong></span> <span class='ocrx_word' id='word_1_157' title='bbox 487 1075 536 1103; x_wconf 92' lang='lat' dir='ltr'><strong>per</strong></span> <span class='ocrx_word' id='word_1_158' title='bbox 547 1075 595 1096; x_wconf 88' lang='lat' dir='ltr'><strong>eas</strong></span> <span class='ocrx_word' id='word_1_159' title='bbox 608 1067 674 1100; x_wconf 86' lang='lat' dir='ltr'><strong>vias,</strong></span> <span class='ocrx_word' id='word_1_160' title='bbox 687 1075 753 1102; x_wconf 90' lang='lat' dir='ltr'><strong>quas</strong></span> <span class='ocrx_word' id='word_1_161' title='bbox 767 1067 836 1094; x_wconf 87' lang='lat' dir='ltr'><strong>Deus</strong></span> <span class='ocrx_word' id='word_1_162' title='bbox 849 1067 977 1100; x_wconf 91' lang='lat' dir='ltr'><strong>instituit,</strong></span> <span class='ocrx_word' id='word_1_163' title='bbox 993 1074 1033 1094; x_wconf 86' lang='lat' dir='ltr'><strong>nl-</strong></span> 
     </span>
    </p>
   </div>
   <div class='ocr_carea' id='block_1_21' title="bbox 234 1122 345 1145">
    <p class='ocr_par' dir='ltr' id='par_1_21' title="bbox 234 1122 345 1145">
     <span class='ocr_line' id='line_1_21' title="bbox 234 1122 345 1145; baseline -0.009 0"><span class='ocrx_word' id='word_1_164' title='bbox 234 1122 345 1145; x_wconf 81' lang='lat' dir='ltr'><strong>teretur.</strong></span> 
     </span>
    </p>
   </div>
   <div class='ocr_carea' id='block_1_22' title="bbox 269 1161 1032 1196">
    <p class='ocr_par' dir='ltr' id='par_1_22' title="bbox 269 1161 1032 1196">
     <span class='ocr_line' id='line_1_22' title="bbox 269 1161 1032 1196; baseline -0.005 -5"><span class='ocrx_word' id='word_1_165' title='bbox 269 1164 338 1191; x_wconf 83' lang='lat' dir='ltr'><strong>Auc.</strong></span> <span class='ocrx_word' id='word_1_166' title='bbox 353 1162 482 1196; x_wconf 85' lang='lat' dir='ltr'><strong>Prorsus,</strong></span> <span class='ocrx_word' id='word_1_167' title='bbox 502 1161 623 1195; x_wconf 84' lang='lat' dir='ltr'><strong>Juliane,</strong></span> <span class='ocrx_word' id='word_1_168' title='bbox 645 1169 698 1189; x_wconf 93' lang='lat' dir='ltr'><strong>non</strong></span> <span class='ocrx_word' id='word_1_169' title='bbox 715 1161 811 1196; x_wconf 86' lang='lat' dir='ltr'><strong>putasti</strong></span> <span class='ocrx_word' id='word_1_170' title='bbox 824 1165 851 1188; x_wconf 91' lang='lat' dir='ltr'><strong>et</strong></span> <span class='ocrx_word' id='word_1_171' title='bbox 870 1168 929 1188; x_wconf 88' lang='lat' dir='ltr'><strong>mea</strong></span> <span class='ocrx_word' id='word_1_172' title='bbox 942 1165 971 1188; x_wconf 89' lang='lat' dir='ltr'><strong>et</strong></span> <span class='ocrx_word' id='word_1_173' title='bbox 988 1165 1032 1188; x_wconf 82' lang='lat' dir='ltr'><strong>tua</strong></span> 
     </span>
    </p>
   </div>
   <div class='ocr_carea' id='block_1_23' title="bbox 235 1206 1030 1240">
    <p class='ocr_par' dir='ltr' id='par_1_23' title="bbox 235 1206 1030 1240">
     <span class='ocr_line' id='line_1_23' title="bbox 235 1206 1030 1240; baseline -0.004 -5"><span class='ocrx_word' id='word_1_174' title='bbox 235 1209 359 1237; x_wconf 83' lang='lat' dir='ltr'><strong>homines</strong></span> <span class='ocrx_word' id='word_1_175' title='bbox 370 1216 430 1236; x_wconf 83' lang='lat' dir='ltr'><strong>esse</strong></span> <span class='ocrx_word' id='word_1_176' title='bbox 440 1208 572 1240; x_wconf 83' lang='lat' dir='ltr'><strong>lecturos;</strong></span> <span class='ocrx_word' id='word_1_177' title='bbox 587 1207 635 1235; x_wconf 89' lang='lat' dir='ltr'><strong>sed</strong></span> <span class='ocrx_word' id='word_1_178' title='bbox 646 1207 686 1234; x_wconf 88' lang='lat' dir='ltr'><strong>eis</strong></span> <span class='ocrx_word' id='word_1_179' title='bbox 697 1206 882 1234; x_wconf 83' lang='lat' dir='ltr'><strong>tantummodo</strong></span> <span class='ocrx_word' id='word_1_180' title='bbox 891 1206 1030 1240; x_wconf 78' lang='lat' dir='ltr'><strong>scripsisti,</strong></span> 
     </span>
    </p>
   </div>
   <div class='ocr_carea' id='block_1_24' title="bbox 234 1251 1033 1290">
    <p class='ocr_par' dir='ltr' id='par_1_24' title="bbox 234 1251 1033 1290">
     <span class='ocr_line' id='line_1_24' title="bbox 234 1251 1033 1290; baseline -0.005 -8"><span class='ocrx_word' id='word_1_181' title='bbox 234 1254 281 1290; x_wconf 91' lang='lat' dir='ltr'><strong>qui</strong></span> <span class='ocrx_word' id='word_1_182' title='bbox 301 1253 369 1282; x_wconf 85' lang='lat' dir='ltr'><strong>meis</strong></span> <span class='ocrx_word' id='word_1_183' title='bbox 391 1253 519 1289; x_wconf 88' lang='lat' dir='ltr'><strong>ignoratis</strong></span> <span class='ocrx_word' id='word_1_184' title='bbox 532 1253 588 1280; x_wconf 75' lang='lat' dir='ltr'><strong>sive</strong></span> <span class='ocrx_word' id='word_1_185' title='bbox 607 1252 753 1287; x_wconf 82' lang='lat' dir='ltr'><strong>neglectis,</strong></span> <span class='ocrx_word' id='word_1_186' title='bbox 768 1259 819 1280; x_wconf 89' lang='lat' dir='ltr'><strong>nec</strong></span> <span class='ocrx_word' id='word_1_187' title='bbox 838 1251 958 1286; x_wconf 88' lang='lat' dir='ltr'><strong>utrisque</strong></span> <span class='ocrx_word' id='word_1_188' title='bbox 971 1251 1033 1278; x_wconf 92' lang='lat' dir='ltr'><strong>dili-</strong></span> 
     </span>
    </p>
   </div>
   <div class='ocr_carea' id='block_1_25' title="bbox 235 1298 1031 1335">
    <p class='ocr_par' dir='ltr' id='par_1_25' title="bbox 235 1298 1031 1335">
     <span class='ocr_line' id='line_1_25' title="bbox 235 1298 1031 1335; baseline -0.005 -7"><span class='ocrx_word' id='word_1_189' title='bbox 235 1305 332 1334; x_wconf 71' lang='lat' dir='ltr'><strong>genter</strong></span> <span class='ocrx_word' id='word_1_190' title='bbox 345 1299 473 1335; x_wconf 85' lang='lat' dir='ltr'><strong>inspectis</strong></span> <span class='ocrx_word' id='word_1_191' title='bbox 482 1319 490 1333; x_wconf 88' lang='lat'><strong>,</strong></span> <span class='ocrx_word' id='word_1_192' title='bbox 505 1303 549 1326; x_wconf 87' lang='lat' dir='ltr'><strong>tua</strong></span> <span class='ocrx_word' id='word_1_193' title='bbox 564 1298 621 1326; x_wconf 82' lang='lat' dir='ltr'><strong>sola</strong></span> <span class='ocrx_word' id='word_1_194' title='bbox 648 1298 739 1333; x_wconf 82' lang='lat' dir='ltr'><strong>legere</strong></span> <span class='ocrx_word' id='word_1_195' title='bbox 751 1305 782 1326; x_wconf 89' lang='lat' dir='ltr'><strong>ac</strong></span> <span class='ocrx_word' id='word_1_196' title='bbox 797 1305 876 1325; x_wconf 84' lang='lat' dir='ltr'><strong>nosse</strong></span> <span class='ocrx_word' id='word_1_197' title='bbox 888 1303 1031 1330; x_wconf 87' lang='lat' dir='ltr'><strong>curarent;</strong></span> 
     </span>
    </p>
   </div>
   <div class='ocr_carea' id='block_1_26' title="bbox 237 1342 1032 1378">
    <p class='ocr_par' dir='ltr' id='par_1_26' title="bbox 237 1342 1032 1378">
     <span class='ocr_line' id='line_1_26' title="bbox 237 1342 1032 1378; baseline -0.004 -6"><span class='ocrx_word' id='word_1_198' title='bbox 237 1353 287 1372; x_wconf 90' lang='lat' dir='ltr'><strong>nec</strong></span> <span class='ocrx_word' id='word_1_199' title='bbox 300 1344 401 1372; x_wconf 77' lang='lat' dir='ltr'><strong>dixisse</strong></span> <span class='ocrx_word' id='word_1_200' title='bbox 415 1351 459 1372; x_wconf 89' lang='lat' dir='ltr'><strong>me</strong></span> <span class='ocrx_word' id='word_1_201' title='bbox 471 1343 627 1376; x_wconf 87' lang='lat' dir='ltr'><strong>crederent,</strong></span> <span class='ocrx_word' id='word_1_202' title='bbox 643 1343 693 1370; x_wconf 90' lang='lat' dir='ltr'><strong>nisi</strong></span> <span class='ocrx_word' id='word_1_203' title='bbox 708 1342 779 1378; x_wconf 88' lang='lat' dir='ltr'><strong>quod</strong></span> <span class='ocrx_word' id='word_1_204' title='bbox 793 1350 808 1369; x_wconf 89' lang='lat' dir='ltr'><strong>a</strong></span> <span class='ocrx_word' id='word_1_205' title='bbox 824 1347 850 1371; x_wconf 90' lang='lat' dir='ltr'><strong>te</strong></span> <span class='ocrx_word' id='word_1_206' title='bbox 867 1350 1032 1370; x_wconf 85' lang='lat' dir='ltr'><strong>commemo-</strong></span> 
     </span>
    </p>
   </div>
   <div class='ocr_carea' id='block_1_27' title="bbox 236 1389 1031 1425">
    <p class='ocr_par' dir='ltr' id='par_1_27' title="bbox 236 1389 1031 1425">
     <span class='ocr_line' id='line_1_27' title="bbox 236 1389 1031 1425; baseline -0.001 -7"><span class='ocrx_word' id='word_1_207' title='bbox 236 1395 340 1423; x_wconf 87' lang='lat' dir='ltr'><strong>ratum,</strong></span> <span class='ocrx_word' id='word_1_208' title='bbox 357 1395 482 1425; x_wconf 87' lang='lat' dir='ltr'><strong>tanquam</strong></span> <span class='ocrx_word' id='word_1_209' title='bbox 496 1390 530 1418; x_wconf 91' lang='lat' dir='ltr'><strong>de</strong></span> <span class='ocrx_word' id='word_1_210' title='bbox 552 1389 619 1418; x_wconf 88' lang='lat' dir='ltr'><strong>meis</strong></span> <span class='ocrx_word' id='word_1_211' title='bbox 629 1411 636 1421; x_wconf 90' lang='lat'><em>.</em></span> <span class='ocrx_word' id='word_1_212' title='bbox 654 1390 680 1417; x_wconf 89' lang='lat' dir='ltr'><strong>in</strong></span> <span class='ocrx_word' id='word_1_213' title='bbox 696 1390 747 1417; x_wconf 85' lang='lat' dir='ltr'><strong>tuis</strong></span> <span class='ocrx_word' id='word_1_214' title='bbox 761 1390 857 1418; x_wconf 87' lang='lat' dir='ltr'><strong>litteris</strong></span> <span class='ocrx_word' id='word_1_215' title='bbox 872 1390 1031 1418; x_wconf 87' lang='lat' dir='ltr'><strong>invenirent.</strong></span> 
     </span>
    </p>
   </div>
   <div class='ocr_carea' id='block_1_28' title="bbox 236 1434 1032 1470">
    <p class='ocr_par' dir='ltr' id='par_1_28' title="bbox 236 1434 1032 1470">
     <span class='ocr_line' id='line_1_28' title="bbox 236 1434 1032 1470; baseline -0.001 -7"><span class='ocrx_word' id='word_1_216' title='bbox 236 1437 304 1464; x_wconf 87' lang='lat' dir='ltr'><strong>llinc</strong></span> <span class='ocrx_word' id='word_1_217' title='bbox 321 1435 393 1464; x_wconf 89' lang='lat' dir='ltr'><strong>enim</strong></span> <span class='ocrx_word' id='word_1_218' title='bbox 408 1435 504 1462; x_wconf 89' lang='lat' dir='ltr'><strong>factum</strong></span> <span class='ocrx_word' id='word_1_219' title='bbox 528 1443 589 1463; x_wconf 82' lang='lat' dir='ltr'><strong>esse</strong></span> <span class='ocrx_word' id='word_1_220' title='bbox 604 1434 698 1467; x_wconf 84' lang='lat' dir='ltr'><strong>video,</strong></span> <span class='ocrx_word' id='word_1_221' title='bbox 715 1440 743 1462; x_wconf 91' lang='lat' dir='ltr'><strong>ut</strong></span> <span class='ocrx_word' id='word_1_222' title='bbox 755 1436 815 1470; x_wconf 86' lang='lat' dir='ltr'><strong>quia</strong></span> <span class='ocrx_word' id='word_1_223' title='bbox 831 1443 881 1470; x_wconf 85' lang='lat' dir='ltr'><strong>ego</strong></span> <span class='ocrx_word' id='word_1_224' title='bbox 893 1434 1032 1468; x_wconf 88' lang='lat' dir='ltr'><strong>dixerant,</strong></span> 
     </span>
    </p>
   </div>
   <div class='ocr_carea' id='block_1_29' title="bbox 240 1481 1034 1516">
    <p class='ocr_par' dir='ltr' id='par_1_29' title="bbox 240 1481 1034 1516">
     <span class='ocr_line' id='line_1_29' title="bbox 240 1481 1034 1516; baseline 0.003 -9"><span class='ocrx_word' id='word_1_225' title='bbox 240 1493 248 1507; x_wconf 76' lang='grc' dir='ltr'><strong>ι</strong></span> <span class='ocrx_word' id='word_1_226' title='bbox 263 1482 318 1510; x_wconf 89' lang='lat' dir='ltr'><strong>Cur</strong></span> <span class='ocrx_word' id='word_1_227' title='bbox 332 1482 403 1509; x_wconf 90' lang='lat' dir='ltr'><strong>enim</strong></span> <span class='ocrx_word' id='word_1_228' title='bbox 418 1489 471 1508; x_wconf 93' lang='lat' dir='ltr'><strong>non</strong></span> <span class='ocrx_word' id='word_1_229' title='bbox 484 1481 626 1508; x_wconf 81' lang='lat' dir='ltr'><strong>credamus</strong></span> <span class='ocrx_word' id='word_1_230' title='bbox 638 1481 719 1508; x_wconf 86' lang='lat' dir='ltr'><strong>Deum</strong></span> <span class='ocrx_word' id='word_1_231' title='bbox 735 1481 853 1516; x_wconf 85' lang='lat' dir='ltr'><strong>potuisse</strong></span> <span class='ocrx_word' id='word_1_232' title='bbox 867 1481 893 1508; x_wconf 91' lang='lat' dir='ltr'><strong>in</strong></span> <span class='ocrx_word' id='word_1_233' title='bbox 907 1481 1034 1516; x_wconf 84' lang='lat' dir='ltr'><strong>paradiso</strong></span> 
     </span>
    </p>
   </div>
   <div class='ocr_carea' id='block_1_30' title="bbox 234 1527 1034 1562">
    <p class='ocr_par' dir='ltr' id='par_1_30' title="bbox 234 1527 1034 1562">
     <span class='ocr_line' id='line_1_30' title="bbox 234 1527 1034 1562; baseline 0 -8"><span class='ocrx_word' id='word_1_234' title='bbox 234 1527 383 1556; x_wconf 77' lang='lat' dir='ltr'><strong>rmtcederc</strong></span> <span class='ocrx_word' id='word_1_235' title='bbox 395 1527 495 1555; x_wconf 86' lang='lat' dir='ltr'><strong>homini</strong></span> <span class='ocrx_word' id='word_1_236' title='bbox 512 1527 589 1554; x_wconf 88' lang='lat' dir='ltr'><strong>beato</strong></span> <span class='ocrx_word' id='word_1_237' title='bbox 601 1527 636 1554; x_wconf 84' lang='lat' dir='ltr'><strong>de</strong></span> <span class='ocrx_word' id='word_1_238' title='bbox 648 1534 697 1554; x_wconf 86' lang='lat' dir='ltr'><strong>suo</strong></span> <span class='ocrx_word' id='word_1_239' title='bbox 708 1527 821 1559; x_wconf 83' lang='lat' dir='ltr'><strong>semine,</strong></span> <span class='ocrx_word' id='word_1_240' title='bbox 837 1527 909 1562; x_wconf 91' lang='lat' dir='ltr'><strong>quod</strong></span> <span class='ocrx_word' id='word_1_241' title='bbox 922 1535 1034 1554; x_wconf 84' lang='lat' dir='ltr'><strong>conces-</strong></span> 
     </span>
    </p>
   </div>
   <div class='ocr_carea' id='block_1_31' title="bbox 236 1572 1033 1609">
    <p class='ocr_par' dir='ltr' id='par_1_31' title="bbox 236 1572 1033 1609">
     <span class='ocr_line' id='line_1_31' title="bbox 236 1572 1033 1609; baseline -0.004 -7"><span class='ocrx_word' id='word_1_242' title='bbox 236 1582 296 1602; x_wconf 75' lang='lat' dir='ltr'><strong>sum</strong></span> <span class='ocrx_word' id='word_1_243' title='bbox 311 1573 434 1602; x_wconf 87' lang='lat' dir='ltr'><strong>videmus</strong></span> <span class='ocrx_word' id='word_1_244' title='bbox 447 1573 572 1609; x_wconf 77' lang='lat' dir='ltr'><strong>agricolis</strong></span> <span class='ocrx_word' id='word_1_245' title='bbox 586 1572 621 1600; x_wconf 89' lang='lat' dir='ltr'><strong>de</strong></span> <span class='ocrx_word' id='word_1_246' title='bbox 634 1572 714 1599; x_wconf 89' lang='lat' dir='ltr'><strong>tritici</strong></span> <span class='ocrx_word' id='word_1_247' title='bbox 730 1572 833 1600; x_wconf 90' lang='lat' dir='ltr'><strong>semine</strong></span> <span class='ocrx_word' id='word_1_248' title='bbox 842 1592 850 1605; x_wconf 92' lang='lat'><strong>,</strong></span> <span class='ocrx_word' id='word_1_249' title='bbox 867 1577 895 1600; x_wconf 89' lang='lat' dir='ltr'><strong>ut</strong></span> <span class='ocrx_word' id='word_1_250' title='bbox 907 1580 941 1600; x_wconf 87' lang='lat' dir='ltr'><strong>eo</strong></span> <span class='ocrx_word' id='word_1_251' title='bbox 954 1573 1033 1600; x_wconf 91' lang='lat' dir='ltr'><strong>modo</strong></span> 
     </span>
    </p>
   </div>
   <div class='ocr_carea' id='block_1_32' title="bbox 235 1618 1034 1653">
    <p class='ocr_par' dir='ltr' id='par_1_32' title="bbox 235 1618 1034 1653">
     <span class='ocr_line' id='line_1_32' title="bbox 235 1618 1034 1653; baseline -0.003 -5"><span class='ocrx_word' id='word_1_252' title='bbox 235 1620 298 1648; x_wconf 93' lang='lat' dir='ltr'><strong>illud</strong></span> <span class='ocrx_word' id='word_1_253' title='bbox 320 1623 456 1648; x_wconf 76' lang='lat' dir='ltr'><strong>sereretur</strong></span> <span class='ocrx_word' id='word_1_254' title='bbox 477 1619 536 1646; x_wconf 88' lang='lat' dir='ltr'><strong>sine</strong></span> <span class='ocrx_word' id='word_1_255' title='bbox 559 1618 612 1646; x_wconf 92' lang='lat' dir='ltr'><strong>ulla</strong></span> <span class='ocrx_word' id='word_1_256' title='bbox 636 1618 759 1653; x_wconf 87' lang='lat' dir='ltr'><strong>pudenda</strong></span> <span class='ocrx_word' id='word_1_257' title='bbox 781 1618 908 1646; x_wconf 80' lang='lat' dir='ltr'><strong>libidine?</strong></span> <span class='ocrx_word' id='word_1_258' title='bbox 922 1628 932 1644; x_wconf 74' lang='grc' dir='ltr'><strong>ι</strong></span> <span class='ocrx_word' id='word_1_259' title='bbox 950 1623 977 1645; x_wconf 86' lang='grc' dir='ltr'><strong>ιιι</strong></span> <span class='ocrx_word' id='word_1_260' title='bbox 993 1618 1034 1646; x_wconf 75' lang='lat' dir='ltr'><strong>his</strong></span> 
     </span>
    </p>
   </div>
   <div class='ocr_carea' id='block_1_33' title="bbox 237 1664 1035 1700">
    <p class='ocr_par' dir='ltr' id='par_1_33' title="bbox 237 1664 1035 1700">
     <span class='ocr_line' id='line_1_33' title="bbox 237 1664 1035 1700; baseline -0.003 -7"><span class='ocrx_word' id='word_1_261' title='bbox 237 1667 327 1695; x_wconf 80' lang='lat' dir='ltr'><strong>verbis</strong></span> <span class='ocrx_word' id='word_1_262' title='bbox 340 1667 408 1694; x_wconf 87' lang='lat' dir='ltr'><strong>meis</strong></span> <span class='ocrx_word' id='word_1_263' title='bbox 423 1666 496 1694; x_wconf 89' lang='lat' dir='ltr'><strong>velut</strong></span> <span class='ocrx_word' id='word_1_264' title='bbox 510 1665 677 1700; x_wconf 89' lang='lat' dir='ltr'><strong>respondens</strong></span> <span class='ocrx_word' id='word_1_265' title='bbox 686 1685 693 1698; x_wconf 89' lang='lat'><strong>,</strong></span> <span class='ocrx_word' id='word_1_266' title='bbox 714 1669 758 1691; x_wconf 90' lang='lat' dir='ltr'><strong>tua</strong></span> <span class='ocrx_word' id='word_1_267' title='bbox 769 1664 926 1700; x_wconf 60' lang='lat' dir='ltr'><strong>vaniloquia</strong></span> <span class='ocrx_word' id='word_1_268' title='bbox 941 1664 1035 1692; x_wconf 86' lang='lat' dir='ltr'><strong>dilata-</strong></span> 
     </span>
    </p>
   </div>
   <div class='ocr_carea' id='block_1_34' title="bbox 236 1710 1035 1747">
    <p class='ocr_par' dir='ltr' id='par_1_34' title="bbox 236 1710 1035 1747">
     <span class='ocr_line' id='line_1_34' title="bbox 236 1710 1035 1747; baseline -0.001 -7"><span class='ocrx_word' id='word_1_269' title='bbox 236 1720 291 1746; x_wconf 91' lang='lat' dir='ltr'><strong>res,</strong></span> <span class='ocrx_word' id='word_1_270' title='bbox 307 1720 341 1740; x_wconf 85' lang='lat' dir='ltr'><strong>eo</strong></span> <span class='ocrx_word' id='word_1_271' title='bbox 355 1719 439 1747; x_wconf 90' lang='lat' dir='ltr'><strong>usque</strong></span> <span class='ocrx_word' id='word_1_272' title='bbox 461 1719 618 1746; x_wconf 83' lang='lat' dir='ltr'><strong>progressus</strong></span> <span class='ocrx_word' id='word_1_273' title='bbox 630 1715 658 1738; x_wconf 90' lang='lat' dir='ltr'><strong>et</strong></span> <span class='ocrx_word' id='word_1_274' title='bbox 670 1710 799 1744; x_wconf 83' lang='lat' dir='ltr'><strong>dili&#39;usus,</strong></span> <span class='ocrx_word' id='word_1_275' title='bbox 820 1715 846 1738; x_wconf 92' lang='lat' dir='ltr'><strong>ut</strong></span> <span class='ocrx_word' id='word_1_276' title='bbox 862 1718 905 1738; x_wconf 90' lang='lat' dir='ltr'><strong>me</strong></span> <span class='ocrx_word' id='word_1_277' title='bbox 918 1711 1035 1739; x_wconf 78' lang='lat' dir='ltr'><strong>sensisse</strong></span> 
     </span>
    </p>
   </div>
   <div class='ocr_carea' id='block_1_35' title="bbox 233 1756 1034 1793">
    <p class='ocr_par' dir='ltr' id='par_1_35' title="bbox 233 1756 1034 1793">
     <span class='ocr_line' id='line_1_35' title="bbox 233 1756 1034 1793; baseline -0.004 -7"><span class='ocrx_word' id='word_1_278' title='bbox 233 1759 360 1793; x_wconf 89' lang='lat' dir='ltr'><strong>jactarcs.</strong></span> <span class='ocrx_word' id='word_1_279' title='bbox 377 1767 387 1784; x_wconf 80' lang='grc' dir='ltr'><strong>ι</strong></span> <span class='ocrx_word' id='word_1_280' title='bbox 401 1758 423 1785; x_wconf 88' lang='lat' dir='ltr'><strong>si</strong></span> <span class='ocrx_word' id='word_1_281' title='bbox 438 1765 491 1785; x_wconf 93' lang='lat' dir='ltr'><strong>non</strong></span> <span class='ocrx_word' id='word_1_282' title='bbox 507 1762 646 1792; x_wconf 82' lang='lat' dir='ltr'><strong>peccasset</strong></span> <span class='ocrx_word' id='word_1_283' title='bbox 660 1756 762 1791; x_wconf 79' lang='lat' dir='ltr'><strong>Adam,</strong></span> <span class='ocrx_word' id='word_1_284' title='bbox 776 1756 815 1783; x_wconf 89' lang='lat' dir='ltr'><strong>sic</strong></span> <span class='ocrx_word' id='word_1_285' title='bbox 835 1758 954 1792; x_wconf 90' lang='lat' dir='ltr'><strong>potuisse</strong></span> <span class='ocrx_word' id='word_1_286' title='bbox 973 1764 1034 1784; x_wconf 89' lang='lat' dir='ltr'><strong>mn-</strong></span> 
     </span>
    </p>
   </div>
   <div class='ocr_carea' id='block_1_36' title="bbox 238 1801 1035 1837">
    <p class='ocr_par' dir='ltr' id='par_1_36' title="bbox 238 1801 1035 1837">
     <span class='ocr_line' id='line_1_36' title="bbox 238 1801 1035 1837; baseline -0.003 -6"><span class='ocrx_word' id='word_1_287' title='bbox 238 1805 330 1831; x_wconf 88' lang='lat' dir='ltr'><strong>lierem</strong></span> <span class='ocrx_word' id='word_1_288' title='bbox 344 1804 377 1831; x_wconf 89' lang='lat' dir='ltr'><strong>ad</strong></span> <span class='ocrx_word' id='word_1_289' title='bbox 401 1802 589 1831; x_wconf 81' lang='lat' dir='ltr'><strong>fecunditatem</strong></span> <span class='ocrx_word' id='word_1_290' title='bbox 607 1802 712 1837; x_wconf 89' lang='lat' dir='ltr'><strong>parari,</strong></span> <span class='ocrx_word' id='word_1_291' title='bbox 738 1801 809 1830; x_wconf 85' lang='lat' dir='ltr'><strong>forte</strong></span> <span class='ocrx_word' id='word_1_292' title='bbox 831 1806 860 1830; x_wconf 92' lang='lat' dir='ltr'><strong>ut</strong></span> <span class='ocrx_word' id='word_1_293' title='bbox 880 1810 927 1837; x_wconf 88' lang='lat' dir='ltr'><strong>per</strong></span> <span class='ocrx_word' id='word_1_294' title='bbox 941 1810 1035 1830; x_wconf 89' lang='lat' dir='ltr'><strong>omnes</strong></span> 
     </span>
    </p>
   </div>
   <div class='ocr_carea' id='block_1_37' title="bbox 236 1848 1036 1885">
    <p class='ocr_par' dir='ltr' id='par_1_37' title="bbox 236 1848 1036 1885">
     <span class='ocr_line' id='line_1_37' title="bbox 236 1848 1036 1885; baseline -0.003 -8"><span class='ocrx_word' id='word_1_295' title='bbox 236 1850 374 1882; x_wconf 87' lang='lat' dir='ltr'><strong>articulos,</strong></span> <span class='ocrx_word' id='word_1_296' title='bbox 387 1857 418 1877; x_wconf 87' lang='lat' dir='ltr'><strong>ac</strong></span> <span class='ocrx_word' id='word_1_297' title='bbox 430 1857 477 1885; x_wconf 88' lang='lat' dir='ltr'><strong>per</strong></span> <span class='ocrx_word' id='word_1_298' title='bbox 488 1849 604 1877; x_wconf 89' lang='lat' dir='ltr'><strong>minutas</strong></span> <span class='ocrx_word' id='word_1_299' title='bbox 614 1856 758 1884; x_wconf 88' lang='lat' dir='ltr'><strong>corpormn</strong></span> <span class='ocrx_word' id='word_1_300' title='bbox 772 1848 886 1879; x_wconf 78' lang='lat' dir='ltr'><strong>fistulas.</strong></span> <span class='ocrx_word' id='word_1_301' title='bbox 903 1856 969 1884; x_wconf 87' lang='lat' dir='ltr'><strong>quas</strong></span> <span class='ocrx_word' id='word_1_302' title='bbox 980 1856 1036 1876; x_wconf 88' lang='lat' dir='ltr'><strong>me-</strong></span> 
     </span>
    </p>
   </div>
   <div class='ocr_carea' id='block_1_38' title="bbox 236 1893 1036 1932">
    <p class='ocr_par' dir='ltr' id='par_1_38' title="bbox 236 1893 1036 1932">
     <span class='ocr_line' id='line_1_38' title="bbox 236 1893 1036 1932; baseline -0.003 -9"><span class='ocrx_word' id='word_1_303' title='bbox 236 1896 289 1923; x_wconf 91' lang='lat' dir='ltr'><strong>dici</strong></span> <span class='ocrx_word' id='word_1_304' title='bbox 304 1903 385 1932; x_wconf 77' lang='lat' dir='ltr'><strong>peros</strong></span> <span class='ocrx_word' id='word_1_305' title='bbox 398 1900 504 1927; x_wconf 87' lang='lat' dir='ltr'><strong>vocant,</strong></span> <span class='ocrx_word' id='word_1_306' title='bbox 519 1895 600 1931; x_wconf 74' lang='lat' dir='ltr'><strong>spica:</strong></span> <span class='ocrx_word' id='word_1_307' title='bbox 615 1899 790 1929; x_wconf 86' lang='lat' dir='ltr'><strong>emmperent</strong></span> <span class='ocrx_word' id='word_1_308' title='bbox 804 1893 937 1927; x_wconf 88' lang='lat' dir='ltr'><strong>filiorum,</strong></span> <span class='ocrx_word' id='word_1_309' title='bbox 956 1899 1036 1929; x_wconf 85' lang='lat' dir='ltr'><strong>atque</strong></span> 
     </span>
    </p>
   </div>
   <div class='ocr_carea' id='block_1_39' title="bbox 238 1939 1037 1975">
    <p class='ocr_par' dir='ltr' id='par_1_39' title="bbox 238 1939 1037 1975">
     <span class='ocr_line' id='line_1_39' title="bbox 238 1939 1037 1975; baseline -0.004 -6"><span class='ocrx_word' id='word_1_310' title='bbox 238 1942 282 1969; x_wconf 88' lang='lat' dir='ltr'><strong>illa</strong></span> <span class='ocrx_word' id='word_1_311' title='bbox 296 1940 420 1969; x_wconf 90' lang='lat' dir='ltr'><strong>omnibus</strong></span> <span class='ocrx_word' id='word_1_312' title='bbox 437 1941 496 1967; x_wconf 69' lang='lat' dir='ltr'><strong>lana</strong></span> <span class='ocrx_word' id='word_1_313' title='bbox 511 1940 650 1975; x_wconf 89' lang='lat' dir='ltr'><strong>partibus,</strong></span> <span class='ocrx_word' id='word_1_314' title='bbox 666 1944 757 1975; x_wconf 87' lang='lat' dir='ltr'><strong>partus</strong></span> <span class='ocrx_word' id='word_1_315' title='bbox 771 1947 819 1974; x_wconf 93' lang='lat' dir='ltr'><strong>pro</strong></span> <span class='ocrx_word' id='word_1_316' title='bbox 838 1939 968 1974; x_wconf 86' lang='lat' dir='ltr'><strong>pediculis</strong></span> <span class='ocrx_word' id='word_1_317' title='bbox 989 1947 1037 1966; x_wconf 88' lang='lat' dir='ltr'><strong>ex-</strong></span> 
     </span>
    </p>
   </div>
   <div class='ocr_carea' id='block_1_40' title="bbox 237 1985 1037 2021">
    <p class='ocr_par' dir='ltr' id='par_1_40' title="bbox 237 1985 1037 2021">
     <span class='ocr_line' id='line_1_40' title="bbox 237 1985 1037 2021; baseline -0.004 -6"><span class='ocrx_word' id='word_1_318' title='bbox 237 1987 358 2019; x_wconf 72' lang='lat' dir='ltr'><strong>sudaret,</strong></span> <span class='ocrx_word' id='word_1_319' title='bbox 371 1995 381 2013; x_wconf 70' lang='grc' dir='ltr'>δ</span> <span class='ocrx_word' id='word_1_320' title='bbox 393 1991 421 2014; x_wconf 90' lang='lat' dir='ltr'><strong>et</strong></span> <span class='ocrx_word' id='word_1_321' title='bbox 431 1991 529 2014; x_wconf 60' lang='lat' dir='ltr'><strong>cetera</strong></span> <span class='ocrx_word' id='word_1_322' title='bbox 542 1993 603 2021; x_wconf 69' lang='lat' dir='ltr'><strong>qua:</strong></span> <span class='ocrx_word' id='word_1_323' title='bbox 616 1992 829 2012; x_wconf 88' lang='lat' dir='ltr'><strong>commemorare</strong></span> <span class='ocrx_word' id='word_1_324' title='bbox 840 1992 882 2012; x_wconf 88' lang='lat' dir='ltr'><strong>me</strong></span> <span class='ocrx_word' id='word_1_325' title='bbox 899 1985 979 2012; x_wconf 71' lang='lat' dir='ltr'><strong>undet</strong></span> <span class='ocrx_word' id='word_1_326' title='bbox 988 2005 996 2018; x_wconf 93' lang='lat'><strong>,</strong></span> <span class='ocrx_word' id='word_1_327' title='bbox 1011 1990 1037 2012; x_wconf 89' lang='lat' dir='ltr'><strong>te</strong></span> 
     </span>
    </p>
   </div>
   <div class='ocr_carea' id='block_1_41' title="bbox 238 2030 1037 2067">
    <p class='ocr_par' dir='ltr' id='par_1_41' title="bbox 238 2030 1037 2067">
     <span class='ocr_line' id='line_1_41' title="bbox 238 2030 1037 2067; baseline -0.003 -7"><span class='ocrx_word' id='word_1_328' title='bbox 238 2039 329 2061; x_wconf 79' lang='lat' dir='ltr'><strong>autern</strong></span> <span class='ocrx_word' id='word_1_329' title='bbox 343 2040 395 2060; x_wconf 93' lang='lat' dir='ltr'><strong>non</strong></span> <span class='ocrx_word' id='word_1_330' title='bbox 412 2031 505 2067; x_wconf 89' lang='lat' dir='ltr'><strong>puduit</strong></span> <span class='ocrx_word' id='word_1_331' title='bbox 521 2039 659 2067; x_wconf 79' lang='lat' dir='ltr'><strong>aggerare.</strong></span> <span class='ocrx_word' id='word_1_332' title='bbox 681 2030 709 2057; x_wconf 91' lang='lat' dir='ltr'><strong>ln</strong></span> <span class='ocrx_word' id='word_1_333' title='bbox 723 2031 820 2066; x_wconf 89' lang='lat' dir='ltr'><strong>quibus</strong></span> <span class='ocrx_word' id='word_1_334' title='bbox 836 2032 917 2058; x_wconf 89' lang='lat' dir='ltr'><strong>etiam</strong></span> <span class='ocrx_word' id='word_1_335' title='bbox 932 2031 966 2058; x_wconf 90' lang='lat' dir='ltr'><strong>de</strong></span> <span class='ocrx_word' id='word_1_336' title='bbox 981 2032 1037 2059; x_wconf 90' lang='lat' dir='ltr'><strong>viro</strong></span> 
     </span>
    </p>
   </div>
   <div class='ocr_carea' id='block_1_42' title="bbox 238 2076 1036 2113">
    <p class='ocr_par' dir='ltr' id='par_1_42' title="bbox 238 2076 1036 2113">
     <span class='ocr_line' id='line_1_42' title="bbox 238 2076 1036 2113; baseline -0.004 -7"><span class='ocrx_word' id='word_1_337' title='bbox 238 2078 340 2111; x_wconf 83' lang='lat' dir='ltr'><strong>dixisti,</strong></span> <span class='ocrx_word' id='word_1_338' title='bbox 354 2077 425 2113; x_wconf 86' lang='lat' dir='ltr'><strong>quod</strong></span> <span class='ocrx_word' id='word_1_339' title='bbox 442 2087 451 2103; x_wconf 83' lang='grc' dir='ltr'><strong>ι</strong></span> <span class='ocrx_word' id='word_1_340' title='bbox 466 2077 622 2104; x_wconf 85' lang='lat' dir='ltr'><strong>admoveret</strong></span> <span class='ocrx_word' id='word_1_341' title='bbox 636 2076 761 2103; x_wconf 90' lang='lat' dir='ltr'><strong>nimirum</strong></span> <span class='ocrx_word' id='word_1_342' title='bbox 776 2084 828 2104; x_wconf 83' lang='lat' dir='ltr'><strong>non</strong></span> <span class='ocrx_word' id='word_1_343' title='bbox 844 2076 974 2109; x_wconf 88' lang='lat' dir='ltr'><strong>membra,</strong></span> <span class='ocrx_word' id='word_1_344' title='bbox 989 2076 1036 2104; x_wconf 87' lang='lat' dir='ltr'><strong>sed</strong></span> 
     </span>
    </p>
   </div>
   <div class='ocr_carea' id='block_1_43' title="bbox 239 2123 1037 2160">
    <p class='ocr_par' dir='ltr' id='par_1_43' title="bbox 239 2123 1037 2160">
     <span class='ocr_line' id='line_1_43' title="bbox 239 2123 1037 2160; baseline -0.004 -7"><span class='ocrx_word' id='word_1_345' title='bbox 239 2126 412 2157; x_wconf 79' lang='lat' dir='ltr'><strong>ferramenta,</strong></span> <span class='ocrx_word' id='word_1_346' title='bbox 426 2129 453 2152; x_wconf 92' lang='lat' dir='ltr'><strong>et</strong></span> <span class='ocrx_word' id='word_1_347' title='bbox 461 2123 617 2160; x_wconf 86' lang='lat' dir='ltr'><strong>genitalium</strong></span> <span class='ocrx_word' id='word_1_348' title='bbox 630 2130 730 2150; x_wconf 89' lang='lat' dir='ltr'><strong>vacuus</strong></span> <span class='ocrx_word' id='word_1_349' title='bbox 741 2123 906 2158; x_wconf 82' lang='lat' dir='ltr'><strong>imprimeret</strong></span> <span class='ocrx_word' id='word_1_350' title='bbox 916 2130 1037 2151; x_wconf 89' lang='lat' dir='ltr'><strong>vomeres</strong></span> 
     </span>
    </p>
   </div>
   <div class='ocr_carea' id='block_1_44' title="bbox 239 2168 1036 2206">
    <p class='ocr_par' dir='ltr' id='par_1_44' title="bbox 239 2168 1036 2206">
     <span class='ocr_line' id='line_1_44' title="bbox 239 2168 1036 2206; baseline -0.004 -8"><span class='ocrx_word' id='word_1_351' title='bbox 239 2176 267 2199; x_wconf 82' lang='lat' dir='ltr'><strong>(-t</strong></span> <span class='ocrx_word' id='word_1_352' title='bbox 286 2171 397 2206; x_wconf 79' lang='lat' dir='ltr'><strong>ligones.</strong></span> <span class='ocrx_word' id='word_1_353' title='bbox 414 2179 424 2196; x_wconf 83' lang='grc'><strong>›</strong></span> <span class='ocrx_word' id='word_1_354' title='bbox 443 2170 505 2197; x_wconf 73' lang='lat' dir='ltr'><strong>Hzec</strong></span> <span class='ocrx_word' id='word_1_355' title='bbox 519 2174 593 2197; x_wconf 86' lang='lat' dir='ltr'><strong>certe</strong></span> <span class='ocrx_word' id='word_1_356' title='bbox 614 2173 694 2204; x_wconf 90' lang='lat' dir='ltr'><strong>atque</strong></span> <span class='ocrx_word' id='word_1_357' title='bbox 717 2168 867 2202; x_wconf 87' lang='lat' dir='ltr'><strong>lmjnsmodi</strong></span> <span class='ocrx_word' id='word_1_358' title='bbox 883 2169 961 2204; x_wconf 70' lang='lat' dir='ltr'><strong>(qua:</strong></span> <span class='ocrx_word' id='word_1_359' title='bbox 974 2176 1036 2196; x_wconf 88' lang='lat' dir='ltr'><strong>cum</strong></span> 
     </span>
    </p>
   </div>
   <div class='ocr_carea' id='block_1_45' title="bbox 241 2214 1036 2250">
    <p class='ocr_par' dir='ltr' id='par_1_45' title="bbox 241 2214 1036 2250">
     <span class='ocr_line' id='line_1_45' title="bbox 241 2214 1036 2250; baseline -0.005 -6"><span class='ocrx_word' id='word_1_360' title='bbox 241 2216 278 2244; x_wconf 90' lang='lat' dir='ltr'><strong>tui</strong></span> <span class='ocrx_word' id='word_1_361' title='bbox 288 2237 296 2250; x_wconf 84' lang='grc'><em>,</em></span> <span class='ocrx_word' id='word_1_362' title='bbox 313 2223 366 2243; x_wconf 88' lang='lat' dir='ltr'><strong>non</strong></span> <span class='ocrx_word' id='word_1_363' title='bbox 380 2214 540 2250; x_wconf 86' lang='lat' dir='ltr'><strong>quicumque</strong></span> <span class='ocrx_word' id='word_1_364' title='bbox 555 2214 689 2249; x_wconf 81' lang='lat' dir='ltr'><strong>lectores,</strong></span> <span class='ocrx_word' id='word_1_365' title='bbox 705 2214 751 2241; x_wconf 89' lang='lat' dir='ltr'><strong>sed</strong></span> <span class='ocrx_word' id='word_1_366' title='bbox 771 2214 914 2242; x_wconf 88' lang='lat' dir='ltr'><strong>dilectores</strong></span> <span class='ocrx_word' id='word_1_367' title='bbox 929 2214 1017 2250; x_wconf 84' lang='lat' dir='ltr'><strong>legunt</strong></span> <span class='ocrx_word' id='word_1_368' title='bbox 1028 2235 1036 2247; x_wconf 88' lang='lat'><strong>,</strong></span> 
     </span>
    </p>
   </div>
   <div class='ocr_carea' id='block_1_46' title="bbox 241 2259 1037 2297">
    <p class='ocr_par' dir='ltr' id='par_1_46' title="bbox 241 2259 1037 2297">
     <span class='ocr_line' id='line_1_46' title="bbox 241 2259 1037 2297; baseline 0 -10"><span class='ocrx_word' id='word_1_369' title='bbox 241 2270 290 2297; x_wconf 77' lang='lat' dir='ltr'><strong>pro</strong></span> <span class='ocrx_word' id='word_1_370' title='bbox 304 2266 347 2295; x_wconf 87' lang='lat' dir='ltr'><strong>te,</strong></span> <span class='ocrx_word' id='word_1_371' title='bbox 363 2261 385 2288; x_wconf 91' lang='lat' dir='ltr'><strong>si</strong></span> <span class='ocrx_word' id='word_1_372' title='bbox 401 2260 469 2288; x_wconf 91' lang='lat' dir='ltr'><strong>ullus</strong></span> <span class='ocrx_word' id='word_1_373' title='bbox 489 2260 516 2287; x_wconf 91' lang='lat' dir='ltr'><strong>in</strong></span> <span class='ocrx_word' id='word_1_374' title='bbox 537 2260 577 2287; x_wconf 92' lang='lat' dir='ltr'><strong>eis</strong></span> <span class='ocrx_word' id='word_1_375' title='bbox 592 2259 724 2286; x_wconf 83' lang='lat' dir='ltr'><strong>humanus</strong></span> <span class='ocrx_word' id='word_1_376' title='bbox 742 2266 838 2287; x_wconf 90' lang='lat' dir='ltr'><strong>sensus</strong></span> <span class='ocrx_word' id='word_1_377' title='bbox 858 2263 917 2292; x_wconf 84' lang='lat' dir='ltr'><strong>est,</strong></span> <span class='ocrx_word' id='word_1_378' title='bbox 937 2261 1037 2287; x_wconf 89' lang='lat' dir='ltr'><strong>erube-</strong></span> 
     </span>
    </p>
   </div>
   <div class='ocr_carea' id='block_1_47' title="bbox 243 2306 1037 2343">
    <p class='ocr_par' dir='ltr' id='par_1_47' title="bbox 243 2306 1037 2343">
     <span class='ocr_line' id='line_1_47' title="bbox 243 2306 1037 2343; baseline -0.001 -8"><span class='ocrx_word' id='word_1_379' title='bbox 243 2308 343 2343; x_wconf 57' lang='lat' dir='ltr'><strong>scunt),</strong></span> <span class='ocrx_word' id='word_1_380' title='bbox 360 2306 487 2342; x_wconf 90' lang='lat' dir='ltr'><strong>numquid</strong></span> <span class='ocrx_word' id='word_1_381' title='bbox 504 2314 562 2334; x_wconf 88' lang='lat' dir='ltr'><strong>mea</strong></span> <span class='ocrx_word' id='word_1_382' title='bbox 577 2306 656 2333; x_wconf 81' lang='lat' dir='ltr'><strong>verba</strong></span> <span class='ocrx_word' id='word_1_383' title='bbox 671 2306 773 2341; x_wconf 80' lang='lat' dir='ltr'><strong>garrire</strong></span> <span class='ocrx_word' id='word_1_384' title='bbox 788 2310 814 2334; x_wconf 90' lang='lat' dir='ltr'><strong>te</strong></span> <span class='ocrx_word' id='word_1_385' title='bbox 827 2306 962 2339; x_wconf 81' lang='lat' dir='ltr'><strong>sinerent,</strong></span> <span class='ocrx_word' id='word_1_386' title='bbox 977 2314 1037 2342; x_wconf 68' lang='lat' dir='ltr'><strong>qua:</strong></span> 
     </span>
    </p>
   </div>
   <div class='ocr_carea' id='block_1_48' title="bbox 241 2351 1037 2388">
    <p class='ocr_par' dir='ltr' id='par_1_48' title="bbox 241 2351 1037 2388">
     <span class='ocr_line' id='line_1_48' title="bbox 241 2351 1037 2388; baseline -0.004 -6"><span class='ocrx_word' id='word_1_387' title='bbox 241 2362 293 2382; x_wconf 81' lang='lat' dir='ltr'><strong>non</strong></span> <span class='ocrx_word' id='word_1_388' title='bbox 309 2354 343 2381; x_wconf 84' lang='lat' dir='ltr'><strong>ob</strong></span> <span class='ocrx_word' id='word_1_389' title='bbox 358 2352 429 2380; x_wconf 88' lang='lat' dir='ltr'><strong>aliud</strong></span> <span class='ocrx_word' id='word_1_390' title='bbox 443 2351 593 2388; x_wconf 75' lang='lat' dir='ltr'><strong>prreteriisti</strong></span> <span class='ocrx_word' id='word_1_391' title='bbox 608 2356 689 2387; x_wconf 86' lang='lat' dir='ltr'><strong>atque</strong></span> <span class='ocrx_word' id='word_1_392' title='bbox 703 2352 827 2385; x_wconf 89' lang='lat' dir='ltr'><strong>tacuisti,</strong></span> <span class='ocrx_word' id='word_1_393' title='bbox 844 2352 894 2379; x_wconf 91' lang='lat' dir='ltr'><strong>nisi</strong></span> <span class='ocrx_word' id='word_1_394' title='bbox 907 2357 936 2379; x_wconf 89' lang='lat' dir='ltr'><strong>ut</strong></span> <span class='ocrx_word' id='word_1_395' title='bbox 949 2353 996 2380; x_wconf 88' lang='lat' dir='ltr'><strong>tibi</strong></span> <span class='ocrx_word' id='word_1_396' title='bbox 1012 2353 1037 2379; x_wconf 92' lang='lat' dir='ltr'><strong>in</strong></span> 
     </span>
    </p>
   </div>
   <div class='ocr_carea' id='block_1_49' title="bbox 242 2398 1036 2434">
    <p class='ocr_par' dir='ltr' id='par_1_49' title="bbox 242 2398 1036 2434">
     <span class='ocr_line' id='line_1_49' title="bbox 242 2398 1036 2434; baseline -0.001 -7"><span class='ocrx_word' id='word_1_397' title='bbox 242 2402 300 2428; x_wconf 84' lang='lat' dir='ltr'><strong>istis</strong></span> <span class='ocrx_word' id='word_1_398' title='bbox 315 2401 409 2428; x_wconf 89' lang='lat' dir='ltr'><strong>latiora</strong></span> <span class='ocrx_word' id='word_1_399' title='bbox 425 2398 556 2428; x_wconf 87' lang='lat' dir='ltr'><strong>deliraudi</strong></span> <span class='ocrx_word' id='word_1_400' title='bbox 578 2398 662 2434; x_wconf 81' lang='lat' dir='ltr'><strong>spatia</strong></span> <span class='ocrx_word' id='word_1_401' title='bbox 686 2398 869 2433; x_wconf 78' lang='lat' dir='ltr'><strong>przeparares?</strong></span> <span class='ocrx_word' id='word_1_402' title='bbox 889 2399 945 2434; x_wconf 78' lang='lat' dir='ltr'><strong>Ego</strong></span> <span class='ocrx_word' id='word_1_403' title='bbox 966 2399 1036 2426; x_wconf 87' lang='lat' dir='ltr'><strong>euiut</strong></span> 
     </span>
    </p>
   </div>
   <div class='ocr_carea' id='block_1_50' title="bbox 240 2444 1036 2480">
    <p class='ocr_par' dir='ltr' id='par_1_50' title="bbox 240 2444 1036 2480">
     <span class='ocr_line' id='line_1_50' title="bbox 240 2444 1036 2480; baseline -0.003 -6"><span class='ocrx_word' id='word_1_404' title='bbox 240 2447 314 2479; x_wconf 83' lang='lat' dir='ltr'><strong>dixi,</strong></span> <span class='ocrx_word' id='word_1_405' title='bbox 334 2447 387 2474; x_wconf 89' lang='lat' dir='ltr'><strong>seri</strong></span> <span class='ocrx_word' id='word_1_406' title='bbox 412 2445 547 2473; x_wconf 88' lang='lat' dir='ltr'><strong>hominem</strong></span> <span class='ocrx_word' id='word_1_407' title='bbox 571 2445 705 2480; x_wconf 72' lang='lat' dir='ltr'><strong>potuisse,</strong></span> <span class='ocrx_word' id='word_1_408' title='bbox 724 2444 758 2472; x_wconf 84' lang='lat' dir='ltr'><strong>ad</strong></span> <span class='ocrx_word' id='word_1_409' title='bbox 774 2445 919 2472; x_wconf 82' lang='lat' dir='ltr'><strong>voluntatis</strong></span> <span class='ocrx_word' id='word_1_410' title='bbox 943 2450 1036 2473; x_wconf 87' lang='lat' dir='ltr'><strong>ttutum</strong></span> 
     </span>
    </p>
   </div>
   <div class='ocr_carea' id='block_1_51' title="bbox 242 2490 1037 2528">
    <p class='ocr_par' dir='ltr' id='par_1_51' title="bbox 242 2490 1037 2528">
     <span class='ocr_line' id='line_1_51' title="bbox 242 2490 1037 2528; baseline -0.003 -8"><span class='ocrx_word' id='word_1_411' title='bbox 242 2492 370 2520; x_wconf 80' lang='lat' dir='ltr'><strong>membris</strong></span> <span class='ocrx_word' id='word_1_412' title='bbox 384 2492 595 2528; x_wconf 83' lang='lat' dir='ltr'><strong>obsequentibus</strong></span> <span class='ocrx_word' id='word_1_413' title='bbox 609 2490 770 2526; x_wconf 87' lang='lat' dir='ltr'><strong>genitalibus</strong></span> <span class='ocrx_word' id='word_1_414' title='bbox 784 2499 791 2517; x_wconf 92' lang='lat'><em>:</em></span> <span class='ocrx_word' id='word_1_415' title='bbox 813 2496 840 2518; x_wconf 91' lang='lat' dir='ltr'><strong>tu</strong></span> <span class='ocrx_word' id='word_1_416' title='bbox 856 2495 946 2519; x_wconf 87' lang='lat' dir='ltr'><strong>autem</strong></span> <span class='ocrx_word' id='word_1_417' title='bbox 960 2491 1037 2526; x_wconf 78' lang='lat' dir='ltr'><strong>geni-</strong></span> 
     </span>
    </p>
   </div>
   <div class='ocr_carea' id='block_1_52' title="bbox 244 2535 1038 2573">
    <p class='ocr_par' dir='ltr' id='par_1_52' title="bbox 244 2535 1038 2573">
     <span class='ocr_line' id='line_1_52' title="bbox 244 2535 1038 2573; baseline -0.003 -7"><span class='ocrx_word' id='word_1_418' title='bbox 244 2539 305 2566; x_wconf 86' lang='lat' dir='ltr'><strong>talia</strong></span> <span class='ocrx_word' id='word_1_419' title='bbox 320 2538 441 2566; x_wconf 87' lang='lat' dir='ltr'><strong>membra</strong></span> <span class='ocrx_word' id='word_1_420' title='bbox 455 2538 578 2571; x_wconf 90' lang='lat' dir='ltr'><strong>tacuisti,</strong></span> <span class='ocrx_word' id='word_1_421' title='bbox 600 2542 630 2565; x_wconf 90' lang='lat' dir='ltr'><strong>ttt</strong></span> <span class='ocrx_word' id='word_1_422' title='bbox 641 2538 694 2565; x_wconf 89' lang='lat' dir='ltr'><strong>ires</strong></span> <span class='ocrx_word' id='word_1_423' title='bbox 709 2545 758 2573; x_wconf 89' lang='lat' dir='ltr'><strong>per</strong></span> <span class='ocrx_word' id='word_1_424' title='bbox 771 2537 891 2564; x_wconf 89' lang='lat' dir='ltr'><strong>mulieris</strong></span> <span class='ocrx_word' id='word_1_425' title='bbox 911 2535 1038 2564; x_wconf 87' lang='lat' dir='ltr'><strong>articulos</strong></span> 
     </span>
    </p>
   </div>
   <div class='ocr_carea' id='block_1_53' title="bbox 243 2582 1039 2620">
    <p class='ocr_par' dir='ltr' id='par_1_53' title="bbox 243 2582 1039 2620">
     <span class='ocr_line' id='line_1_53' title="bbox 243 2582 1039 2620; baseline -0.005 -8"><span class='ocrx_word' id='word_1_426' title='bbox 243 2589 273 2612; x_wconf 89' lang='lat' dir='ltr'><strong>et</strong></span> <span class='ocrx_word' id='word_1_427' title='bbox 284 2583 477 2620; x_wconf 81' lang='lat' dir='ltr'><strong>minutissimas</strong></span> <span class='ocrx_word' id='word_1_428' title='bbox 489 2583 592 2611; x_wconf 77' lang='lat' dir='ltr'><strong>ﬁstulas</strong></span> <span class='ocrx_word' id='word_1_429' title='bbox 607 2582 675 2610; x_wconf 89' lang='lat' dir='ltr'><strong>lilios</strong></span> <span class='ocrx_word' id='word_1_430' title='bbox 690 2590 737 2618; x_wconf 91' lang='lat' dir='ltr'><strong>per</strong></span> <span class='ocrx_word' id='word_1_431' title='bbox 751 2582 872 2617; x_wconf 82' lang='lat' dir='ltr'><strong>corporis</strong></span> <span class='ocrx_word' id='word_1_432' title='bbox 884 2589 966 2618; x_wconf 88' lang='lat' dir='ltr'><strong>poros</strong></span> <span class='ocrx_word' id='word_1_433' title='bbox 981 2587 1039 2609; x_wconf 78' lang='lat' dir='ltr'><strong>tau-</strong></span> 
     </span>
    </p>
   </div>
   <div class='ocr_carea' id='block_1_54' title="bbox 244 2628 1039 2666">
    <p class='ocr_par' dir='ltr' id='par_1_54' title="bbox 244 2628 1039 2666">
     <span class='ocr_line' id='line_1_54' title="bbox 244 2628 1039 2666; baseline -0.005 -8"><span class='ocrx_word' id='word_1_434' title='bbox 244 2638 324 2666; x_wconf 87' lang='lat' dir='ltr'><strong>quam</strong></span> <span class='ocrx_word' id='word_1_435' title='bbox 339 2630 476 2666; x_wconf 85' lang='lat' dir='ltr'><strong>pediculos</strong></span> <span class='ocrx_word' id='word_1_436' title='bbox 489 2629 655 2664; x_wconf 70' lang='lat' dir='ltr'><strong>exsultantis,</strong></span> <span class='ocrx_word' id='word_1_437' title='bbox 669 2634 697 2657; x_wconf 88' lang='lat' dir='ltr'><strong>et</strong></span> <span class='ocrx_word' id='word_1_438' title='bbox 710 2637 759 2664; x_wconf 89' lang='lat' dir='ltr'><strong>per</strong></span> <span class='ocrx_word' id='word_1_439' title='bbox 774 2628 912 2657; x_wconf 86' lang='lat' dir='ltr'><strong>oculorum</strong></span> <span class='ocrx_word' id='word_1_440' title='bbox 927 2628 1039 2664; x_wconf 79' lang='lat' dir='ltr'><strong>pupulas</strong></span> 
     </span>
    </p>
   </div>
   <div class='ocr_carea' id='block_1_55' title="bbox 245 2674 1040 2713">
    <p class='ocr_par' dir='ltr' id='par_1_55' title="bbox 245 2674 1040 2713">
     <span class='ocr_line' id='line_1_55' title="bbox 245 2674 1040 2713; baseline -0.006 -8"><span class='ocrx_word' id='word_1_441' title='bbox 245 2677 365 2705; x_wconf 68' lang='lat' dir='ltr'><strong>catcitate</strong></span> <span class='ocrx_word' id='word_1_442' title='bbox 376 2681 556 2712; x_wconf 83' lang='lat' dir='ltr'><strong>consequente</strong></span> <span class='ocrx_word' id='word_1_443' title='bbox 569 2676 709 2713; x_wconf 88' lang='lat' dir='ltr'><strong>parientis.</strong></span> <span class='ocrx_word' id='word_1_444' title='bbox 723 2674 851 2708; x_wconf 79' lang='lat' dir='ltr'><strong>Membra,</strong></span> <span class='ocrx_word' id='word_1_445' title='bbox 864 2674 982 2710; x_wconf 86' lang='lat' dir='ltr'><strong>inquam,</strong></span> <span class='ocrx_word' id='word_1_446' title='bbox 993 2682 1040 2710; x_wconf 86' lang='lat' dir='ltr'><strong>ge-</strong></span> 
     </span>
    </p>
   </div>
   <div class='ocr_carea' id='block_1_56' title="bbox 246 2721 1036 2758">
    <p class='ocr_par' dir='ltr' id='par_1_56' title="bbox 246 2721 1036 2758">
     <span class='ocr_line' id='line_1_56' title="bbox 246 2721 1036 2758; baseline -0.005 -7"><span class='ocrx_word' id='word_1_447' title='bbox 246 2723 337 2751; x_wconf 83' lang='lat' dir='ltr'><strong>nitalia</strong></span> <span class='ocrx_word' id='word_1_448' title='bbox 351 2723 466 2756; x_wconf 78' lang='lat' dir='ltr'><strong>tacuisti,</strong></span> <span class='ocrx_word' id='word_1_449' title='bbox 479 2723 554 2758; x_wconf 78' lang='lat' dir='ltr'><strong>quasi</strong></span> <span class='ocrx_word' id='word_1_450' title='bbox 568 2731 617 2751; x_wconf 82' lang='lat' dir='ltr'><strong>nos</strong></span> <span class='ocrx_word' id='word_1_451' title='bbox 631 2730 673 2753; x_wconf 84' lang='lat' dir='ltr'><strong>ea,</strong></span> <span class='ocrx_word' id='word_1_452' title='bbox 686 2721 706 2748; x_wconf 84' lang='lat' dir='ltr'><strong>si</strong></span> <span class='ocrx_word' id='word_1_453' title='bbox 722 2721 806 2749; x_wconf 77' lang='lat' dir='ltr'><strong>Adam</strong></span> <span class='ocrx_word' id='word_1_454' title='bbox 820 2729 873 2748; x_wconf 89' lang='lat' dir='ltr'><strong>non</strong></span> <span class='ocrx_word' id='word_1_455' title='bbox 889 2726 1036 2755; x_wconf 72' lang='lat' dir='ltr'><strong>peccassvt,</strong></span> 
     </span>
    </p>
   </div>
   <div class='ocr_carea' id='block_1_57' title="bbox 244 2766 1038 2802">
    <p class='ocr_par' dir='ltr' id='par_1_57' title="bbox 244 2766 1038 2802">
     <span class='ocr_line' id='line_1_57' title="bbox 244 2766 1038 2802; baseline -0.005 -5"><span class='ocrx_word' id='word_1_456' title='bbox 244 2769 367 2797; x_wconf 88' lang='lat' dir='ltr'><strong>defutura</strong></span> <span class='ocrx_word' id='word_1_457' title='bbox 382 2769 534 2796; x_wconf 80' lang='lat' dir='ltr'><strong>hominibus</strong></span> <span class='ocrx_word' id='word_1_458' title='bbox 556 2769 724 2800; x_wconf 81' lang='lat' dir='ltr'><strong>diceremus;</strong></span> <span class='ocrx_word' id='word_1_459' title='bbox 749 2772 777 2794; x_wconf 91' lang='lat' dir='ltr'><strong>ut</strong></span> <span class='ocrx_word' id='word_1_460' title='bbox 797 2774 890 2802; x_wconf 88' lang='lat' dir='ltr'><strong>posses</strong></span> <span class='ocrx_word' id='word_1_461' title='bbox 910 2766 1019 2794; x_wconf 59' lang='lat' dir='ltr'><strong>ridicula</strong></span> <span class='ocrx_word' id='word_1_462' title='bbox 1031 2787 1038 2798; x_wconf 90' lang='lat'><strong>,</strong></span> 
     </span>
    </p>
   </div>
   <div class='ocr_carea' id='block_1_58' title="bbox 279 2832 1039 2866">
    <p class='ocr_par' dir='ltr' id='par_1_58' title="bbox 279 2832 1039 2866">
     <span class='ocr_line' id='line_1_58' title="bbox 279 2832 1039 2866; baseline -0.005 -6"><span class='ocrx_word' id='word_1_463' title='bbox 279 2837 285 2851; x_wconf 81' lang='lat'>‘</span> <span class='ocrx_word' id='word_1_464' title='bbox 306 2839 329 2860; x_wconf 90' lang='lat' dir='ltr'><strong>In</strong></span> <span class='ocrx_word' id='word_1_465' title='bbox 350 2835 422 2860; x_wconf 88' lang='lat' dir='ltr'><strong>editis</strong></span> <span class='ocrx_word' id='word_1_466' title='bbox 433 2841 477 2866; x_wconf 83' lang='lat' dir='ltr'><strong>pro</strong></span> <span class='ocrx_word' id='word_1_467' title='bbox 489 2834 581 2858; x_wconf 80' lang='lat' dir='ltr'><strong>verbo.</strong></span> <span class='ocrx_word' id='word_1_468' title='bbox 603 2832 701 2863; x_wconf 70' lang='lat' dir='ltr'><strong>attinet;</strong></span> <span class='ocrx_word' id='word_1_469' title='bbox 722 2837 852 2860; x_wconf 78' lang='lat' dir='ltr'><strong>perperam</strong></span> <span class='ocrx_word' id='word_1_470' title='bbox 867 2832 1039 2862; x_wconf 76' lang='lat' dir='ltr'><strong>substitutum,</strong></span> 
     </span>
    </p>
   </div>
   <div class='ocr_carea' id='block_1_59' title="bbox 246 2866 326 2892">
    <p class='ocr_par' dir='ltr' id='par_1_59' title="bbox 246 2866 326 2892">
     <span class='ocr_line' id='line_1_59' title="bbox 246 2866 326 2892; baseline 0 -3"><span class='ocrx_word' id='word_1_471' title='bbox 246 2866 326 2892; x_wconf 59' lang='lat' dir='ltr'><strong>uilius.</strong></span> 
     </span>
    </p>
   </div>
   <div class='ocr_carea' id='block_1_60' title="bbox 279 2897 552 2927">
    <p class='ocr_par' dir='ltr' id='par_1_60' title="bbox 279 2897 552 2927">
     <span class='ocr_line' id='line_1_60' title="bbox 279 2897 552 2927; baseline -0.004 -7"><span class='ocrx_word' id='word_1_472' title='bbox 279 2901 289 2913; x_wconf 76' lang='grc' dir='ltr'><strong>ι</strong></span> <span class='ocrx_word' id='word_1_473' title='bbox 301 2901 337 2921; x_wconf 72' lang='lat' dir='ltr'><strong>rut</strong></span> <span class='ocrx_word' id='word_1_474' title='bbox 345 2902 379 2923; x_wconf 72' lang='lat' dir='ltr'><strong>te.</strong></span> <span class='ocrx_word' id='word_1_475' title='bbox 393 2897 552 2927; x_wconf 55' lang='lat' dir='ltr'><strong>prun-artem.</strong></span> 
     </span>
    </p>
   </div>
   <div class='ocr_carea' id='block_1_61' title="bbox 570 181 1533 220">
    <p class='ocr_par' dir='ltr' id='par_1_61' title="bbox 570 181 1533 220">
     <span class='ocr_line' id='line_1_61' title="bbox 570 181 1533 220; baseline 0.002 -9"><span class='ocrx_word' id='word_1_476' title='bbox 570 183 691 211; x_wconf 72' lang='lat' dir='ltr'><strong>Ol&#39;ElilS</strong></span> <span class='ocrx_word' id='word_1_477' title='bbox 711 181 916 210; x_wconf 74' lang='lat' dir='ltr'><strong>IMPERFECTI</strong></span> <span class='ocrx_word' id='word_1_478' title='bbox 936 181 1071 209; x_wconf 68' lang='lat' dir='ltr'><strong>CONTRA</strong></span> <span class='ocrx_word' id='word_1_479' title='bbox 1094 184 1279 220; x_wconf 72' lang='lat' dir='ltr'><strong>JUIJANUM,</strong></span> <span class='ocrx_word' id='word_1_480' title='bbox 1296 186 1325 214; x_wconf 90' lang='lat' dir='ltr'><strong>S.</strong></span> <span class='ocrx_word' id='word_1_481' title='bbox 1343 185 1533 215; x_wconf 77' lang='lat' dir='ltr'><strong>AUGUSTINI</strong></span> 
     </span>
    </p>
   </div>
   <div class='ocr_carea' id='block_1_62' title="bbox 1094 243 1890 282">
    <p class='ocr_par' dir='ltr' id='par_1_62' title="bbox 1094 243 1890 282">
     <span class='ocr_line' id='line_1_62' title="bbox 1094 243 1890 282; baseline 0.006 -13"><span class='ocrx_word' id='word_1_482' title='bbox 1094 252 1147 270; x_wconf 81' lang='lat' dir='ltr'><strong>non</strong></span> <span class='ocrx_word' id='word_1_483' title='bbox 1164 243 1329 276; x_wconf 85' lang='lat' dir='ltr'><strong>urbanitate,</strong></span> <span class='ocrx_word' id='word_1_484' title='bbox 1336 243 1383 271; x_wconf 88' lang='lat' dir='ltr'><strong>sed</strong></span> <span class='ocrx_word' id='word_1_485' title='bbox 1397 245 1552 278; x_wconf 77' lang='lat' dir='ltr'><strong>nugacitate</strong></span> <span class='ocrx_word' id='word_1_486' title='bbox 1562 243 1665 277; x_wconf 78' lang='lat' dir='ltr'><strong>dicere,</strong></span> <span class='ocrx_word' id='word_1_487' title='bbox 1680 253 1690 270; x_wconf 76' lang='grc' dir='ltr'><strong>ι</strong></span> <span class='ocrx_word' id='word_1_488' title='bbox 1702 244 1776 279; x_wconf 88' lang='lat' dir='ltr'><strong>quod</strong></span> <span class='ocrx_word' id='word_1_489' title='bbox 1788 245 1832 273; x_wconf 82' lang='lat' dir='ltr'><strong>vir</strong></span> <span class='ocrx_word' id='word_1_490' title='bbox 1841 253 1890 282; x_wconf 71' lang='lat' dir='ltr'><strong>go-</strong></span> 
     </span>
    </p>
   </div>
   <div class='ocr_carea' id='block_1_63' title="bbox 1093 290 1890 328">
    <p class='ocr_par' dir='ltr' id='par_1_63' title="bbox 1093 290 1890 328">
     <span class='ocr_line' id='line_1_63' title="bbox 1093 290 1890 328; baseline 0.003 -12"><span class='ocrx_word' id='word_1_491' title='bbox 1093 290 1218 317; x_wconf 80' lang='lat' dir='ltr'><strong>nitalium</strong></span> <span class='ocrx_word' id='word_1_492' title='bbox 1231 297 1335 318; x_wconf 82' lang='lat' dir='ltr'><strong>vacuus</strong></span> <span class='ocrx_word' id='word_1_493' title='bbox 1343 297 1467 317; x_wconf 81' lang='lat' dir='ltr'><strong>vomeres</strong></span> <span class='ocrx_word' id='word_1_494' title='bbox 1477 294 1505 318; x_wconf 87' lang='lat' dir='ltr'><strong>et</strong></span> <span class='ocrx_word' id='word_1_495' title='bbox 1517 290 1622 325; x_wconf 80' lang='lat' dir='ltr'><strong>ligones</strong></span> <span class='ocrx_word' id='word_1_496' title='bbox 1646 290 1765 318; x_wconf 78' lang='lat' dir='ltr'><strong>fetanda</strong></span> <span class='ocrx_word' id='word_1_497' title='bbox 1775 291 1890 328; x_wconf 68' lang='lat' dir='ltr'><strong>conj-gi</strong></span> 
     </span>
    </p>
   </div>
   <div class='ocr_carea' id='block_1_64' title="bbox 1093 335 1879 373">
    <p class='ocr_par' dir='ltr' id='par_1_64' title="bbox 1093 335 1879 373">
     <span class='ocr_line' id='line_1_64' title="bbox 1093 335 1879 373; baseline 0.005 -11"><span class='ocrx_word' id='word_1_498' title='bbox 1093 336 1287 370; x_wconf 60' lang='lat' dir='ltr'><strong>imprimeret.»</strong></span> <span class='ocrx_word' id='word_1_499' title='bbox 1300 335 1439 371; x_wconf 82' lang='lat' dir='ltr'><strong>Numquid</strong></span> <span class='ocrx_word' id='word_1_500' title='bbox 1450 336 1484 364; x_wconf 89' lang='lat' dir='ltr'><strong>de</strong></span> <span class='ocrx_word' id='word_1_501' title='bbox 1498 344 1613 364; x_wconf 89' lang='lat' dir='ltr'><strong>numero</strong></span> <span class='ocrx_word' id='word_1_502' title='bbox 1625 338 1743 372; x_wconf 58' lang='lat' dir='ltr'><strong>quintio</strong></span> <span class='ocrx_word' id='word_1_503' title='bbox 1753 341 1809 372; x_wconf 82' lang='lat' dir='ltr'><strong>est,</strong></span> <span class='ocrx_word' id='word_1_504' title='bbox 1821 337 1879 373; x_wconf 66' lang='grc' dir='ltr'>Ωιιι</span> 
     </span>
    </p>
   </div>
   <div class='ocr_carea' id='block_1_65' title="bbox 1091 382 1888 418">
    <p class='ocr_par' dir='ltr' id='par_1_65' title="bbox 1091 382 1888 418">
     <span class='ocr_line' id='line_1_65' title="bbox 1091 382 1888 418; baseline 0.003 -9"><span class='ocrx_word' id='word_1_505' title='bbox 1091 389 1176 417; x_wconf 87' lang='lat' dir='ltr'><strong>raque</strong></span> <span class='ocrx_word' id='word_1_506' title='bbox 1186 382 1387 416; x_wconf 88' lang='lat' dir='ltr'><strong>membrorum;</strong></span> <span class='ocrx_word' id='word_1_507' title='bbox 1400 390 1462 417; x_wconf 64' lang='lat' dir='ltr'><strong>quae</strong></span> <span class='ocrx_word' id='word_1_508' title='bbox 1471 383 1505 410; x_wconf 86' lang='lat' dir='ltr'><strong>ad</strong></span> <span class='ocrx_word' id='word_1_509' title='bbox 1519 382 1707 418; x_wconf 81' lang='lat' dir='ltr'><strong>generandum</strong></span> <span class='ocrx_word' id='word_1_510' title='bbox 1717 387 1812 411; x_wconf 86' lang='lat' dir='ltr'><strong>creata</strong></span> <span class='ocrx_word' id='word_1_511' title='bbox 1824 390 1888 418; x_wconf 77' lang='lat' dir='ltr'><strong>pos-</strong></span> 
     </span>
    </p>
   </div>
   <div class='ocr_carea' id='block_1_66' title="bbox 1090 426 1888 464">
    <p class='ocr_par' dir='ltr' id='par_1_66' title="bbox 1090 426 1888 464">
     <span class='ocr_line' id='line_1_66' title="bbox 1090 426 1888 464; baseline 0.005 -11"><span class='ocrx_word' id='word_1_512' title='bbox 1090 431 1151 454; x_wconf 89' lang='lat' dir='ltr'><strong>sent</strong></span> <span class='ocrx_word' id='word_1_513' title='bbox 1166 426 1192 453; x_wconf 92' lang='lat' dir='ltr'><strong>in</strong></span> <span class='ocrx_word' id='word_1_514' title='bbox 1208 427 1276 454; x_wconf 92' lang='lat' dir='ltr'><strong>locis</strong></span> <span class='ocrx_word' id='word_1_515' title='bbox 1287 427 1345 454; x_wconf 90' lang='lat' dir='ltr'><strong>suis</strong></span> <span class='ocrx_word' id='word_1_516' title='bbox 1355 428 1430 455; x_wconf 88' lang='lat' dir='ltr'><strong>salva</strong></span> <span class='ocrx_word' id='word_1_517' title='bbox 1443 432 1470 455; x_wconf 89' lang='lat' dir='ltr'><strong>et</strong></span> <span class='ocrx_word' id='word_1_518' title='bbox 1484 427 1601 463; x_wconf 80' lang='lat' dir='ltr'><strong>integra,</strong></span> <span class='ocrx_word' id='word_1_519' title='bbox 1613 436 1665 456; x_wconf 85' lang='lat' dir='ltr'><strong>nec</strong></span> <span class='ocrx_word' id='word_1_520' title='bbox 1678 427 1802 464; x_wconf 77' lang='lat' dir='ltr'><strong>indigere</strong></span> <span class='ocrx_word' id='word_1_521' title='bbox 1812 428 1888 457; x_wconf 75' lang='lat' dir='ltr'><strong>inei-</strong></span> 
     </span>
    </p>
   </div>
   <div class='ocr_carea' id='block_1_67' title="bbox 1089 473 1887 512">
    <p class='ocr_par' dir='ltr' id='par_1_67' title="bbox 1089 473 1887 512">
     <span class='ocr_line' id='line_1_67' title="bbox 1089 473 1887 512; baseline 0.005 -12"><span class='ocrx_word' id='word_1_522' title='bbox 1089 475 1211 500; x_wconf 81' lang='lat' dir='ltr'><strong>tamento</strong></span> <span class='ocrx_word' id='word_1_523' title='bbox 1226 473 1390 507; x_wconf 87' lang='lat' dir='ltr'><strong>lihidinis,et</strong></span> <span class='ocrx_word' id='word_1_524' title='bbox 1400 475 1503 503; x_wconf 88' lang='lat' dir='ltr'><strong>servire</strong></span> <span class='ocrx_word' id='word_1_525' title='bbox 1523 475 1639 510; x_wconf 81' lang='lat' dir='ltr'><strong>imperio</strong></span> <span class='ocrx_word' id='word_1_526' title='bbox 1647 474 1806 512; x_wconf 72' lang='lat' dir='ltr'><strong>voluptatis?</strong></span> <span class='ocrx_word' id='word_1_527' title='bbox 1815 474 1887 510; x_wconf 65' lang='lat' dir='ltr'><strong>Quae</strong></span> 
     </span>
    </p>
   </div>
   <div class='ocr_carea' id='block_1_68' title="bbox 1085 512 1885 554">
    <p class='ocr_par' dir='ltr' id='par_1_68' title="bbox 1085 512 1885 554">
     <span class='ocr_line' id='line_1_68' title="bbox 1085 512 1885 554; baseline 0.014 -15"><span class='ocrx_word' id='word_1_528' title='bbox 1085 512 1146 540; x_wconf 89' lang='lat' dir='ltr'><strong>ideo</strong></span> <span class='ocrx_word' id='word_1_529' title='bbox 1159 520 1173 539; x_wconf 90' lang='lat' dir='ltr'><strong>a</strong></span> <span class='ocrx_word' id='word_1_530' title='bbox 1189 521 1232 541; x_wconf 87' lang='lat' dir='ltr'><strong>me</strong></span> <span class='ocrx_word' id='word_1_531' title='bbox 1245 520 1451 543; x_wconf 88' lang='lat' dir='ltr'><strong>commemorata</strong></span> <span class='ocrx_word' id='word_1_532' title='bbox 1462 524 1678 546; x_wconf 86' lang='lat' dir='ltr'><strong>commemorare</strong></span> <span class='ocrx_word' id='word_1_533' title='bbox 1686 519 1807 554; x_wconf 80' lang='lat' dir='ltr'><strong>noluisti,</strong></span> <span class='ocrx_word' id='word_1_534' title='bbox 1819 528 1885 550; x_wconf 71' lang='lat' dir='ltr'><strong>una</strong></span> 
     </span>
    </p>
   </div>
   <div class='ocr_carea' id='block_1_69' title="bbox 1086 558 1886 601">
    <p class='ocr_par' dir='ltr' id='par_1_69' title="bbox 1086 558 1886 601">
     <span class='ocr_line' id='line_1_69' title="bbox 1086 558 1886 601; baseline 0.015 -17"><span class='ocrx_word' id='word_1_535' title='bbox 1086 558 1165 585; x_wconf 86' lang='lat' dir='ltr'><strong>verba</strong></span> <span class='ocrx_word' id='word_1_536' title='bbox 1182 567 1240 586; x_wconf 89' lang='lat' dir='ltr'><strong>mea</strong></span> <span class='ocrx_word' id='word_1_537' title='bbox 1256 568 1382 594; x_wconf 87' lang='lat' dir='ltr'><strong>ponercs,</strong></span> <span class='ocrx_word' id='word_1_538' title='bbox 1399 569 1433 589; x_wconf 92' lang='lat' dir='ltr'><strong>ne</strong></span> <span class='ocrx_word' id='word_1_539' title='bbox 1447 562 1583 591; x_wconf 87' lang='lat' dir='ltr'><strong>silentium</strong></span> <span class='ocrx_word' id='word_1_540' title='bbox 1599 564 1645 593; x_wconf 86' lang='lat' dir='ltr'><strong>tibi</strong></span> <span class='ocrx_word' id='word_1_541' title='bbox 1667 565 1838 601; x_wconf 67' lang='lat' dir='ltr'><strong>imptum.</strong></span> <span class='ocrx_word' id='word_1_542' title='bbox 1854 571 1886 596; x_wconf 79' lang='lat' dir='ltr'><strong>et</strong></span> 
     </span>
    </p>
   </div>
   <div class='ocr_carea' id='block_1_70' title="bbox 1085 603 1886 647">
    <p class='ocr_par' dir='ltr' id='par_1_70' title="bbox 1085 603 1886 647">
     <span class='ocr_line' id='line_1_70' title="bbox 1085 603 1886 647; baseline 0.014 -18"><span class='ocrx_word' id='word_1_543' title='bbox 1085 603 1118 630; x_wconf 88' lang='lat' dir='ltr'><strong>ad</strong></span> <span class='ocrx_word' id='word_1_544' title='bbox 1134 604 1177 630; x_wconf 90' lang='lat' dir='ltr'><strong>illa</strong></span> <span class='ocrx_word' id='word_1_545' title='bbox 1190 612 1250 639; x_wconf 73' lang='lat' dir='ltr'><strong>qua:</strong></span> <span class='ocrx_word' id='word_1_546' title='bbox 1269 605 1303 633; x_wconf 89' lang='lat' dir='ltr'><strong>de</strong></span> <span class='ocrx_word' id='word_1_547' title='bbox 1317 606 1377 633; x_wconf 85' lang='lat' dir='ltr'><strong>ﬁliis</strong></span> <span class='ocrx_word' id='word_1_548' title='bbox 1393 615 1440 641; x_wconf 87' lang='lat' dir='ltr'><strong>per</strong></span> <span class='ocrx_word' id='word_1_549' title='bbox 1453 612 1537 635; x_wconf 90' lang='lat' dir='ltr'><strong>totum</strong></span> <span class='ocrx_word' id='word_1_550' title='bbox 1552 617 1650 644; x_wconf 84' lang='lat' dir='ltr'><strong>corpus</strong></span> <span class='ocrx_word' id='word_1_551' title='bbox 1662 614 1788 646; x_wconf 78' lang='lat' dir='ltr'><strong>tanquam</strong></span> <span class='ocrx_word' id='word_1_552' title='bbox 1802 611 1886 647; x_wconf 66' lang='lat' dir='ltr'><strong>pedi-</strong></span> 
     </span>
    </p>
   </div>
   <div class='ocr_carea' id='block_1_71' title="bbox 1085 648 1883 691">
    <p class='ocr_par' dir='ltr' id='par_1_71' title="bbox 1085 648 1883 691">
     <span class='ocr_line' id='line_1_71' title="bbox 1085 648 1883 691; baseline 0.015 -17"><span class='ocrx_word' id='word_1_553' title='bbox 1085 648 1152 675; x_wconf 84' lang='lat' dir='ltr'><strong>culis</strong></span> <span class='ocrx_word' id='word_1_554' title='bbox 1171 650 1389 684; x_wconf 88' lang='lat' dir='ltr'><strong>erumpentibus,</strong></span> <span class='ocrx_word' id='word_1_555' title='bbox 1410 657 1437 679; x_wconf 88' lang='lat' dir='ltr'><strong>ct</strong></span> <span class='ocrx_word' id='word_1_556' title='bbox 1456 652 1491 680; x_wconf 88' lang='lat' dir='ltr'><strong>de</strong></span> <span class='ocrx_word' id='word_1_557' title='bbox 1511 654 1682 683; x_wconf 74' lang='lat' dir='ltr'><strong>ferramentis</strong></span> <span class='ocrx_word' id='word_1_558' title='bbox 1702 656 1883 691; x_wconf 72' lang='lat' dir='ltr'><strong>agricolam</strong></span> 
     </span>
    </p>
   </div>
   <div class='ocr_carea' id='block_1_72' title="bbox 1085 694 1885 738">
    <p class='ocr_par' dir='ltr' id='par_1_72' title="bbox 1085 694 1885 738">
     <span class='ocr_line' id='line_1_72' title="bbox 1085 694 1885 738; baseline 0.016 -18"><span class='ocrx_word' id='word_1_559' title='bbox 1085 694 1118 721; x_wconf 88' lang='lat' dir='ltr'><strong>ad</strong></span> <span class='ocrx_word' id='word_1_560' title='bbox 1133 695 1345 730; x_wconf 74' lang='lat' dir='ltr'><strong>impra-guandas</strong></span> <span class='ocrx_word' id='word_1_561' title='bbox 1359 697 1469 726; x_wconf 90' lang='lat' dir='ltr'><strong>feminas</strong></span> <span class='ocrx_word' id='word_1_562' title='bbox 1481 699 1651 734; x_wconf 86' lang='lat' dir='ltr'><strong>adhibendis,</strong></span> <span class='ocrx_word' id='word_1_563' title='bbox 1667 709 1729 738; x_wconf 69' lang='lat' dir='ltr'><strong>quas</strong></span> <span class='ocrx_word' id='word_1_564' title='bbox 1743 703 1790 731; x_wconf 84' lang='lat' dir='ltr'><strong>tibi</strong></span> <span class='ocrx_word' id='word_1_565' title='bbox 1802 703 1885 732; x_wconf 64' lang='lat' dir='ltr'><strong>leui-</strong></span> 
     </span>
    </p>
   </div>
   <div class='ocr_carea' id='block_1_73' title="bbox 1087 740 1884 781">
    <p class='ocr_par' dir='ltr' id='par_1_73' title="bbox 1087 740 1884 781">
     <span class='ocr_line' id='line_1_73' title="bbox 1087 740 1884 781; baseline 0.015 -15"><span class='ocrx_word' id='word_1_566' title='bbox 1087 740 1193 768; x_wconf 67' lang='lat' dir='ltr'><strong>vissima</strong></span> <span class='ocrx_word' id='word_1_567' title='bbox 1216 741 1356 770; x_wconf 86' lang='lat' dir='ltr'><strong>dicacitate</strong></span> <span class='ocrx_word' id='word_1_568' title='bbox 1377 751 1474 772; x_wconf 88' lang='lat' dir='ltr'><strong>sonare</strong></span> <span class='ocrx_word' id='word_1_569' title='bbox 1495 745 1664 781; x_wconf 74' lang='lat' dir='ltr'><strong>videbantur,</strong></span> <span class='ocrx_word' id='word_1_570' title='bbox 1688 750 1751 776; x_wconf 77' lang='lat' dir='ltr'><strong>cum</strong></span> <span class='ocrx_word' id='word_1_571' title='bbox 1762 749 1884 778; x_wconf 71' lang='lat' dir='ltr'><strong>vanitate</strong></span> 
     </span>
    </p>
   </div>
   <div class='ocr_carea' id='block_1_74' title="bbox 1087 785 1884 828">
    <p class='ocr_par' dir='ltr' id='par_1_74' title="bbox 1087 785 1884 828">
     <span class='ocr_line' id='line_1_74' title="bbox 1087 785 1884 828; baseline 0.015 -17"><span class='ocrx_word' id='word_1_572' title='bbox 1087 785 1250 820; x_wconf 73' lang='lat' dir='ltr'><strong>iurptissima</strong></span> <span class='ocrx_word' id='word_1_573' title='bbox 1266 787 1427 821; x_wconf 86' lang='lat' dir='ltr'><strong>dicerentur,</strong></span> <span class='ocrx_word' id='word_1_574' title='bbox 1443 797 1474 817; x_wconf 91' lang='lat' dir='ltr'><strong>os</strong></span> <span class='ocrx_word' id='word_1_575' title='bbox 1488 791 1594 824; x_wconf 88' lang='lat' dir='ltr'><strong>aperire</strong></span> <span class='ocrx_word' id='word_1_576' title='bbox 1608 799 1662 820; x_wconf 83' lang='lat' dir='ltr'><strong>non</strong></span> <span class='ocrx_word' id='word_1_577' title='bbox 1682 800 1787 828; x_wconf 75' lang='lat' dir='ltr'><strong>posses.</strong></span> <span class='ocrx_word' id='word_1_578' title='bbox 1804 794 1884 824; x_wconf 67' lang='lat' dir='ltr'><strong>[inde</strong></span> 
     </span>
    </p>
   </div>
   <div class='ocr_carea' id='block_1_75' title="bbox 1087 831 1883 873">
    <p class='ocr_par' dir='ltr' id='par_1_75' title="bbox 1087 831 1883 873">
     <span class='ocr_line' id='line_1_75' title="bbox 1087 831 1883 873; baseline 0.016 -17"><span class='ocrx_word' id='word_1_579' title='bbox 1087 838 1136 858; x_wconf 68' lang='lat' dir='ltr'><strong>nec</strong></span> <span class='ocrx_word' id='word_1_580' title='bbox 1147 831 1210 859; x_wconf 87' lang='lat' dir='ltr'><strong>illud</strong></span> <span class='ocrx_word' id='word_1_581' title='bbox 1224 840 1325 866; x_wconf 89' lang='lat' dir='ltr'><strong>meum,</strong></span> <span class='ocrx_word' id='word_1_582' title='bbox 1338 834 1408 868; x_wconf 83' lang='lat' dir='ltr'><strong>quod</strong></span> <span class='ocrx_word' id='word_1_583' title='bbox 1422 834 1447 862; x_wconf 90' lang='lat' dir='ltr'><strong>in</strong></span> <span class='ocrx_word' id='word_1_584' title='bbox 1463 835 1557 865; x_wconf 84' lang='lat' dir='ltr'><strong>eodem</strong></span> <span class='ocrx_word' id='word_1_585' title='bbox 1570 836 1641 870; x_wconf 87' lang='lat' dir='ltr'><strong>loco,</strong></span> <span class='ocrx_word' id='word_1_586' title='bbox 1656 844 1737 873; x_wconf 84' lang='lat' dir='ltr'><strong>quem</strong></span> <span class='ocrx_word' id='word_1_587' title='bbox 1752 838 1827 867; x_wconf 72' lang='lat' dir='ltr'><strong>velut</strong></span> <span class='ocrx_word' id='word_1_588' title='bbox 1836 847 1883 869; x_wconf 86' lang='lat' dir='ltr'><strong>re-</strong></span> 
     </span>
    </p>
   </div>
   <div class='ocr_carea' id='block_1_76' title="bbox 1086 877 1884 917">
    <p class='ocr_par' dir='ltr' id='par_1_76' title="bbox 1086 877 1884 917">
     <span class='ocr_line' id='line_1_76' title="bbox 1086 877 1884 917; baseline 0.015 -15"><span class='ocrx_word' id='word_1_589' title='bbox 1086 877 1267 910; x_wconf 78' lang='lat' dir='ltr'><strong>dargueudum</strong></span> <span class='ocrx_word' id='word_1_590' title='bbox 1282 887 1456 914; x_wconf 86' lang='lat' dir='ltr'><strong>susceperas,</strong></span> <span class='ocrx_word' id='word_1_591' title='bbox 1476 881 1510 909; x_wconf 80' lang='lat' dir='ltr'><strong>de</strong></span> <span class='ocrx_word' id='word_1_592' title='bbox 1524 883 1728 917; x_wconf 78' lang='lat' dir='ltr'><strong>parturientiutn</strong></span> <span class='ocrx_word' id='word_1_593' title='bbox 1740 884 1884 914; x_wconf 72' lang='lat' dir='ltr'><strong>doloribus</strong></span> 
     </span>
    </p>
   </div>
   <div class='ocr_carea' id='block_1_77' title="bbox 1087 924 1884 962">
    <p class='ocr_par' dir='ltr' id='par_1_77' title="bbox 1087 924 1884 962">
     <span class='ocr_line' id='line_1_77' title="bbox 1087 924 1884 962; baseline 0.014 -13"><span class='ocrx_word' id='word_1_594' title='bbox 1087 924 1178 957; x_wconf 83' lang='lat' dir='ltr'><strong>posui,</strong></span> <span class='ocrx_word' id='word_1_595' title='bbox 1196 925 1293 959; x_wconf 89' lang='lat' dir='ltr'><strong>putasti</strong></span> <span class='ocrx_word' id='word_1_596' title='bbox 1307 933 1367 953; x_wconf 79' lang='lat' dir='ltr'><strong>esse</strong></span> <span class='ocrx_word' id='word_1_597' title='bbox 1380 927 1554 962; x_wconf 86' lang='lat' dir='ltr'><strong>tangendum.</strong></span> <span class='ocrx_word' id='word_1_598' title='bbox 1570 929 1598 956; x_wconf 84' lang='lat' dir='ltr'><strong>Si</strong></span> <span class='ocrx_word' id='word_1_599' title='bbox 1614 930 1686 957; x_wconf 87' lang='lat' dir='ltr'><strong>enim</strong></span> <span class='ocrx_word' id='word_1_600' title='bbox 1702 930 1811 959; x_wconf 63' lang='lat' dir='ltr'><strong>femina</strong></span> <span class='ocrx_word' id='word_1_601' title='bbox 1820 932 1884 960; x_wconf 68' lang='lat' dir='ltr'><strong>sine</strong></span> 
     </span>
    </p>
   </div>
   <div class='ocr_carea' id='block_1_78' title="bbox 1087 969 1885 1011">
    <p class='ocr_par' dir='ltr' id='par_1_78' title="bbox 1087 969 1885 1011">
     <span class='ocr_line' id='line_1_78' title="bbox 1087 969 1885 1011; baseline 0.015 -17"><span class='ocrx_word' id='word_1_602' title='bbox 1087 969 1268 1003; x_wconf 80' lang='lat' dir='ltr'><strong>parturitionis</strong></span> <span class='ocrx_word' id='word_1_603' title='bbox 1281 971 1442 999; x_wconf 85' lang='lat' dir='ltr'><strong>cruciatibus</strong></span> <span class='ocrx_word' id='word_1_604' title='bbox 1455 978 1595 1008; x_wconf 80' lang='lat' dir='ltr'><strong>parerent,</strong></span> <span class='ocrx_word' id='word_1_605' title='bbox 1611 981 1676 1010; x_wconf 91' lang='lat' dir='ltr'><strong>puto</strong></span> <span class='ocrx_word' id='word_1_606' title='bbox 1687 976 1760 1011; x_wconf 87' lang='lat' dir='ltr'><strong>quod</strong></span> <span class='ocrx_word' id='word_1_607' title='bbox 1775 985 1828 1005; x_wconf 82' lang='lat' dir='ltr'><strong>non</strong></span> <span class='ocrx_word' id='word_1_608' title='bbox 1838 978 1885 1006; x_wconf 75' lang='lat' dir='ltr'><strong>eis</strong></span> 
     </span>
    </p>
   </div>
   <div class='ocr_carea' id='block_1_79' title="bbox 1087 1016 1885 1056">
    <p class='ocr_par' dir='ltr' id='par_1_79' title="bbox 1087 1016 1885 1056">
     <span class='ocr_line' id='line_1_79' title="bbox 1087 1016 1885 1056; baseline 0.013 -14"><span class='ocrx_word' id='word_1_609' title='bbox 1087 1016 1205 1043; x_wconf 89' lang='lat' dir='ltr'><strong>membra</strong></span> <span class='ocrx_word' id='word_1_610' title='bbox 1219 1017 1226 1032; x_wconf 89' lang='grc'>¹</span> <span class='ocrx_word' id='word_1_611' title='bbox 1240 1017 1375 1053; x_wconf 82' lang='lat' dir='ltr'><strong>genitalia,</strong></span> <span class='ocrx_word' id='word_1_612' title='bbox 1389 1019 1437 1046; x_wconf 89' lang='lat' dir='ltr'><strong>sed</strong></span> <span class='ocrx_word' id='word_1_613' title='bbox 1451 1024 1582 1048; x_wconf 84' lang='lat' dir='ltr'><strong>tormenta</strong></span> <span class='ocrx_word' id='word_1_614' title='bbox 1594 1022 1708 1056; x_wconf 70' lang='lat' dir='ltr'><strong>Ptlltllliﬂ</strong></span> <span class='ocrx_word' id='word_1_615' title='bbox 1721 1022 1885 1052; x_wconf 69' lang='lat' dir='ltr'><strong>defuissent.</strong></span> 
     </span>
    </p>
   </div>
   <div class='ocr_carea' id='block_1_80' title="bbox 1088 1062 1883 1106">
    <p class='ocr_par' dir='ltr' id='par_1_80' title="bbox 1088 1062 1883 1106">
     <span class='ocr_line' id='line_1_80' title="bbox 1088 1062 1883 1106; baseline 0.013 -17"><span class='ocrx_word' id='word_1_616' title='bbox 1088 1062 1170 1090; x_wconf 85' lang='lat' dir='ltr'><strong>Porro</strong></span> <span class='ocrx_word' id='word_1_617' title='bbox 1178 1062 1316 1102; x_wconf 77' lang='lat' dir='ltr'><strong>Scriptura</strong></span> <span class='ocrx_word' id='word_1_618' title='bbox 1326 1064 1414 1092; x_wconf 88' lang='lat' dir='ltr'><strong>divina</strong></span> <span class='ocrx_word' id='word_1_619' title='bbox 1424 1064 1509 1101; x_wconf 88' lang='lat' dir='ltr'><strong>(quod</strong></span> <span class='ocrx_word' id='word_1_620' title='bbox 1518 1073 1614 1095; x_wconf 87' lang='lat' dir='ltr'><strong>omnes</strong></span> <span class='ocrx_word' id='word_1_621' title='bbox 1623 1068 1668 1102; x_wconf 86' lang='lat' dir='ltr'><strong>qui</strong></span> <span class='ocrx_word' id='word_1_622' title='bbox 1680 1068 1771 1104; x_wconf 73' lang='lat' dir='ltr'><strong>legunt</strong></span> <span class='ocrx_word' id='word_1_623' title='bbox 1779 1069 1883 1106; x_wconf 68' lang='lat' dir='ltr'><strong>sei-tat)</strong></span> 
     </span>
    </p>
   </div>
   <div class='ocr_carea' id='block_1_81' title="bbox 1085 1108 1885 1152">
    <p class='ocr_par' dir='ltr' id='par_1_81' title="bbox 1085 1108 1885 1152">
     <span class='ocr_line' id='line_1_81' title="bbox 1085 1108 1885 1152; baseline 0.013 -18"><span class='ocrx_word' id='word_1_624' title='bbox 1085 1108 1119 1135; x_wconf 85' lang='lat' dir='ltr'><strong>dc</strong></span> <span class='ocrx_word' id='word_1_625' title='bbox 1134 1113 1242 1142; x_wconf 86' lang='lat' dir='ltr'><strong>peccato</strong></span> <span class='ocrx_word' id='word_1_626' title='bbox 1255 1109 1319 1136; x_wconf 66' lang='lat' dir='ltr'><strong>Eva:</strong></span> <span class='ocrx_word' id='word_1_627' title='bbox 1335 1110 1385 1138; x_wconf 90' lang='lat' dir='ltr'><strong>hoc</strong></span> <span class='ocrx_word' id='word_1_628' title='bbox 1400 1112 1526 1139; x_wconf 88' lang='lat' dir='ltr'><strong>tormenti</strong></span> <span class='ocrx_word' id='word_1_629' title='bbox 1539 1120 1624 1147; x_wconf 84' lang='lat' dir='ltr'><strong>genus</strong></span> <span class='ocrx_word' id='word_1_630' title='bbox 1637 1113 1664 1141; x_wconf 87' lang='lat' dir='ltr'><strong>in</strong></span> <span class='ocrx_word' id='word_1_631' title='bbox 1677 1113 1821 1143; x_wconf 74' lang='lat' dir='ltr'><strong>femineum</strong></span> <span class='ocrx_word' id='word_1_632' title='bbox 1833 1123 1885 1152; x_wconf 52' lang='lat' dir='ltr'><strong>ge.</strong></span> 
     </span>
    </p>
   </div>
   <div class='ocr_carea' id='block_1_82' title="bbox 1086 1155 1885 1195">
    <p class='ocr_par' dir='ltr' id='par_1_82' title="bbox 1086 1155 1885 1195">
     <span class='ocr_line' id='line_1_82' title="bbox 1086 1155 1885 1195; baseline 0.013 -15"><span class='ocrx_word' id='word_1_633' title='bbox 1086 1162 1137 1181; x_wconf 90' lang='lat' dir='ltr'><strong>nus</strong></span> <span class='ocrx_word' id='word_1_634' title='bbox 1152 1155 1280 1183; x_wconf 85' lang='lat' dir='ltr'><strong>transisse</strong></span> <span class='ocrx_word' id='word_1_635' title='bbox 1300 1160 1413 1184; x_wconf 87' lang='lat' dir='ltr'><strong>testatur</strong></span> <span class='ocrx_word' id='word_1_636' title='bbox 1426 1157 1502 1192; x_wconf 75' lang='lat' dir='ltr'><strong>(Gen.</strong></span> <span class='ocrx_word' id='word_1_637' title='bbox 1519 1166 1546 1186; x_wconf 90' lang='grc' dir='ltr'><strong>ιιι</strong></span> <span class='ocrx_word' id='word_1_638' title='bbox 1557 1179 1566 1192; x_wconf 83' lang='grc'><strong><em>,</em></strong></span> <span class='ocrx_word' id='word_1_639' title='bbox 1587 1159 1643 1195; x_wconf 75' lang='grc'><strong>16).</strong></span> <span class='ocrx_word' id='word_1_640' title='bbox 1664 1160 1720 1187; x_wconf 85' lang='lat' dir='ltr'><strong>Hoc</strong></span> <span class='ocrx_word' id='word_1_641' title='bbox 1734 1165 1763 1188; x_wconf 83' lang='lat' dir='ltr'><strong>tu</strong></span> <span class='ocrx_word' id='word_1_642' title='bbox 1772 1161 1802 1188; x_wconf 81' lang='lat' dir='ltr'><strong>in</strong></span> <span class='ocrx_word' id='word_1_643' title='bbox 1814 1162 1885 1190; x_wconf 72' lang='lat' dir='ltr'><strong>uiuis</strong></span> 
     </span>
    </p>
   </div>
   <div class='ocr_carea' id='block_1_83' title="bbox 1087 1200 1886 1241">
    <p class='ocr_par' dir='ltr' id='par_1_83' title="bbox 1087 1200 1886 1241">
     <span class='ocr_line' id='line_1_83' title="bbox 1087 1200 1886 1241; baseline 0.014 -15"><span class='ocrx_word' id='word_1_644' title='bbox 1087 1200 1175 1227; x_wconf 77' lang='lat' dir='ltr'><strong>verbis</strong></span> <span class='ocrx_word' id='word_1_645' title='bbox 1191 1202 1327 1236; x_wconf 64' lang='lat' dir='ltr'><strong>pecterire</strong></span> <span class='ocrx_word' id='word_1_646' title='bbox 1339 1211 1418 1237; x_wconf 78' lang='lat' dir='ltr'><strong>quam</strong></span> <span class='ocrx_word' id='word_1_647' title='bbox 1435 1209 1598 1238; x_wconf 86' lang='lat' dir='ltr'><strong>pertractare</strong></span> <span class='ocrx_word' id='word_1_648' title='bbox 1611 1206 1886 1241; x_wconf 66' lang='lat' dir='ltr'><strong>maluisti,le&#39;tliee-</strong></span> 
     </span>
    </p>
   </div>
   <div class='ocr_carea' id='block_1_84' title="bbox 1087 1247 1885 1289">
    <p class='ocr_par' dir='ltr' id='par_1_84' title="bbox 1087 1247 1885 1289">
     <span class='ocr_line' id='line_1_84' title="bbox 1087 1247 1885 1289; baseline 0.013 -16"><span class='ocrx_word' id='word_1_649' title='bbox 1087 1251 1162 1274; x_wconf 81' lang='lat' dir='ltr'><strong>retur</strong></span> <span class='ocrx_word' id='word_1_650' title='bbox 1178 1247 1239 1280; x_wconf 88' lang='lat' dir='ltr'><strong>tibi,</strong></span> <span class='ocrx_word' id='word_1_651' title='bbox 1265 1249 1299 1275; x_wconf 88' lang='lat' dir='ltr'><strong>ita</strong></span> <span class='ocrx_word' id='word_1_652' title='bbox 1314 1250 1395 1277; x_wconf 86' lang='lat' dir='ltr'><strong>salvis</strong></span> <span class='ocrx_word' id='word_1_653' title='bbox 1415 1255 1495 1285; x_wconf 77' lang='lat' dir='ltr'><strong>atque</strong></span> <span class='ocrx_word' id='word_1_654' title='bbox 1518 1252 1627 1287; x_wconf 77' lang='lat' dir='ltr'><strong>integris</strong></span> <span class='ocrx_word' id='word_1_655' title='bbox 1641 1254 1780 1289; x_wconf 69' lang='lat' dir='ltr'><strong>tiu-inque</strong></span> <span class='ocrx_word' id='word_1_656' title='bbox 1799 1261 1885 1283; x_wconf 72' lang='lat' dir='ltr'><strong>aestu</strong></span> 
     </span>
    </p>
   </div>
   <div class='ocr_carea' id='block_1_85' title="bbox 1086 1294 1883 1337">
    <p class='ocr_par' dir='ltr' id='par_1_85' title="bbox 1086 1294 1883 1337">
     <span class='ocr_line' id='line_1_85' title="bbox 1086 1294 1883 1337; baseline 0.013 -17"><span class='ocrx_word' id='word_1_657' title='bbox 1086 1294 1246 1328; x_wconf 90' lang='lat' dir='ltr'><strong>genitalibus</strong></span> <span class='ocrx_word' id='word_1_658' title='bbox 1259 1295 1284 1322; x_wconf 93' lang='lat' dir='ltr'><strong>iu</strong></span> <span class='ocrx_word' id='word_1_659' title='bbox 1300 1296 1341 1322; x_wconf 90' lang='lat' dir='ltr'><strong>illa</strong></span> <span class='ocrx_word' id='word_1_660' title='bbox 1358 1296 1483 1324; x_wconf 72' lang='lat' dir='ltr'><strong>felicitate</strong></span> <span class='ocrx_word' id='word_1_661' title='bbox 1496 1299 1612 1333; x_wconf 78' lang='lat' dir='ltr'><strong>paradisi</strong></span> <span class='ocrx_word' id='word_1_662' title='bbox 1627 1300 1883 1337; x_wconf 52' lang='lat' dir='ltr'><strong>potuissesitiens3</strong></span> 
     </span>
    </p>
   </div>
   <div class='ocr_carea' id='block_1_86' title="bbox 1086 1340 1884 1383">
    <p class='ocr_par' dir='ltr' id='par_1_86' title="bbox 1086 1340 1884 1383">
     <span class='ocr_line' id='line_1_86' title="bbox 1086 1340 1884 1383; baseline 0.011 -16"><span class='ocrx_word' id='word_1_663' title='bbox 1086 1340 1173 1368; x_wconf 87' lang='lat' dir='ltr'><strong>deuda</strong></span> <span class='ocrx_word' id='word_1_664' title='bbox 1193 1341 1300 1368; x_wconf 80' lang='lat' dir='ltr'><strong>libidine</strong></span> <span class='ocrx_word' id='word_1_665' title='bbox 1313 1343 1492 1376; x_wconf 84' lang='lat' dir='ltr'><strong>concumbere</strong></span> <span class='ocrx_word' id='word_1_666' title='bbox 1507 1345 1518 1360; x_wconf 83' lang='grc'><strong><em>³</em></strong></span> <span class='ocrx_word' id='word_1_667' title='bbox 1532 1345 1677 1380; x_wconf 83' lang='lat' dir='ltr'><strong>conjuges,</strong></span> <span class='ocrx_word' id='word_1_668' title='bbox 1700 1347 1770 1374; x_wconf 82' lang='lat' dir='ltr'><strong>sicut</strong></span> <span class='ocrx_word' id='word_1_669' title='bbox 1784 1352 1884 1383; x_wconf 70' lang='lat' dir='ltr'><strong>potue-</strong></span> 
     </span>
    </p>
   </div>
   <div class='ocr_carea' id='block_1_87' title="bbox 1087 1388 1886 1433">
    <p class='ocr_par' dir='ltr' id='par_1_87' title="bbox 1087 1388 1886 1433">
     <span class='ocr_line' id='line_1_87' title="bbox 1087 1388 1886 1433; baseline 0.01 -18"><span class='ocrx_word' id='word_1_670' title='bbox 1087 1392 1149 1415; x_wconf 85' lang='lat' dir='ltr'><strong>runt</strong></span> <span class='ocrx_word' id='word_1_671' title='bbox 1162 1388 1243 1415; x_wconf 88' lang='lat' dir='ltr'><strong>salvis</strong></span> <span class='ocrx_word' id='word_1_672' title='bbox 1257 1392 1337 1423; x_wconf 86' lang='lat' dir='ltr'><strong>atque</strong></span> <span class='ocrx_word' id='word_1_673' title='bbox 1352 1389 1461 1424; x_wconf 86' lang='lat' dir='ltr'><strong>integris</strong></span> <span class='ocrx_word' id='word_1_674' title='bbox 1477 1389 1599 1418; x_wconf 86' lang='lat' dir='ltr'><strong>femineis</strong></span> <span class='ocrx_word' id='word_1_675' title='bbox 1611 1392 1772 1427; x_wconf 78' lang='lat' dir='ltr'><strong>genitalibus</strong></span> <span class='ocrx_word' id='word_1_676' title='bbox 1788 1401 1886 1433; x_wconf 67' lang='lat' dir='ltr'><strong>parere</strong></span> 
     </span>
    </p>
   </div>
   <div class='ocr_carea' id='block_1_88' title="bbox 1087 1433 1884 1468">
    <p class='ocr_par' dir='ltr' id='par_1_88' title="bbox 1087 1433 1884 1468">
     <span class='ocr_line' id='line_1_88' title="bbox 1087 1433 1884 1468; baseline 0.011 -9"><span class='ocrx_word' id='word_1_677' title='bbox 1087 1433 1146 1461; x_wconf 82' lang='lat' dir='ltr'><strong>sine</strong></span> <span class='ocrx_word' id='word_1_678' title='bbox 1157 1434 1289 1468; x_wconf 77' lang='lat' dir='ltr'><strong>gemet-do</strong></span> <span class='ocrx_word' id='word_1_679' title='bbox 1302 1434 1313 1450; x_wconf 91' lang='grc'><strong><em>³</em></strong></span> <span class='ocrx_word' id='word_1_680' title='bbox 1327 1435 1420 1462; x_wconf 90' lang='lat' dir='ltr'><strong>dolore</strong></span> <span class='ocrx_word' id='word_1_681' title='bbox 1434 1436 1571 1464; x_wconf 85' lang='lat' dir='ltr'><strong>mulieres.</strong></span> <span class='ocrx_word' id='word_1_682' title='bbox 1592 1437 1646 1464; x_wconf 84' lang='lat' dir='ltr'><strong>Sed</strong></span> <span class='ocrx_word' id='word_1_683' title='bbox 1660 1444 1775 1466; x_wconf 71' lang='lat' dir='ltr'><strong>vos-non</strong></span> <span class='ocrx_word' id='word_1_684' title='bbox 1793 1439 1884 1468; x_wconf 69' lang='lat' dir='ltr'><strong>solun</strong></span> 
     </span>
    </p>
   </div>
   <div class='ocr_carea' id='block_1_89' title="bbox 1086 1479 1885 1517">
    <p class='ocr_par' dir='ltr' id='par_1_89' title="bbox 1086 1479 1885 1517">
     <span class='ocr_line' id='line_1_89' title="bbox 1086 1479 1885 1517; baseline 0.01 -11"><span class='ocrx_word' id='word_1_685' title='bbox 1086 1479 1220 1507; x_wconf 77' lang='lat' dir='ltr'><strong>cruciatus</strong></span> <span class='ocrx_word' id='word_1_686' title='bbox 1232 1484 1259 1507; x_wconf 91' lang='lat' dir='ltr'><strong>et</strong></span> <span class='ocrx_word' id='word_1_687' title='bbox 1272 1481 1386 1515; x_wconf 84' lang='lat' dir='ltr'><strong>gemitus</strong></span> <span class='ocrx_word' id='word_1_688' title='bbox 1396 1482 1567 1517; x_wconf 88' lang='lat' dir='ltr'><strong>parientitttn,</strong></span> <span class='ocrx_word' id='word_1_689' title='bbox 1581 1490 1672 1510; x_wconf 81' lang='lat' dir='ltr'><strong>verum</strong></span> <span class='ocrx_word' id='word_1_690' title='bbox 1684 1483 1765 1511; x_wconf 83' lang='lat' dir='ltr'><strong>etiam</strong></span> <span class='ocrx_word' id='word_1_691' title='bbox 1776 1484 1885 1514; x_wconf 77' lang='lat' dir='ltr'><strong>labores</strong></span> 
     </span>
    </p>
   </div>
   <div class='ocr_carea' id='block_1_90' title="bbox 1086 1525 1885 1564">
    <p class='ocr_par' dir='ltr' id='par_1_90' title="bbox 1086 1525 1885 1564">
     <span class='ocr_line' id='line_1_90' title="bbox 1086 1525 1885 1564; baseline 0.01 -12"><span class='ocrx_word' id='word_1_692' title='bbox 1086 1525 1154 1552; x_wconf 87' lang='lat' dir='ltr'><strong>alios</strong></span> <span class='ocrx_word' id='word_1_693' title='bbox 1166 1533 1353 1562; x_wconf 76' lang='lat' dir='ltr'><strong>:erumnasque</strong></span> <span class='ocrx_word' id='word_1_694' title='bbox 1367 1527 1530 1559; x_wconf 85' lang='lat' dir='ltr'><strong>mortalium.</strong></span> <span class='ocrx_word' id='word_1_695' title='bbox 1549 1537 1602 1555; x_wconf 86' lang='lat' dir='ltr'><strong>non</strong></span> <span class='ocrx_word' id='word_1_696' title='bbox 1615 1537 1630 1555; x_wconf 75' lang='grc' dir='ltr'><strong>ιι</strong></span> <span class='ocrx_word' id='word_1_697' title='bbox 1645 1533 1769 1564; x_wconf 77' lang='lat' dir='ltr'><strong>tempore</strong></span> <span class='ocrx_word' id='word_1_698' title='bbox 1779 1530 1885 1561; x_wconf 72' lang='lat' dir='ltr'><strong>arbitrii</strong></span> 
     </span>
    </p>
   </div>
   <div class='ocr_carea' id='block_1_91' title="bbox 1087 1572 1885 1606">
    <p class='ocr_par' dir='ltr' id='par_1_91' title="bbox 1087 1572 1885 1606">
     <span class='ocr_line' id='line_1_91' title="bbox 1087 1572 1885 1606; baseline 0.009 -7"><span class='ocrx_word' id='word_1_699' title='bbox 1087 1572 1164 1599; x_wconf 85' lang='lat' dir='ltr'><strong>liberi</strong></span> <span class='ocrx_word' id='word_1_700' title='bbox 1177 1580 1269 1600; x_wconf 90' lang='lat' dir='ltr'><strong>eorum</strong></span> <span class='ocrx_word' id='word_1_701' title='bbox 1279 1593 1286 1604; x_wconf 89' lang='lat'><em>.</em></span> <span class='ocrx_word' id='word_1_702' title='bbox 1303 1573 1350 1601; x_wconf 86' lang='lat' dir='ltr'><strong>sed</strong></span> <span class='ocrx_word' id='word_1_703' title='bbox 1370 1581 1385 1599; x_wconf 90' lang='lat' dir='ltr'><strong>a</strong></span> <span class='ocrx_word' id='word_1_704' title='bbox 1401 1574 1445 1601; x_wconf 90' lang='lat' dir='ltr'><strong>die</strong></span> <span class='ocrx_word' id='word_1_705' title='bbox 1464 1575 1552 1601; x_wconf 83' lang='lat' dir='ltr'><strong>exitus</strong></span> <span class='ocrx_word' id='word_1_706' title='bbox 1573 1575 1606 1603; x_wconf 91' lang='lat' dir='ltr'><strong>de</strong></span> <span class='ocrx_word' id='word_1_707' title='bbox 1619 1581 1713 1604; x_wconf 87' lang='lat' dir='ltr'><strong>ventre</strong></span> <span class='ocrx_word' id='word_1_708' title='bbox 1725 1577 1820 1605; x_wconf 81' lang='lat' dir='ltr'><strong>matria</strong></span> <span class='ocrx_word' id='word_1_709' title='bbox 1834 1584 1885 1606; x_wconf 81' lang='lat' dir='ltr'><strong>oo-</strong></span> 
     </span>
    </p>
   </div>
   <div class='ocr_carea' id='block_1_92' title="bbox 1088 1618 1884 1658">
    <p class='ocr_par' dir='ltr' id='par_1_92' title="bbox 1088 1618 1884 1658">
     <span class='ocr_line' id='line_1_92' title="bbox 1088 1618 1884 1658; baseline 0.011 -15"><span class='ocrx_word' id='word_1_710' title='bbox 1088 1625 1157 1650; x_wconf 93' lang='lat' dir='ltr'><strong>rum,</strong></span> <span class='ocrx_word' id='word_1_711' title='bbox 1170 1618 1295 1645; x_wconf 84' lang='lat' dir='ltr'><strong>mavultis</strong></span> <span class='ocrx_word' id='word_1_712' title='bbox 1305 1619 1331 1645; x_wconf 91' lang='lat' dir='ltr'><strong>in</strong></span> <span class='ocrx_word' id='word_1_713' title='bbox 1344 1618 1404 1646; x_wconf 89' lang='lat' dir='ltr'><strong>loco</strong></span> <span class='ocrx_word' id='word_1_714' title='bbox 1415 1623 1495 1646; x_wconf 71' lang='lat' dir='ltr'><strong>tantm</strong></span> <span class='ocrx_word' id='word_1_715' title='bbox 1507 1620 1576 1648; x_wconf 87' lang='lat' dir='ltr'><strong>illius</strong></span> <span class='ocrx_word' id='word_1_716' title='bbox 1585 1621 1758 1650; x_wconf 84' lang='lat' dir='ltr'><strong>beatitudinis</strong></span> <span class='ocrx_word' id='word_1_717' title='bbox 1770 1625 1884 1658; x_wconf 62' lang='lat' dir='ltr'><strong>putere,</strong></span> 
     </span>
    </p>
   </div>
   <div class='ocr_carea' id='block_1_93' title="bbox 1087 1663 1884 1703">
    <p class='ocr_par' dir='ltr' id='par_1_93' title="bbox 1087 1663 1884 1703">
     <span class='ocr_line' id='line_1_93' title="bbox 1087 1663 1884 1703; baseline 0.013 -14"><span class='ocrx_word' id='word_1_718' title='bbox 1087 1670 1166 1697; x_wconf 86' lang='lat' dir='ltr'><strong>quam</strong></span> <span class='ocrx_word' id='word_1_719' title='bbox 1181 1663 1330 1698; x_wconf 85' lang='lat' dir='ltr'><strong>pudendam</strong></span> <span class='ocrx_word' id='word_1_720' title='bbox 1350 1670 1502 1699; x_wconf 72' lang='lat' dir='ltr'><strong>susceptam</strong></span> <span class='ocrx_word' id='word_1_721' title='bbox 1518 1672 1634 1694; x_wconf 75' lang='lat' dir='ltr'><strong>vestram</strong></span> <span class='ocrx_word' id='word_1_722' title='bbox 1655 1667 1715 1703; x_wconf 85' lang='lat' dir='ltr'><strong>ipso</strong></span> <span class='ocrx_word' id='word_1_723' title='bbox 1736 1667 1771 1696; x_wconf 84' lang='lat' dir='ltr'><strong>ibi</strong></span> <span class='ocrx_word' id='word_1_724' title='bbox 1786 1669 1884 1698; x_wconf 60' lang='lat' dir='ltr'><strong>attain</strong></span> 
     </span>
    </p>
   </div>
   <div class='ocr_carea' id='block_1_94' title="bbox 1088 1709 1884 1749">
    <p class='ocr_par' dir='ltr' id='par_1_94' title="bbox 1088 1709 1884 1749">
     <span class='ocr_line' id='line_1_94' title="bbox 1088 1709 1884 1749; baseline 0.011 -14"><span class='ocrx_word' id='word_1_725' title='bbox 1088 1709 1191 1744; x_wconf 86' lang='lat' dir='ltr'><strong>pudore</strong></span> <span class='ocrx_word' id='word_1_726' title='bbox 1209 1717 1262 1737; x_wconf 91' lang='lat' dir='ltr'><strong>non</strong></span> <span class='ocrx_word' id='word_1_727' title='bbox 1286 1718 1395 1745; x_wconf 88' lang='lat' dir='ltr'><strong>ponere.</strong></span> <span class='ocrx_word' id='word_1_728' title='bbox 1422 1711 1456 1738; x_wconf 86' lang='lat' dir='ltr'><strong>Et</strong></span> <span class='ocrx_word' id='word_1_729' title='bbox 1481 1716 1569 1739; x_wconf 87' lang='lat' dir='ltr'><strong>t:uncn</strong></span> <span class='ocrx_word' id='word_1_730' title='bbox 1590 1713 1635 1748; x_wconf 89' lang='lat' dir='ltr'><strong>qui</strong></span> <span class='ocrx_word' id='word_1_731' title='bbox 1661 1720 1742 1749; x_wconf 72' lang='lat' dir='ltr'><strong>negas</strong></span> <span class='ocrx_word' id='word_1_732' title='bbox 1757 1714 1785 1743; x_wconf 83' lang='lat' dir='ltr'><strong>in</strong></span> <span class='ocrx_word' id='word_1_733' title='bbox 1803 1713 1884 1744; x_wconf 69' lang='lat' dir='ltr'><strong>istam</strong></span> 
     </span>
    </p>
   </div>
   <div class='ocr_carea' id='block_1_95' title="bbox 1089 1756 1885 1794">
    <p class='ocr_par' dir='ltr' id='par_1_95' title="bbox 1089 1756 1885 1794">
     <span class='ocr_line' id='line_1_95' title="bbox 1089 1756 1885 1794; baseline 0.009 -12"><span class='ocrx_word' id='word_1_734' title='bbox 1089 1756 1276 1783; x_wconf 84' lang='lat' dir='ltr'><strong>mortalitatem</strong></span> <span class='ocrx_word' id='word_1_735' title='bbox 1291 1762 1350 1792; x_wconf 75' lang='lat' dir='ltr'><strong>post</strong></span> <span class='ocrx_word' id='word_1_736' title='bbox 1364 1762 1501 1791; x_wconf 79' lang='lat' dir='ltr'><strong>peceatum</strong></span> <span class='ocrx_word' id='word_1_737' title='bbox 1511 1764 1638 1786; x_wconf 84' lang='lat' dir='ltr'><strong>mutatam</strong></span> <span class='ocrx_word' id='word_1_738' title='bbox 1648 1759 1885 1794; x_wconf 73' lang='lat' dir='ltr'><strong>fuisse‘natuntn;</strong></span> 
     </span>
    </p>
   </div>
   <div class='ocr_carea' id='block_1_96' title="bbox 1089 1801 1885 1842">
    <p class='ocr_par' dir='ltr' id='par_1_96' title="bbox 1089 1801 1885 1842">
     <span class='ocr_line' id='line_1_96' title="bbox 1089 1801 1885 1842; baseline 0.01 -15"><span class='ocrx_word' id='word_1_739' title='bbox 1089 1801 1181 1828; x_wconf 86' lang='lat' dir='ltr'><strong>fateris</strong></span> <span class='ocrx_word' id='word_1_740' title='bbox 1209 1807 1269 1837; x_wconf 84' lang='lat' dir='ltr'><strong>post</strong></span> <span class='ocrx_word' id='word_1_741' title='bbox 1295 1803 1419 1830; x_wconf 86' lang='lat' dir='ltr'><strong>meritum</strong></span> <span class='ocrx_word' id='word_1_742' title='bbox 1448 1804 1525 1831; x_wconf 65' lang='lat' dir='ltr'><strong>bona;</strong></span> <span class='ocrx_word' id='word_1_743' title='bbox 1551 1805 1698 1833; x_wconf 84' lang='lat' dir='ltr'><strong>voluntatis</strong></span> <span class='ocrx_word' id='word_1_744' title='bbox 1721 1806 1747 1833; x_wconf 90' lang='lat' dir='ltr'><strong>in</strong></span> <span class='ocrx_word' id='word_1_745' title='bbox 1771 1806 1885 1842; x_wconf 73' lang='lat' dir='ltr'><strong>gloriam</strong></span> 
     </span>
    </p>
   </div>
   <div class='ocr_carea' id='block_1_97' title="bbox 1090 1847 1886 1888">
    <p class='ocr_par' dir='ltr' id='par_1_97' title="bbox 1090 1847 1886 1888">
     <span class='ocr_line' id='line_1_97' title="bbox 1090 1847 1886 1888; baseline 0.009 -15"><span class='ocrx_word' id='word_1_746' title='bbox 1090 1847 1174 1874; x_wconf 69' lang='lat' dir='ltr'><strong>beata:</strong></span> <span class='ocrx_word' id='word_1_747' title='bbox 1187 1847 1395 1875; x_wconf 84' lang='lat' dir='ltr'><strong>immortalitatis</strong></span> <span class='ocrx_word' id='word_1_748' title='bbox 1407 1857 1468 1876; x_wconf 78' lang='lat' dir='ltr'><strong>esse</strong></span> <span class='ocrx_word' id='word_1_749' title='bbox 1482 1850 1646 1877; x_wconf 86' lang='lat' dir='ltr'><strong>mutandam.</strong></span> <span class='ocrx_word' id='word_1_750' title='bbox 1663 1850 1690 1878; x_wconf 90' lang='lat' dir='ltr'><strong>In</strong></span> <span class='ocrx_word' id='word_1_751' title='bbox 1704 1851 1782 1886; x_wconf 82' lang='lat' dir='ltr'><strong>cujus</strong></span> <span class='ocrx_word' id='word_1_752' title='bbox 1793 1852 1886 1888; x_wconf 64' lang='lat' dir='ltr'><strong>glutto</strong></span> 
     </span>
    </p>
   </div>
   <div class='ocr_carea' id='block_1_98' title="bbox 1089 1894 1886 1932">
    <p class='ocr_par' dir='ltr' id='par_1_98' title="bbox 1089 1894 1886 1932">
     <span class='ocr_line' id='line_1_98' title="bbox 1089 1894 1886 1932; baseline 0.008 -12"><span class='ocrx_word' id='word_1_753' title='bbox 1089 1901 1217 1922; x_wconf 84' lang='lat' dir='ltr'><strong>cacumen</strong></span> <span class='ocrx_word' id='word_1_754' title='bbox 1232 1894 1352 1928; x_wconf 87' lang='lat' dir='ltr'><strong>parvuli,</strong></span> <span class='ocrx_word' id='word_1_755' title='bbox 1368 1894 1438 1929; x_wconf 88' lang='lat' dir='ltr'><strong>quod</strong></span> <span class='ocrx_word' id='word_1_756' title='bbox 1455 1903 1507 1922; x_wconf 89' lang='lat' dir='ltr'><strong>non</strong></span> <span class='ocrx_word' id='word_1_757' title='bbox 1523 1896 1634 1930; x_wconf 82' lang='lat' dir='ltr'><strong>potestis</strong></span> <span class='ocrx_word' id='word_1_758' title='bbox 1647 1904 1746 1932; x_wconf 77' lang='lat' dir='ltr'><strong>negare</strong></span> <span class='ocrx_word' id='word_1_759' title='bbox 1757 1918 1766 1930; x_wconf 90' lang='lat'><strong>,</strong></span> <span class='ocrx_word' id='word_1_760' title='bbox 1780 1897 1886 1926; x_wconf 55' lang='lat' dir='ltr'><strong>laetitia</strong></span> 
     </span>
    </p>
   </div>
   <div class='ocr_carea' id='block_1_99' title="bbox 1091 1940 1886 1980">
    <p class='ocr_par' dir='ltr' id='par_1_99' title="bbox 1091 1940 1886 1980">
     <span class='ocr_line' id='line_1_99' title="bbox 1091 1940 1886 1980; baseline 0.006 -14"><span class='ocrx_word' id='word_1_761' title='bbox 1091 1947 1143 1966; x_wconf 91' lang='lat' dir='ltr'><strong>non</strong></span> <span class='ocrx_word' id='word_1_762' title='bbox 1162 1948 1231 1971; x_wconf 63' lang='lat' dir='ltr'><strong>suae,</strong></span> <span class='ocrx_word' id='word_1_763' title='bbox 1257 1940 1304 1968; x_wconf 87' lang='lat' dir='ltr'><strong>sed</strong></span> <span class='ocrx_word' id='word_1_764' title='bbox 1327 1941 1422 1968; x_wconf 72' lang='lat' dir='ltr'><strong>aliena:</strong></span> <span class='ocrx_word' id='word_1_765' title='bbox 1443 1942 1586 1969; x_wconf 83' lang='lat' dir='ltr'><strong>voluntatis</strong></span> <span class='ocrx_word' id='word_1_766' title='bbox 1606 1942 1794 1976; x_wconf 67' lang='lat' dir='ltr'><strong>ascendunt‘;</strong></span> <span class='ocrx_word' id='word_1_767' title='bbox 1811 1947 1886 1980; x_wconf 65' lang='lat' dir='ltr'><strong>quin</strong></span> 
     </span>
    </p>
   </div>
   <div class='ocr_carea' id='block_1_100' title="bbox 1091 1985 1884 2023">
    <p class='ocr_par' dir='ltr' id='par_1_100' title="bbox 1091 1985 1884 2023">
     <span class='ocr_line' id='line_1_100' title="bbox 1091 1985 1884 2023; baseline 0.008 -12"><span class='ocrx_word' id='word_1_768' title='bbox 1091 1992 1143 2011; x_wconf 88' lang='lat' dir='ltr'><strong>non</strong></span> <span class='ocrx_word' id='word_1_769' title='bbox 1166 1985 1248 2012; x_wconf 87' lang='lat' dir='ltr'><strong>vultis</strong></span> <span class='ocrx_word' id='word_1_770' title='bbox 1268 1985 1378 2013; x_wconf 86' lang='lat' dir='ltr'><strong>credere</strong></span> <span class='ocrx_word' id='word_1_771' title='bbox 1400 1987 1502 2014; x_wconf 73' lang='lat' dir='ltr'><strong>meritis</strong></span> <span class='ocrx_word' id='word_1_772' title='bbox 1522 1988 1599 2015; x_wconf 73' lang='lat' dir='ltr'><strong>maia:</strong></span> <span class='ocrx_word' id='word_1_773' title='bbox 1615 1988 1759 2016; x_wconf 79' lang='lat' dir='ltr'><strong>voluntatis</strong></span> <span class='ocrx_word' id='word_1_774' title='bbox 1771 1989 1884 2023; x_wconf 60' lang='lat' dir='ltr'><strong>sltem,</strong></span> 
     </span>
    </p>
   </div>
   <div class='ocr_carea' id='block_1_101' title="bbox 1090 2030 1885 2066">
    <p class='ocr_par' dir='ltr' id='par_1_101' title="bbox 1090 2030 1885 2066">
     <span class='ocr_line' id='line_1_101' title="bbox 1090 2030 1885 2066; baseline 0.009 -9"><span class='ocrx_word' id='word_1_775' title='bbox 1090 2030 1136 2057; x_wconf 69' lang='lat' dir='ltr'><strong>sed</strong></span> <span class='ocrx_word' id='word_1_776' title='bbox 1152 2035 1238 2058; x_wconf 87' lang='lat' dir='ltr'><strong>tamen</strong></span> <span class='ocrx_word' id='word_1_777' title='bbox 1255 2031 1312 2066; x_wconf 85' lang='lat' dir='ltr'><strong>ejus</strong></span> <span class='ocrx_word' id='word_1_778' title='bbox 1327 2032 1352 2058; x_wconf 90' lang='lat' dir='ltr'><strong>in</strong></span> <span class='ocrx_word' id='word_1_779' title='bbox 1367 2032 1444 2066; x_wconf 75' lang='lat' dir='ltr'><strong>cujus</strong></span> <span class='ocrx_word' id='word_1_780' title='bbox 1460 2033 1556 2060; x_wconf 86' lang='lat' dir='ltr'><strong>lumbis</strong></span> <span class='ocrx_word' id='word_1_781' title='bbox 1577 2034 1681 2061; x_wconf 85' lang='lat' dir='ltr'><strong>ratione</strong></span> <span class='ocrx_word' id='word_1_782' title='bbox 1695 2035 1807 2063; x_wconf 71' lang='lat' dir='ltr'><strong>seminis</strong></span> <span class='ocrx_word' id='word_1_783' title='bbox 1822 2034 1885 2063; x_wconf 70' lang='grc' dir='ltr'>ιω-</span> 
     </span>
    </p>
   </div>
   <div class='ocr_carea' id='block_1_102' title="bbox 1091 2078 1887 2115">
    <p class='ocr_par' dir='ltr' id='par_1_102' title="bbox 1091 2078 1887 2115">
     <span class='ocr_line' id='line_1_102' title="bbox 1091 2078 1887 2115; baseline 0.009 -12"><span class='ocrx_word' id='word_1_784' title='bbox 1091 2082 1152 2105; x_wconf 88' lang='lat' dir='ltr'><strong>rtmt</strong></span> <span class='ocrx_word' id='word_1_785' title='bbox 1162 2099 1170 2110; x_wconf 90' lang='lat'><strong>,</strong></span> <span class='ocrx_word' id='word_1_786' title='bbox 1184 2078 1217 2105; x_wconf 86' lang='lat' dir='ltr'><strong>ad</strong></span> <span class='ocrx_word' id='word_1_787' title='bbox 1233 2078 1360 2112; x_wconf 83' lang='lat' dir='ltr'><strong>profunda</strong></span> <span class='ocrx_word' id='word_1_788' title='bbox 1379 2079 1546 2107; x_wconf 85' lang='lat' dir='ltr'><strong>miseriarum</strong></span> <span class='ocrx_word' id='word_1_789' title='bbox 1561 2087 1627 2115; x_wconf 91' lang='lat' dir='ltr'><strong>quas</strong></span> <span class='ocrx_word' id='word_1_790' title='bbox 1647 2081 1788 2114; x_wconf 83' lang='lat' dir='ltr'><strong>novimus,</strong></span> <span class='ocrx_word' id='word_1_791' title='bbox 1802 2081 1887 2110; x_wconf 72' lang='lat' dir='ltr'><strong>fuisse</strong></span> 
     </span>
    </p>
   </div>
   <div class='ocr_carea' id='block_1_103' title="bbox 1090 2125 1738 2159">
    <p class='ocr_par' dir='ltr' id='par_1_103' title="bbox 1090 2125 1738 2159">
     <span class='ocr_line' id='line_1_103' title="bbox 1090 2125 1738 2159; baseline 0 -8"><span class='ocrx_word' id='word_1_792' title='bbox 1090 2125 1217 2159; x_wconf 77' lang='lat' dir='ltr'><strong>dojectos.</strong></span> <span class='ocrx_word' id='word_1_793' title='bbox 1735 2132 1738 2136; x_wconf 83' lang='grc'><strong>’</strong></span> 
     </span>
    </p>
   </div>
   <div class='ocr_carea' id='block_1_104' title="bbox 1127 2170 1885 2210">
    <p class='ocr_par' dir='ltr' id='par_1_104' title="bbox 1127 2170 1885 2210">
     <span class='ocr_line' id='line_1_104' title="bbox 1127 2170 1885 2210; baseline 0.005 -12"><span class='ocrx_word' id='word_1_794' title='bbox 1127 2170 1196 2198; x_wconf 66' lang='lat' dir='ltr'><strong>XVI.</strong></span> <span class='ocrx_word' id='word_1_795' title='bbox 1211 2171 1270 2198; x_wconf 83' lang='lat' dir='ltr'><strong>.loL.</strong></span> <span class='ocrx_word' id='word_1_796' title='bbox 1283 2170 1337 2199; x_wconf 85' lang='lat' dir='ltr'><strong>Sed</strong></span> <span class='ocrx_word' id='word_1_797' title='bbox 1346 2172 1400 2207; x_wconf 85' lang='lat' dir='ltr'><strong>jam</strong></span> <span class='ocrx_word' id='word_1_798' title='bbox 1416 2180 1556 2207; x_wconf 86' lang='lat' dir='ltr'><strong>pergamus</strong></span> <span class='ocrx_word' id='word_1_799' title='bbox 1568 2173 1601 2201; x_wconf 82' lang='lat' dir='ltr'><strong>ad</strong></span> <span class='ocrx_word' id='word_1_800' title='bbox 1615 2174 1728 2209; x_wconf 81' lang='lat' dir='ltr'><strong>reliqua.</strong></span> <span class='ocrx_word' id='word_1_801' title='bbox 1740 2173 1885 2210; x_wconf 65' lang='lat' dir='ltr'><strong>Postquam</strong></span> 
     </span>
    </p>
   </div>
   <div class='ocr_carea' id='block_1_105' title="bbox 1091 2217 1886 2254">
    <p class='ocr_par' dir='ltr' id='par_1_105' title="bbox 1091 2217 1886 2254">
     <span class='ocr_line' id='line_1_105' title="bbox 1091 2217 1886 2254; baseline 0.005 -10"><span class='ocrx_word' id='word_1_802' title='bbox 1091 2225 1156 2252; x_wconf 81' lang='lat' dir='ltr'><strong>ergo</strong></span> <span class='ocrx_word' id='word_1_803' title='bbox 1179 2217 1309 2247; x_wconf 61' lang='lat' dir='ltr'><strong>Abrahae.</strong></span> <span class='ocrx_word' id='word_1_804' title='bbox 1331 2218 1402 2252; x_wconf 91' lang='lat' dir='ltr'><strong>quod</strong></span> <span class='ocrx_word' id='word_1_805' title='bbox 1424 2226 1438 2244; x_wconf 90' lang='lat' dir='ltr'><strong>a</strong></span> <span class='ocrx_word' id='word_1_806' title='bbox 1465 2227 1507 2246; x_wconf 82' lang='lat' dir='ltr'><strong>Ilte</strong></span> <span class='ocrx_word' id='word_1_807' title='bbox 1529 2220 1643 2254; x_wconf 84' lang='lat' dir='ltr'><strong>positum</strong></span> <span class='ocrx_word' id='word_1_808' title='bbox 1669 2219 1772 2254; x_wconf 82' lang='lat' dir='ltr'><strong>fuerat,</strong></span> <span class='ocrx_word' id='word_1_809' title='bbox 1791 2221 1886 2248; x_wconf 75' lang='lat' dir='ltr'><strong>vitavit</strong></span> 
     </span>
    </p>
   </div>
   <div class='ocr_carea' id='block_1_106' title="bbox 1092 2263 1885 2301">
    <p class='ocr_par' dir='ltr' id='par_1_106' title="bbox 1092 2263 1885 2301">
     <span class='ocr_line' id='line_1_106' title="bbox 1092 2263 1885 2301; baseline 0.004 -11"><span class='ocrx_word' id='word_1_810' title='bbox 1092 2263 1261 2298; x_wconf 75' lang='lat' dir='ltr'><strong>exemplum;</strong></span> <span class='ocrx_word' id='word_1_811' title='bbox 1275 2269 1388 2290; x_wconf 86' lang='lat' dir='ltr'><strong>conatus</strong></span> <span class='ocrx_word' id='word_1_812' title='bbox 1399 2269 1440 2291; x_wconf 81' lang='lat' dir='ltr'><strong>est</strong></span> <span class='ocrx_word' id='word_1_813' title='bbox 1452 2271 1585 2297; x_wconf 82' lang='lat' dir='ltr'><strong>asserere,</strong></span> <span class='ocrx_word' id='word_1_814' title='bbox 1601 2265 1754 2293; x_wconf 83' lang='lat' dir='ltr'><strong>Ahimelech</strong></span> <span class='ocrx_word' id='word_1_815' title='bbox 1767 2272 1885 2301; x_wconf 64' lang='lat' dir='ltr'><strong>quantae,</strong></span> 
     </span>
    </p>
   </div>
   <div class='ocr_carea' id='block_1_107' title="bbox 1091 2309 1888 2346">
    <p class='ocr_par' dir='ltr' id='par_1_107' title="bbox 1091 2309 1888 2346">
     <span class='ocr_line' id='line_1_107' title="bbox 1091 2309 1888 2346; baseline 0.005 -11"><span class='ocrx_word' id='word_1_816' title='bbox 1091 2310 1136 2345; x_wconf 83' lang='lat' dir='ltr'><strong>qui</strong></span> <span class='ocrx_word' id='word_1_817' title='bbox 1151 2315 1245 2337; x_wconf 76' lang='lat' dir='ltr'><strong>orante</strong></span> <span class='ocrx_word' id='word_1_818' title='bbox 1257 2309 1392 2337; x_wconf 75' lang='lat' dir='ltr'><strong>Abraham</strong></span> <span class='ocrx_word' id='word_1_819' title='bbox 1407 2309 1428 2342; x_wconf 83' lang='lat'><strong>&#39;,</strong></span> <span class='ocrx_word' id='word_1_820' title='bbox 1444 2318 1504 2338; x_wconf 89' lang='lat' dir='ltr'><strong>cum</strong></span> <span class='ocrx_word' id='word_1_821' title='bbox 1519 2311 1674 2338; x_wconf 86' lang='lat' dir='ltr'><strong>mulieribus</strong></span> <span class='ocrx_word' id='word_1_822' title='bbox 1687 2312 1744 2339; x_wconf 81' lang='lat' dir='ltr'><strong>suis</strong></span> <span class='ocrx_word' id='word_1_823' title='bbox 1760 2315 1888 2346; x_wconf 79' lang='lat' dir='ltr'><strong>sanatus,</strong></span> 
     </span>
    </p>
   </div>
   <div class='ocr_carea' id='block_1_108' title="bbox 1092 2355 1888 2393">
    <p class='ocr_par' dir='ltr' id='par_1_108' title="bbox 1092 2355 1888 2393">
     <span class='ocr_line' id='line_1_108' title="bbox 1092 2355 1888 2393; baseline 0.004 -10"><span class='ocrx_word' id='word_1_824' title='bbox 1092 2357 1216 2388; x_wconf 83' lang='lat' dir='ltr'><strong>refertur,</strong></span> <span class='ocrx_word' id='word_1_825' title='bbox 1233 2360 1263 2383; x_wconf 89' lang='lat' dir='ltr'><strong>ut</strong></span> <span class='ocrx_word' id='word_1_826' title='bbox 1282 2355 1315 2383; x_wconf 88' lang='lat' dir='ltr'><strong>ad</strong></span> <span class='ocrx_word' id='word_1_827' title='bbox 1334 2356 1514 2391; x_wconf 84' lang='lat' dir='ltr'><strong>generationis</strong></span> <span class='ocrx_word' id='word_1_828' title='bbox 1529 2364 1638 2391; x_wconf 84' lang='lat' dir='ltr'><strong>operam</strong></span> <span class='ocrx_word' id='word_1_829' title='bbox 1649 2377 1656 2388; x_wconf 90' lang='lat'><strong>,</strong></span> <span class='ocrx_word' id='word_1_830' title='bbox 1670 2364 1685 2383; x_wconf 82' lang='lat' dir='ltr'><strong>a</strong></span> <span class='ocrx_word' id='word_1_831' title='bbox 1701 2365 1752 2392; x_wconf 86' lang='lat' dir='ltr'><strong>qua</strong></span> <span class='ocrx_word' id='word_1_832' title='bbox 1766 2364 1815 2393; x_wconf 81' lang='lat' dir='ltr'><strong>per</strong></span> <span class='ocrx_word' id='word_1_833' title='bbox 1828 2357 1888 2392; x_wconf 70' lang='lat' dir='ltr'><strong>pla-</strong></span> 
     </span>
    </p>
   </div>
   <div class='ocr_carea' id='block_1_109' title="bbox 1091 2403 1888 2438">
    <p class='ocr_par' dir='ltr' id='par_1_109' title="bbox 1091 2403 1888 2438">
     <span class='ocr_line' id='line_1_109' title="bbox 1091 2403 1888 2438; baseline 0.005 -9"><span class='ocrx_word' id='word_1_834' title='bbox 1091 2410 1151 2437; x_wconf 86' lang='lat' dir='ltr'><strong>gam</strong></span> <span class='ocrx_word' id='word_1_835' title='bbox 1163 2406 1223 2430; x_wconf 89' lang='lat' dir='ltr'><strong>erat</strong></span> <span class='ocrx_word' id='word_1_836' title='bbox 1235 2409 1382 2438; x_wconf 71' lang='lat' dir='ltr'><strong>suspensus</strong></span> <span class='ocrx_word' id='word_1_837' title='bbox 1393 2423 1401 2435; x_wconf 93' lang='lat'><strong>,</strong></span> <span class='ocrx_word' id='word_1_838' title='bbox 1419 2407 1508 2437; x_wconf 81' lang='lat' dir='ltr'><strong>posset</strong></span> <span class='ocrx_word' id='word_1_839' title='bbox 1522 2403 1609 2431; x_wconf 77' lang='lat' dir='ltr'><strong>redire</strong></span> <span class='ocrx_word' id='word_1_840' title='bbox 1621 2424 1627 2436; x_wconf 86' lang='lat'><strong>,</strong></span> <span class='ocrx_word' id='word_1_841' title='bbox 1645 2411 1698 2431; x_wconf 88' lang='lat' dir='ltr'><strong>non</strong></span> <span class='ocrx_word' id='word_1_842' title='bbox 1721 2403 1888 2433; x_wconf 69' lang='lat' dir='ltr'><strong>detractione</strong></span> 
     </span>
    </p>
   </div>
   <div class='ocr_carea' id='block_1_110' title="bbox 1093 2448 1889 2484">
    <p class='ocr_par' dir='ltr' id='par_1_110' title="bbox 1093 2448 1889 2484">
     <span class='ocr_line' id='line_1_110' title="bbox 1093 2448 1889 2484; baseline 0.004 -9"><span class='ocrx_word' id='word_1_843' title='bbox 1093 2448 1225 2480; x_wconf 86' lang='lat' dir='ltr'><strong>libidinis,</strong></span> <span class='ocrx_word' id='word_1_844' title='bbox 1242 2448 1288 2475; x_wconf 85' lang='lat' dir='ltr'><strong>sed</strong></span> <span class='ocrx_word' id='word_1_845' title='bbox 1306 2448 1399 2476; x_wconf 88' lang='lat' dir='ltr'><strong>dolore</strong></span> <span class='ocrx_word' id='word_1_846' title='bbox 1413 2448 1504 2483; x_wconf 77' lang='lat' dir='ltr'><strong>aliquo</strong></span> <span class='ocrx_word' id='word_1_847' title='bbox 1517 2455 1596 2484; x_wconf 84' lang='lat' dir='ltr'><strong>posse</strong></span> <span class='ocrx_word' id='word_1_848' title='bbox 1610 2449 1722 2484; x_wconf 88' lang='lat' dir='ltr'><strong>intelligi</strong></span> <span class='ocrx_word' id='word_1_849' title='bbox 1744 2449 1889 2478; x_wconf 81' lang='lat' dir='ltr'><strong>mulierum</strong></span> 
     </span>
    </p>
   </div>
   <div class='ocr_carea' id='block_1_111' title="bbox 1093 2492 1889 2529">
    <p class='ocr_par' dir='ltr' id='par_1_111' title="bbox 1093 2492 1889 2529">
     <span class='ocr_line' id='line_1_111' title="bbox 1093 2492 1889 2529; baseline 0.004 -9"><span class='ocrx_word' id='word_1_850' title='bbox 1093 2495 1198 2522; x_wconf 81' lang='lat' dir='ltr'><strong>vulvam</strong></span> <span class='ocrx_word' id='word_1_851' title='bbox 1218 2494 1299 2522; x_wconf 78' lang='lat' dir='ltr'><strong>fuisse</strong></span> <span class='ocrx_word' id='word_1_852' title='bbox 1312 2494 1465 2522; x_wconf 69' lang='lat' dir='ltr'><strong>conclusam</strong></span> <span class='ocrx_word' id='word_1_853' title='bbox 1478 2493 1528 2529; x_wconf 81' lang='lat' dir='ltr'><strong>(De</strong></span> <span class='ocrx_word' id='word_1_854' title='bbox 1543 2492 1662 2529; x_wconf 74' lang='grc' dir='ltr'><strong>Νκριίἱε.</strong></span> <span class='ocrx_word' id='word_1_855' title='bbox 1677 2494 1722 2522; x_wconf 79' lang='lat' dir='ltr'><strong>tib.</strong></span> <span class='ocrx_word' id='word_1_856' title='bbox 1736 2494 1765 2528; x_wconf 62' lang='grc' dir='ltr'><strong>ξ.</strong></span> <span class='ocrx_word' id='word_1_857' title='bbox 1778 2502 1806 2522; x_wconf 79' lang='grc' dir='ltr'>ιι.</span> <span class='ocrx_word' id='word_1_858' title='bbox 1820 2494 1868 2529; x_wconf 77' lang='lat'><strong>50)</strong></span> <span class='ocrx_word' id='word_1_859' title='bbox 1880 2504 1889 2523; x_wconf 87' lang='lat'>:</span> 
     </span>
    </p>
   </div>
   <div class='ocr_carea' id='block_1_112' title="bbox 1093 2540 1893 2577">
    <p class='ocr_par' dir='ltr' id='par_1_112' title="bbox 1093 2540 1893 2577">
     <span class='ocr_line' id='line_1_112' title="bbox 1093 2540 1893 2577; baseline 0 -9"><span class='ocrx_word' id='word_1_860' title='bbox 1093 2541 1169 2577; x_wconf 83' lang='lat' dir='ltr'><strong>quasi</strong></span> <span class='ocrx_word' id='word_1_861' title='bbox 1183 2549 1198 2568; x_wconf 88' lang='lat' dir='ltr'><strong>a</strong></span> <span class='ocrx_word' id='word_1_862' title='bbox 1211 2540 1289 2568; x_wconf 86' lang='lat' dir='ltr'><strong>nobis</strong></span> <span class='ocrx_word' id='word_1_863' title='bbox 1303 2546 1467 2567; x_wconf 69' lang='lat' dir='ltr'><strong>assert-retur</strong></span> <span class='ocrx_word' id='word_1_864' title='bbox 1479 2540 1625 2574; x_wconf 82' lang='lat' dir='ltr'><strong>impendio,</strong></span> <span class='ocrx_word' id='word_1_865' title='bbox 1639 2545 1668 2567; x_wconf 89' lang='lat' dir='ltr'><strong>ut</strong></span> <span class='ocrx_word' id='word_1_866' title='bbox 1681 2540 1816 2575; x_wconf 72' lang='lat' dir='ltr'><strong>appetitus</strong></span> <span class='ocrx_word' id='word_1_867' title='bbox 1827 2541 1869 2568; x_wconf 71' lang='lat' dir='ltr'><strong>eis</strong></span> <span class='ocrx_word' id='word_1_868' title='bbox 1880 2541 1893 2557; x_wconf 83' lang='lat'><strong>‘</strong></span> 
     </span>
    </p>
   </div>
   <div class='ocr_carea' id='block_1_113' title="bbox 1094 2586 1892 2621">
    <p class='ocr_par' dir='ltr' id='par_1_113' title="bbox 1094 2586 1892 2621">
     <span class='ocr_line' id='line_1_113' title="bbox 1094 2586 1892 2621; baseline 0 -7"><span class='ocrx_word' id='word_1_869' title='bbox 1094 2587 1222 2614; x_wconf 84' lang='lat' dir='ltr'><strong>naturalis</strong></span> <span class='ocrx_word' id='word_1_870' title='bbox 1244 2586 1363 2614; x_wconf 76' lang='lat' dir='ltr'><strong>redditus</strong></span> <span class='ocrx_word' id='word_1_871' title='bbox 1389 2586 1545 2612; x_wconf 76' lang='lat' dir='ltr'><strong>videretur:</strong></span> <span class='ocrx_word' id='word_1_872' title='bbox 1570 2593 1631 2612; x_wconf 88' lang='lat' dir='ltr'><strong>cum</strong></span> <span class='ocrx_word' id='word_1_873' title='bbox 1655 2593 1706 2621; x_wconf 85' lang='lat' dir='ltr'><strong>ego</strong></span> <span class='ocrx_word' id='word_1_874' title='bbox 1728 2586 1892 2614; x_wconf 79' lang='lat' dir='ltr'><strong>testimoniis</strong></span> 
     </span>
    </p>
   </div>
   <div class='ocr_carea' id='block_1_114' title="bbox 1126 2674 1858 2708">
    <p class='ocr_par' dir='ltr' id='par_1_114' title="bbox 1126 2674 1858 2708">
     <span class='ocr_line' id='line_1_114' title="bbox 1126 2674 1858 2708; baseline 0 -8"><span class='ocrx_word' id='word_1_875' title='bbox 1126 2677 1134 2692; x_wconf 71' lang='grc'>⁸</span> <span class='ocrx_word' id='word_1_876' title='bbox 1152 2676 1189 2708; x_wconf 74' lang='lat' dir='ltr'><strong>sic</strong></span> <span class='ocrx_word' id='word_1_877' title='bbox 1199 2679 1253 2708; x_wconf 54' lang='lat' dir='ltr'><strong>uss,</strong></span> <span class='ocrx_word' id='word_1_878' title='bbox 1267 2678 1291 2700; x_wconf 89' lang='lat' dir='ltr'><strong>In</strong></span> <span class='ocrx_word' id='word_1_879' title='bbox 1302 2675 1383 2708; x_wconf 74' lang='lat' dir='ltr'><strong>\‘ign.,</strong></span> <span class='ocrx_word' id='word_1_880' title='bbox 1395 2674 1546 2708; x_wconf 62' lang='lat' dir='ltr'><strong>ntembtis.___</strong></span> <span class='ocrx_word' id='word_1_881' title='bbox 1556 2705 1562 2708; x_wconf 32' lang='grc' dir='ltr'>ι</span> <span class='ocrx_word' id='word_1_882' title='bbox 1574 2705 1589 2708; x_wconf 90' lang='lat'><strong>__</strong></span> <span class='ocrx_word' id='word_1_883' title='bbox 1631 2703 1633 2706; x_wconf 22' lang='lat'><strong><em>1</em></strong></span> <span class='ocrx_word' id='word_1_884' title='bbox 1692 2706 1698 2708; x_wconf 14' lang='grc' dir='ltr'>ἒ</span> <span class='ocrx_word' id='word_1_885' title='bbox 1831 2706 1836 2708; x_wconf 91' lang='lat'>_</span> <span class='ocrx_word' id='word_1_886' title='bbox 1854 2702 1858 2707; x_wconf 64' lang='grc'>,</span> 
     </span>
    </p>
   </div>
   <div class='ocr_carea' id='block_1_115' title="bbox 1126 2705 1892 2738">
    <p class='ocr_par' dir='ltr' id='par_1_115' title="bbox 1126 2705 1892 2738">
     <span class='ocr_line' id='line_1_115' title="bbox 1126 2705 1892 2738; baseline 0.005 -8"><span class='ocrx_word' id='word_1_887' title='bbox 1126 2708 1135 2723; x_wconf 80' lang='grc'><strong><em>²</em></strong></span> <span class='ocrx_word' id='word_1_888' title='bbox 1149 2706 1294 2738; x_wconf 75' lang='lat' dir='ltr'><strong>vlgnierius.</strong></span> <span class='ocrx_word' id='word_1_889' title='bbox 1306 2705 1357 2738; x_wconf 66' lang='lat' dir='ltr'><strong>sine</strong></span> <span class='ocrx_word' id='word_1_890' title='bbox 1383 2705 1618 2738; x_wconf 24' lang='grc' dir='ltr'>ριιάειιιιιινιιιῄάίηε</span> 
     </span>
    </p>
   </div>
   <div class='ocr_carea' id='block_1_116' title="bbox 1094 2736 1824 2769">
    <p class='ocr_par' dir='ltr' id='par_1_116' title="bbox 1094 2736 1824 2769">
     <span class='ocr_line' id='line_1_116' title="bbox 1094 2736 1824 2769; baseline 0.001 -7"><span class='ocrx_word' id='word_1_891' title='bbox 1094 2736 1259 2765; x_wconf 71' lang='grc' dir='ltr'><strong>τοηειιθῑώει-ε,</strong></span> <span class='ocrx_word' id='word_1_892' title='bbox 1272 2736 1336 2768; x_wconf 84' lang='lat' dir='ltr'><strong>quod</strong></span> <span class='ocrx_word' id='word_1_893' title='bbox 1347 2736 1449 2769; x_wconf 67' lang='lat' dir='ltr'><strong>vei-hum</strong></span> <span class='ocrx_word' id='word_1_894' title='bbox 1456 2737 1593 2761; x_wconf 86' lang='lat' dir='ltr'><strong>restituitur</strong></span> <span class='ocrx_word' id='word_1_895' title='bbox 1601 2743 1634 2762; x_wconf 77' lang='lat' dir='ltr'><strong>ex</strong></span> <span class='ocrx_word' id='word_1_896' title='bbox 1644 2736 1824 2769; x_wconf 60' lang='lat' dir='ltr'><strong>omnia.</strong></span> 
     </span>
    </p>
   </div>
   <div class='ocr_carea' id='block_1_117' title="bbox 1128 2767 1401 2800">
    <p class='ocr_par' dir='ltr' id='par_1_117' title="bbox 1128 2767 1401 2800">
     <span class='ocr_line' id='line_1_117' title="bbox 1128 2767 1401 2800; baseline -0.004 -8"><span class='ocrx_word' id='word_1_897' title='bbox 1128 2772 1137 2784; x_wconf 58' lang='grc' dir='ltr'><strong>ι</strong></span> <span class='ocrx_word' id='word_1_898' title='bbox 1155 2772 1232 2796; x_wconf 75' lang='lat' dir='ltr'><strong>Forte,</strong></span> <span class='ocrx_word' id='word_1_899' title='bbox 1244 2767 1401 2800; x_wconf 76' lang='lat' dir='ltr'><strong>gemenumtu.</strong></span> 
     </span>
    </p>
   </div>
   <div class='ocr_carea' id='block_1_118' title="bbox 1128 2797 1563 2828">
    <p class='ocr_par' dir='ltr' id='par_1_118' title="bbox 1128 2797 1563 2828">
     <span class='ocr_line' id='line_1_118' title="bbox 1128 2797 1563 2828; baseline -0.002 -6"><span class='ocrx_word' id='word_1_900' title='bbox 1128 2800 1136 2813; x_wconf 72' lang='grc' dir='ltr'>δ</span> <span class='ocrx_word' id='word_1_901' title='bbox 1154 2799 1190 2823; x_wconf 64' lang='lat' dir='ltr'><strong>sic</strong></span> <span class='ocrx_word' id='word_1_902' title='bbox 1203 2797 1255 2823; x_wconf 67' lang='lat' dir='ltr'><strong>uss?</strong></span> <span class='ocrx_word' id='word_1_903' title='bbox 1268 2801 1296 2822; x_wconf 81' lang='grc' dir='ltr'>Αι</span> <span class='ocrx_word' id='word_1_904' title='bbox 1308 2799 1387 2828; x_wconf 77' lang='lat' dir='ltr'><strong>\‘igu.,</strong></span> <span class='ocrx_word' id='word_1_905' title='bbox 1398 2797 1563 2823; x_wconf 59' lang='lat' dir='ltr'><strong>ascenderem.</strong></span> 
     </span>
    </p>
   </div>
   <div class='ocr_carea' id='block_1_119' title="bbox 1126 2828 1891 2860">
    <p class='ocr_par' dir='ltr' id='par_1_119' title="bbox 1126 2828 1891 2860">
     <span class='ocr_line' id='line_1_119' title="bbox 1126 2828 1891 2860; baseline 0.004 -8"><span class='ocrx_word' id='word_1_906' title='bbox 1126 2832 1135 2846; x_wconf 74' lang='grc'><strong><em>⁵</em></strong></span> <span class='ocrx_word' id='word_1_907' title='bbox 1152 2829 1284 2855; x_wconf 73' lang='lat' dir='ltr'><strong>\uznierins</strong></span> <span class='ocrx_word' id='word_1_908' title='bbox 1293 2829 1379 2853; x_wconf 85' lang='lat' dir='ltr'><strong>omittit</strong></span> <span class='ocrx_word' id='word_1_909' title='bbox 1393 2835 1490 2857; x_wconf 77' lang='lat' dir='ltr'><strong>nomen,</strong></span> <span class='ocrx_word' id='word_1_910' title='bbox 1502 2828 1628 2858; x_wconf 62' lang='lat' dir='ltr'><strong>Abralnnu,</strong></span> <span class='ocrx_word' id='word_1_911' title='bbox 1637 2828 1701 2860; x_wconf 84' lang='lat' dir='ltr'><strong>quod</strong></span> <span class='ocrx_word' id='word_1_912' title='bbox 1713 2828 1848 2854; x_wconf 75' lang='lat' dir='ltr'><strong>additlitms</strong></span> <span class='ocrx_word' id='word_1_913' title='bbox 1859 2835 1891 2855; x_wconf 79' lang='lat' dir='ltr'><strong>ea</strong></span> 
     </span>
    </p>
   </div>
   <div class='ocr_carea' id='block_1_120' title="bbox 1097 2861 1712 2890">
    <p class='ocr_par' dir='ltr' id='par_1_120' title="bbox 1097 2861 1712 2890">
     <span class='ocr_line' id='line_1_120' title="bbox 1097 2861 1712 2890; baseline -0.003 -6"><span class='ocrx_word' id='word_1_914' title='bbox 1097 2861 1273 2890; x_wconf 62' lang='lat' dir='ltr'><strong>uruiuscriptis.</strong></span> <span class='ocrx_word' id='word_1_915' title='bbox 1707 2873 1712 2878; x_wconf 94' lang='lat'><strong><em>-</em></strong></span> 
     </span>
    </p>
   </div>
   <div class='ocr_carea' id='block_1_121' title="bbox 1131 2890 1552 2921">
    <p class='ocr_par' dir='ltr' id='par_1_121' title="bbox 1131 2890 1552 2921">
     <span class='ocr_line' id='line_1_121' title="bbox 1131 2890 1552 2921; baseline 0.002 -8"><span class='ocrx_word' id='word_1_916' title='bbox 1131 2893 1139 2906; x_wconf 81' lang='lat'><strong>-‘</strong></span> <span class='ocrx_word' id='word_1_917' title='bbox 1160 2891 1302 2921; x_wconf 71' lang='lat' dir='ltr'><strong>\iguierius,</strong></span> <span class='ocrx_word' id='word_1_918' title='bbox 1315 2896 1374 2920; x_wconf 63' lang='lat' dir='ltr'><strong>ejus.</strong></span> <span class='ocrx_word' id='word_1_919' title='bbox 1390 2894 1416 2914; x_wconf 73' lang='grc' dir='ltr'>,ιι</span> <span class='ocrx_word' id='word_1_920' title='bbox 1433 2894 1497 2919; x_wconf 52' lang='grc' dir='ltr'><strong>λων,</strong></span> <span class='ocrx_word' id='word_1_921' title='bbox 1510 2890 1552 2915; x_wconf 66' lang='grc' dir='ltr'><strong>«λὺ.</strong></span> 
     </span>
    </p>
   </div>
  </div>
