4150 6484
306 357 324 414 1
335 353 440 412 μθ

301 471 406 527 illis
431 467 483 522 id
523 464 700 522 solum
743 460 972 533 probare
1000 457 1191 513 fuerim
1221 461 1539 517 contentus,
1572 449 1888 522 impeditunt

302 559 644 617 concubitum
663 596 680 622 ,
720 555 809 626 qui
835 552 952 608 sine
980 549 1200 607 libidine
1222 560 1343 602 esse
1374 560 1478 600 non
1524 552 1732 614 poterat
1751 581 1766 607 ,
1795 557 1890 612 per

304 655 438 710 iratn
483 649 612 712 Dei.
657 645 1033 714 redditumque
1072 657 1167 711 per
1206 635 1586 708 indulgentiam
1617 633 1745 701 Dei,
1773 633 1894 688 sive

303 744 536 802 amolitis
563 739 852 798 obstaculis
875 779 892 803 ,
935 736 1049 790 sive
1080 730 1430 789 irritamentis
1453 726 1782 783 solemnibus
1803 738 1893 779 re-

305 839 534 903 stitutis;
567 844 747 892 tamen
775 829 1095 887 diabelicnm
1122 841 1228 881 non
1257 821 1464 887 doceri,
1489 819 1583 875 sed
1610 818 1771 874 etiam
1800 829 1896 920 per

307 933 410 988 hoc
439 929 507 986 ad
546 928 639 984 Dei
664 939 884 998 operam
927 921 1316 993 pertinentem,
1360 915 1452 987 qui
1491 915 1632 970 inter
1654 915 1899 1015 corporis

308 1015 1004 1081 instrumentamediocria,
1036 1012 1131 1070 sed
1159 1009 1395 1075 innoxia,
1425 1021 1532 1063 non
1555 1009 1758 1076 specie,
1788 1016 1897 1058 non

308 1115 493 1181 modo,
524 1127 710 1169 verum
737 1110 852 1166 solo
882 1115 1127 1178 peccaret
1149 1116 1394 1160 excessu.

380 1208 517 1263 Aue.
548 1204 678 1273 Quis
710 1217 815 1256 non
845 1198 1126 1267 intelligat,
1155 1195 1200 1250 si
1230 1194 1341 1249 Dee
1369 1190 1676 1262 indignante
1703 1185 1903 1244 accidit
1957 1265 1960 1268 ῃ

307 1298 506 1368 aliquid
534 1294 746 1367 corpori
779 1291 1118 1356 feminarum,
1161 1286 1301 1343 unde
1325 1282 1676 1355 impediretur
1698 1295 1903 1384 concito.

308 1390 454 1445 bitus
473 1431 488 1450 .
517 1397 573 1444 et
598 1402 692 1456 per
723 1386 822 1439 hoc
854 1381 1052 1460 proles,
1078 1395 1197 1451 qua:
1225 1377 1407 1447 utique
1433 1391 1539 1430 non
1569 1380 1770 1444 posset,
1801 1377 1904 1426 nisi

307 1496 341 1536 a
366 1475 847 1535 cencumbentibus
871 1471 1114 1542 concipi,
1152 1485 1219 1526 eo
1243 1477 1450 1524 remote
1480 1463 1866 1534 impedimento
1882 1503 1901 1530 ,

309 1573 475 1629 talem
519 1568 864 1626 concubitum
908 1564 1209 1626 redditum,
1251 1560 1425 1631 qualis
1467 1565 1553 1613 est
1584 1557 1636 1612 in
1678 1569 1906 1626 corpore

308 1666 505 1722 mortis
532 1663 727 1731 hujus,
758 1659 810 1716 id
835 1667 950 1725 est,
987 1672 1109 1713 cum
1138 1651 1394 1710 libidine?
1424 1651 1482 1706 In
1526 1649 1684 1704 talem
1707 1648 1906 1719 quippe

307 1769 511 1816 statum
541 1763 860 1813 revocantur
903 1765 1165 1822 corpora,
1211 1763 1333 1805 cum
1379 1753 1659 1809 sanantur,
1689 1743 1905 1814 qualem

300 1851 421 1923 jam
450 1849 638 1906 sortita
667 1857 754 1904 est
780 1855 897 1918 post
919 1852 1198 1915 peceatum
1222 1850 1411 1896 natura
1435 1838 1763 1902 mortalium,
1784 1850 1907 1908 qua:

305 1943 436 1998 illos
458 1939 737 2012 compellit
757 1939 813 1994 in
838 1945 1091 1992 mortem.
1123 1932 1231 1990 Sed
1261 1931 1313 1987 in
1340 1944 1570 2000 corpore
1594 1928 1715 1984 vitte
1743 1927 1904 1993 illius,

303 2036 406 2092 ubi
435 2036 596 2090 homo
617 2073 635 2097 ,
666 2032 769 2088 nisi
797 2039 1102 2102 peccasset,
1134 2041 1242 2082 non
1271 2032 1388 2080 erat
1412 2021 1736 2084 moriturus,
1767 2019 1908 2074 alius

302 2125 685 2201 proculdubio
710 2132 883 2180 status
907 2121 1048 2178 fuit:
1075 2119 1216 2174 unde
1237 2127 1331 2173 aut
1354 2116 1499 2172 nulla
1523 2114 1616 2182 ibi,
1639 2121 1732 2169 aut
1763 2112 1906 2178 talis,

300 2220 490 2292 qualis
518 2233 661 2274 nunc
687 2226 792 2283 est,
823 2213 988 2270 libido
1016 2227 1121 2267 non
1152 2209 1274 2271 fuit,
1303 2223 1408 2279 qua
1432 2222 1564 2305 care
1585 2203 1908 2305 centra-spi-

304 2312 476 2366 ritmn
503 2307 942 2376 concupisceret;
989 2310 1050 2357 ut
1076 2300 1127 2357 ei
1165 2313 1385 2355 necesse
1425 2304 1574 2354 esset
1601 2307 1693 2351 aut
1719 2294 1908 2364 subju-

309 2403 462 2476 gari,
495 2412 589 2457 aut
616 2397 896 2462 reluctari;
923 2409 1150 2467 quorum
1178 2392 1404 2448 alterum
1436 2386 1703 2444 honestati
1723 2428 1739 2454 ,
1770 2387 1910 2441 alte-

308 2513 432 2553 rttm
480 2495 596 2566 paci
641 2490 986 2566 beatitudinis
1030 2487 1173 2542 illius
1213 2482 1506 2541 convenire
1550 2496 1658 2536 non
1705 2486 1906 2550 posset.

307 2589 430 2647 Noli
461 2602 589 2657 ergo
613 2586 748 2641 duas
773 2585 902 2638 istas
932 2582 1070 2636 vitas
1106 2576 1355 2634 lizcretica
1394 2573 1742 2644 perversitate
1771 2586 1907 2628 cen-

308 2680 537 2738 fundere
561 2693 576 2733 :
603 2677 762 2733 aliter
781 2675 835 2731 in
860 2687 1090 2744 corpore
1109 2667 1465 2740 corruptibili,
1490 2664 1636 2737 quod
1654 2672 1911 2736 aggravat

306 2774 548 2828 animam
577 2769 737 2841 (δαν.
769 2766 988 2834 tx,15),
1031 2763 1228 2818 vivitur
1256 2762 1304 2827 ‘;
1345 2760 1504 2816 aliter
1541 2759 1597 2814 in
1637 2757 1908 2828 paradiso,

305 2863 352 2918 si
401 2857 787 2932 permansisset
829 2853 1061 2910 ιιοιιιίιιίε
1105 2851 1404 2916 rectitude,
1446 2849 1502 2905 in
1547 2864 1650 2920 qua
1695 2858 1910 2906 creatus

306 2958 517 3020 fuerat,
547 2953 835 3005 viveretur.
883 2947 1040 3002 Esset
1077 2959 1206 3014 ergo
1234 2952 1290 2999 et
1324 2943 1394 2998 ibi
1433 2951 1652 3013 propter
1685 2957 1911 3013 genera-

306 3050 514 3102 tionem
546 3041 862 3100 concubitus
890 3038 1210 3109 cenjugum;
1241 3036 1337 3092 sed
1366 3047 1460 3092 aut
1481 3035 1736 3092 membris
1757 3035 1910 3108 geni-

304 3127 511 3193 talibus
555 3134 673 3190 sine
719 3132 828 3188 ulla
875 3129 1096 3186 libidine
1143 3126 1503 3184 servientibus
1554 3126 1756 3191 menti,
1809 3134 1910 3184 aut

306 3234 517 3304 ipsius,
558 3228 606 3285 si
631 3227 740 3284 ulla
769 3231 944 3290 esset,
992 3221 1229 3280 libidinis
1256 3221 1488 3276 motibus
1516 3235 1786 3291 ntmquam
1817 3234 1908 3278 re-

303 3321 670 3396 pugnantibus
709 3316 1010 3374 voluntati:
1039 3330 1160 3385 qua:
1195 3313 1241 3369 si
1279 3313 1399 3369 talis
1439 3321 1612 3377 esset,
1659 3311 1906 3382 pudenda

303 3432 418 3472 non
446 3421 620 3476 esset;
663 3426 762 3466 nec
787 3408 1034 3480 corporis
1060 3405 1298 3463 membra
1317 3446 1333 3472 ,
1363 3420 1484 3476 qua:
1512 3419 1613 3460 suo
1637 3404 1724 3461 vel
1753 3403 1907 3461 selli-

301 3508 501 3562 cicuret
526 3505 748 3574 impetu,
778 3501 862 3556 vel
889 3507 1159 3564 moveret,
1190 3495 1436 3567 pudenda
1481 3495 1698 3566 proprie
1724 3494 1907 3552 vocari

304 3598 540 3664 faceret,
572 3593 846 3664 velarique
874 3589 1253 3660 compelleret;
1295 3587 1435 3657 quod
1465 3596 1584 3657 post
1628 3595 1905 3657 peceatum

301 3661 683 3754 litetumesse,
708 3661 811 3743 nec
833 3684 935 3740 nisi
963 3681 1166 3754 peccati
1194 3694 1348 3751 ptena
1381 3679 1495 3735 fieri
1519 3678 1776 3749 potuisse,
1808 3678 1902 3734 Dei

300 3783 474 3838 verba
498 3787 779 3835 testantur.
805 3775 950 3842 Quis,
976 3773 1168 3844 inquit,
1189 3771 1439 3826 nuntiavit
1464 3769 1572 3836 tibi,
1593 3771 1715 3841 quia
1735 3770 1908 3827 nudus

300 3892 356 3930 es
375 3915 390 3938 ,
427 3872 524 3927 nisi
549 3887 613 3926 ea:
635 3871 774 3944 ligno
799 3867 933 3939 quod
970 3879 1312 3939 proruperant
1336 3863 1424 3916 tibi
1445 3871 1642 3916 tantum
1675 3879 1737 3917 ne
1759 3877 1823 3916 ea:
1847 3877 1908 3916 ee

299 3966 665 4026 martducares.
693 3979 759 4018 ex
777 3977 835 4015 eo
861 3958 1178 4015 manducaui
1211 3954 1364 4028 (Gen.
1392 3971 1472 4023 ιιι,
1502 3955 1592 4025 Η)
1611 3956 1636 4008 ll
1660 3954 1797 4021 Non,
1826 3954 1908 4009 in-

298 4059 456 4130 quit,
489 4056 584 4111 tibi
625 4054 863 4109 nuntiata
888 4059 1033 4107 esset
1074 4048 1288 4103 auditas
1313 4055 1401 4102 tua
1422 4087 1438 4114 ,
1481 4046 1582 4101 nisi
1607 4054 1751 4101 esset
1791 4060 1822 4100 a
1855 4055 1907 4102 te

301 4148 658 4222 prarvaricata
680 4145 767 4200 lex
786 4158 924 4199 mea.
948 4141 1086 4211 Quid
1103 4148 1186 4197 est
1203 4149 1381 4195 autem
1405 4137 1619 4194 auditas
1640 4138 1905 4201 nuntiata,

305 4245 397 4301 cui
425 4240 610 4314 procul
635 4238 800 4295 dubie
827 4237 1002 4308 ignota
1031 4249 1135 4289 non
1162 4240 1300 4297 erat,
1329 4231 1430 4286 nisi
1455 4245 1521 4286 eo
1545 4239 1692 4285 metu
1717 4230 1907 4286 stimu-

305 4339 484 4400 lante,
514 4342 574 4388 ut
612 4332 864 4388 inusitate
897 4339 1116 4399 aspectu
1139 4341 1199 4382 se
1229 4333 1444 4396 urgeret
1467 4323 1670 4379 adverti
1690 4364 1704 4387 ,
1732 4323 1906 4394 pude-

305 4441 536 4498 remque
563 4419 865 4480 incnteret?
887 4419 1149 4488 Quoniam
1182 4427 1400 4489 peccato
1426 4416 1626 4472 factum
1663 4424 1814 4483 erat,
1847 4422 1909 4474 ut

305 4515 548 4576 hominis
583 4527 710 4584 pars
745 4511 968 4567 inferior
1001 4518 1192 4566 contra
1230 4507 1561 4576 superiorem
1581 4548 1596 4572 ,
1640 4506 1744 4565 hoc
1785 4515 1907 4573 est,

305 4623 444 4667 caro
479 4617 666 4662 contra
709 4603 956 4676 spiritum
997 4599 1428 4668 concupisceret.
1469 4595 1576 4653 Sed
1623 4607 1677 4652 ιιι
1715 4607 1905 4656 contra

303 4700 492 4761 omnia
516 4696 720 4754 claudis
757 4694 974 4758 oculos,
1000 4702 1055 4748 et
1085 4693 1197 4747 Dee
1225 4691 1602 4748 manifestante
1623 4691 1769 4763 quod
1797 4708 1906 4748 non

305 4773 742 4852 confunderetur.
760 4786 924 4842 homo
947 4784 1016 4840 de
1043 4799 1138 4839 sna
1165 4783 1405 4838 nuditate
1421 4823 1436 4846 ,
1466 4783 1570 4838 nisi
1598 4793 1903 4853 peccasset,

306 4890 384 4945 ita
414 4885 582 4941 fuisse
609 4880 807 4938 asseris
845 4877 1142 4934 institutum
1164 4916 1180 4942 ,
1210 4885 1268 4930 ιιι
1289 4873 1507 4930 Etiamsi
1547 4890 1652 4930 non
1681 4885 1904 4945 peccas.

304 4991 429 5048 set,
474 4977 703 5048 puderet
727 4989 850 5032 eum
897 4971 1153 5028 nuditatis
1189 4985 1324 5027 suze.
1367 4969 1509 5025 Deus
1535 4969 1680 5024 enim
1722 4968 1900 5026 dicit:

304 5075 444 5144 Quis
472 5068 735 5126 nuntiavit
777 5066 871 5124 tibi
923 5065 1216 5120 nuditatem
1245 5072 1426 5128 tuam,
1476 5060 1576 5116 nisi
1614 5060 1737 5131 quia
1775 5076 1904 5132 pec:-

303 5162 484 5221 casti'l
513 5161 581 5218 Et
621 5169 678 5216 tu
704 5159 840 5215 dicis
881 5155 978 5229 (ut
1022 5155 1136 5226 ipsa
1176 5153 1338 5210 verba
1385 5160 1474 5208 tua
1518 5166 1743 5223 penam,
1781 5167 1904 5224 quis

304 5254 474 5326 paulo
512 5261 638 5308 ante
663 5251 872 5306 locutus
898 5245 1021 5321 es):
1058 5265 1078 5300 ι
1105 5246 1194 5304 Sic
1219 5254 1303 5302 est
1329 5245 1492 5300 homo
1521 5259 1618 5316 per
1652 5245 1904 5314 universa

305 5346 603 5409 formatus,
634 5351 692 5397 ut
715 5341 908 5397 melius
935 5356 965 5393 τι
992 5341 1138 5394 nullo
1176 5339 1303 5409 fingi
1328 5347 1547 5409 posset:
1575 5338 1666 5410 qui
1691 5339 1904 5409 accepit

305 5434 608 5508 prudenter
634 5434 689 5490 in
713 5445 940 5502 corpore
964 5439 1020 5486 et
1055 5431 1204 5486 locos
1230 5430 1439 5485 decoris
1466 5440 1522 5486 et
1546 5429 1695 5486 loces
1728 5430 1902 5502 pudo-

305 5531 407 5594 ris,
439 5536 498 5582 ut
523 5527 578 5581 in
601 5525 802 5593 seipse
837 5532 894 5578 et
920 5521 1295 5576 verecundiam
1324 5529 1380 5575 et
1403 5521 1782 5577 confidentiam
1817 5521 1903 5578 di-

303 5628 519 5686 sceret;
549 5631 618 5673 ne
637 5625 690 5672 et
715 5612 972 5671 deformis
999 5609 1291 5677 videretur,
1329 5611 1372 5665 si
1399 5620 1542 5666 esset
1579 5627 1676 5682 per
1702 5623 1898 5668 cuncta

351 5801 367 5834 I
386 5806 520 5860 ροει,
538 5793 666 5861 quod
683 5795 913 5858 aggravet
929 5789 1469 5853 animmn,restituimus
1483 5801 1544 5840 ex
1562 5797 1689 5853 uss,
1704 5790 1894 5844 virilia:-

592 5895 863 5956 PATBOL.
901 5886 1090 5950 XLV.

1655 339 1858 398 uasa
1894 338 2213 410 QUINTUS.

3451 343 3599 402 “50

2000 453 2236 520 velatus;
2262 461 2318 510 et
2353 453 2514 512 deses
2541 454 2854 512 redderetur
2871 469 2934 511 ac
2959 456 3235 528 negligens
3253 498 3269 523 ,
3294 457 3342 516 si
3369 473 3592 531 semper

1999 555 2145 600 esset
2174 561 2269 614 per
2306 557 2499 602 cuncta
2533 547 2798 617 vulgatus.
2827 566 2848 601 ι
2882 547 2961 604 Ac
2989 565 3083 618 per
3110 550 3240 616 hoc,
3285 551 3584 607 secundum

2003 647 2056 694 te
2083 639 2240 710 longe
2265 639 2456 696 melior
2484 639 2758 710 peccando
2782 639 2951 697 factus
2975 650 3058 697 est
3083 641 3244 696 homo
3268 661 3281 699 :
3313 643 3414 698 nisi
3440 644 3587 700 enim

2003 741 2294 800 peccasset,
2311 748 2470 804 quem
2493 733 2632 789 Deus
2652 733 2852 790 fecerat
2872 736 2886 766 ¹
2906 745 3108 791 rectum
3132 734 3328 804 (Eccle.
3351 753 3441 803 vn,
3470 738 3588 804 30),

2003 823 2206 880 viveret
2231 824 2593 894 imprudenter
2631 841 2738 881 non
2765 825 3128 898 dignescende
3154 828 3206 883 in
3236 843 3465 899 corpore
3489 843 3618 884 suo:

2004 914 2151 970 locos
2174 914 2384 972 decoris
2409 927 2464 973 et
2497 916 2645 972 locos
2675 917 2921 987 pudoris,
2968 928 3024 975 et
3068 919 3407 989 impudenter
3446 923 3588 976 ttulla

2004 1007 2252 1076 velanda,
2275 1019 2329 1064 et
2353 1009 2680 1082 negligenter
2705 1022 2895 1068 cuncta
2917 1013 3183 1084 vulgando
3206 1032 3219 1068 :
3248 1030 3422 1085 neque
3441 1016 3585 1070 enim

2005 1101 2197 1157 vitaret
2219 1101 2334 1158 luce
2355 1103 2500 1169 vitia,
2527 1103 2627 1160 nisi
2655 1105 2727 1170 ei,
2758 1107 2882 1177 quia
2909 1117 3252 1178 peccaverat,
3283 1123 3380 1165 sua
3401 1108 3592 1166 fuisset

2006 1192 2219 1250 nuditas
2245 1196 2508 1252 nuntiata.

2079 1284 2240 1342 XVII.
2270 1286 2391 1344 Jun.
2426 1289 2500 1346 De
2535 1303 2645 1361 quo
2684 1290 2935 1362 quoniam
2975 1293 3105 1349 satis
3141 1303 3320 1352 actunt
3354 1305 3472 1363 est,
3519 1297 3588 1352 ad

2007 1380 2096 1436 illa
2127 1375 2495 1453 properemus,
2522 1401 2644 1458 qua:
2670 1403 2832 1457 super
2855 1390 3079 1445 naturali
3104 1392 3244 1447 male
3265 1391 3588 1449 Manicltzans

2007 1473 2134 1528 olim
2159 1484 2334 1542 acute,
2361 1477 2479 1542 sed,
2507 1485 2565 1539 ut
2593 1479 2848 1548 probabo,
2870 1481 3217 1550 perplexitate
3244 1484 3597 1553 quaestionum

2009 1562 2268 1633 deceptus
2293 1566 2512 1636 ebjecit.
2544 1569 2786 1626 Breviter
2827 1579 3004 1627 tamen
3035 1574 3180 1644 prius
3199 1615 3216 1640 ,
3261 1574 3390 1644 qttid
3422 1578 3603 1646 Angu-

2011 1655 2182 1711 stinus
2206 1664 2394 1712 contra
2422 1659 2662 1728 Apestoli
2695 1662 3057 1719 testimonium
3085 1665 3348 1730 retulerit,
3378 1668 3597 1724 ventile-

2011 1758 2151 1800 mus.
2198 1746 2310 1817 Ege
2345 1763 2476 1819 ergo
2509 1764 2630 1804 cum
2660 1760 2840 1807 notam
2884 1754 3039 1810 istam
3067 1771 3286 1826 operam
3314 1773 3539 1814 sexnnnt
3570 1775 3600 1815 a

2011 1834 2123 1891 Dee
2146 1846 2366 1895 auctore
2392 1855 2677 1911 corporum
2717 1844 3010 1901 institutam
3031 1887 3048 1911 ,
3076 1847 3236 1902 etiam
3276 1848 3413 1905 beati
3446 1851 3598 1907 l'anli

2011 1928 2318 1984 testimonio
2341 1933 2678 2001 apertissime
2701 1935 2957 1993 dixissem
2986 1939 3219 2008 probari,
3243 1943 3330 2013 qni
3355 1944 3598 2002 invectus

2011 2021 2065 2076 in
2093 2021 2286 2093 ﬂagitia
2315 2039 2523 2094 eorum,
2549 2041 2683 2098 quos
2709 2028 2763 2083 in
2785 2029 2948 2088 virilis
2969 2047 3183 2103 quoque
3209 2049 3372 2090 sexus
3398 2050 3598 2092 coneno

2011 2110 2180 2168 bitum
2211 2117 2568 2186 prtecipitarat
2609 2120 2810 2176 insania
2831 2162 2848 2188 ,
2879 2123 2988 2189 ait,
3026 2123 3220 2180 Relicto
3249 2127 3473 2182 naturali
3509 2146 3606 2184 nsn

2012 2205 2245 2275 femimc,
2293 2211 2490 2265 accensi
2522 2222 2639 2266 sant
2681 2212 2734 2267 in
2777 2213 3030 2270 desideria
3069 2233 3163 2272 sua
3192 2218 3368 2288 (fient.
3394 2237 3446 2289 I,
3475 2223 3608 2293 27);

2012 2294 2166 2351 intuli
2192 2300 2455 2368 Apestolo
2484 2309 2620 2358 teste
2640 2344 2656 2370 ,
2688 2306 2974 2374 approbari
3021 2322 3175 2364 ttsmn
3205 2311 3419 2368 femina:
3449 2323 3609 2369 natu-

2013 2387 2200 2444 raliter
2223 2390 2545 2450 inStitutum.
2568 2394 2650 2449 Ad
2673 2396 2774 2452 hoc
2790 2412 2920 2468 ergo
2944 2399 3044 2455 iste
3070 2403 3411 2459 reseribens:
3443 2421 3463 2456 ι
3491 2404 3609 2460 Non

2013 2475 2180 2546 dixit,
2211 2499 2232 2534 ι
2274 2481 2474 2552 inquit,
2517 2503 2536 2535 ι
2567 2485 2859 2554 Apostolus
2901 2489 3236 2561 cenjngalem
3282 2509 3466 2560 ustnn,
3512 2496 3610 2552 sed

2014 2573 2342 2640 naturalem,
2387 2591 2511 2632 cum
2548 2577 2737 2635 volens
2777 2580 2996 2653 intelligi
3040 2584 3131 2654 qui
3177 2587 3236 2640 lit
3262 2587 3517 2643 membris
3541 2591 3608 2643 ad

2014 2661 2119 2718 beo
2145 2667 2374 2733 creatis,
2421 2676 2481 2723 ut
2523 2684 2621 2739 per
2652 2685 2716 2726 ea
2754 2673 2921 2742 possit
2957 2673 3025 2730 ad
3050 2678 3416 2746 generantlum
3447 2694 3610 2736 sexus

2015 2765 2241 2828 uterque
2277 2761 2530 2818 misceri:
2563 2777 2628 2819 ac
2664 2779 2761 2834 per
2791 2766 2927 2834 hoc,
2960 2782 3084 2824 cum
3113 2769 3316 2826 eisdent
3356 2773 3614 2830 membris

2013 2851 2175 2908 etiam
2201 2854 2472 2912 meretrici
2502 2855 2728 2928 quisque
2753 2858 3030 2927 miscetur,
3064 2863 3321 2918 naturalis
3345 2875 3428 2920 est
3459 2880 3610 2934 usus,

2015 2955 2119 2998 nec
2145 2950 2322 2998 tamen
2349 2943 2660 3012 laudabilis,
2703 2947 2799 3002 sed
2838 2949 3140 3020 ettlpabilis.
3181 2951 3296 3008 Non
3335 2969 3466 3025 ergo
3507 2956 3613 3012 isto

2015 3034 2265 3100 nomine,
2298 3036 2350 3091 id
2378 3045 2494 3104 est,
2540 3053 2635 3092 usu
2660 3041 2916 3107 naturali,
2963 3042 3258 3115 cenjugalis
3285 3055 3369 3102 est
3400 3047 3609 3104 latalata

2014 3125 2360 3190 commixtio;
2402 3127 2499 3186 sed
2541 3128 2894 3188 inmmndiora
2939 3143 2994 3189 et
3035 3135 3376 3192 sceleratiora
3409 3137 3607 3210 flagitia

2015 3217 2266 3275 denotata
2307 3229 2462 3286 sunt,
2497 3237 2657 3293 quam
2695 3224 2741 3280 si
2787 3224 2973 3282 illicito
3003 3225 3246 3293 feminis,
3291 3230 3385 3286 sed
3429 3241 3608 3288 tamen

2015 3311 2330 3369 naturaliter
2369 3323 2646 3370 uterentur
2679 3335 2699 3370 ι
2735 3315 2836 3390 (De
2862 3317 3071 3389 Nuptiis
3097 3331 3146 3376 et
3181 3321 3480 3395 Concupisc.
3514 3327 3607 3382 lib.

2014 3402 2072 3470 2,
2100 3419 2155 3458 ιι.
2187 3403 2300 3475 55).
2324 3405 2381 3460 Id
2406 3415 2514 3471 est,
2545 3405 2633 3462 ltic
2656 3423 2788 3465 usus
2812 3409 3023 3467 femina:
3049 3427 3209 3484 quem
3247 3418 3608 3485 pronuntiavit

2013 3495 2303 3565 Apostolus
2337 3499 2631 3554 naturalem
2653 3541 2669 3566 ,
2702 3516 2808 3557 non
2850 3502 3162 3575 intelligitur
3188 3507 3514 3579 cenjngalis,
3549 3523 3608 3567 ut

2014 3587 2187 3644 bonus
2214 3588 2495 3662 licitusque
2514 3591 2814 3650 doceatur:
2844 3595 2938 3654 sed
2956 3597 3098 3664 ideo,
3118 3599 3308 3670 inquit,
3337 3601 3511 3659 dictus
3524 3616 3606 3661 est

2014 3680 2276 3734 naturalis
2293 3721 2308 3745 ,
2323 3681 2444 3752 quia
2465 3681 2828 3742 diversitatem
2845 3701 3005 3744 sexus
3034 3688 3101 3744 ad
3123 3690 3222 3746 hoc
3239 3691 3436 3749 indicat
3452 3693 3607 3752 insti-

2015 3779 2206 3838 tutam,
2223 3784 2280 3828 ttt
2293 3783 2349 3830 et
2363 3777 2674 3833 cemmixtui
2693 3789 3035 3848 pararcturet
3052 3785 3248 3853 partui.
3268 3785 3431 3854 Queis
3450 3788 3607 3845 moli-

2013 3863 2248 3920 tionibus
2283 3881 2406 3922 cuin
2429 3865 2712 3938 jnvarctur
2739 3870 2868 3927 nihil
2889 3912 2905 3940 ,
2936 3888 3035 3930 cur
3061 3884 3263 3932 tantum
3292 3879 3607 3937 muneratus

2015 3955 2132 4012 est?
2153 3956 2401 4016 Profecto
2426 3960 2495 4016 ob
2519 3961 2620 4018 hoc
2644 3964 2841 4032 solum,
2859 3975 2915 4021 nt
2943 3966 2995 4022 lii
3023 3969 3112 4039 qui
3138 3985 3259 4026 eum
3289 3985 3608 4044 sequuntur,

2012 4049 2244 4106 solutum
2274 4061 2462 4123 putent
2478 4056 2622 4125 qtted
2647 4057 2876 4114 viderim
2906 4060 3070 4118 fuisse
3083 4073 3386 4121 contactum
3407 4084 3420 4120 :
3439 4077 3606 4124 carto-

2011 4159 2132 4201 rum
2161 4162 2321 4216 quam
2351 4147 2482 4204 nihil
2508 4149 2732 4218 dixerit,
2764 4153 2942 4209 brevis
2978 4155 3267 4227 disputatio
3305 4161 3478 4230 palam
3521 4161 3604 4216 fa-

2010 4237 2136 4294 ciet.
2174 4238 2378 4310 Nempe
2419 4241 2708 4311 Apostolus
2749 4243 2959 4300 femina:
2999 4262 3152 4302 usum
3179 4250 3253 4304 ait
3289 4252 3604 4310 naturaliter

2012 4329 2332 4399 institutum,
2365 4347 2466 4388 nec
2495 4335 2891 4402 commendavit
2919 4338 3141 4396 alteram
3169 4343 3603 4398 cemmixtionem

2013 4421 2259 4491 primitus
2286 4423 2619 4486 ordinatam;
2649 4427 2744 4482 scil
2774 4427 2841 4484 de
2869 4445 2936 4484 eo
2962 4445 3060 4486 ttsn
3083 4431 3381 4503 disputans,
3418 4434 3469 4489 itt
3496 4451 3605 4504 quo

2012 4512 2288 4571 libidinem
2311 4517 2517 4574 eunetis
2545 4529 2768 4576 neverat
2795 4521 3030 4593 viguisse
3057 4524 3412 4596 tetnperibus,
3443 4537 3603 4583 natu-

2011 4605 2178 4662 ralem
2205 4607 2350 4663 illam
2376 4610 2606 4676 vocavit.

2082 4699 2220 4756 Acs.
2251 4698 2393 4755 Usus
2421 4699 2635 4757 femina:
2673 4702 2931 4758 naturalis
2958 4713 3062 4771 est,
3089 4717 3210 4761 eam
3236 4705 3354 4777 ejus
3382 4722 3601 4764 mascu-

2012 4785 2096 4843 lus
2124 4787 2218 4842 ille
2244 4790 2487 4847 membro
2505 4790 2690 4860 utitor,
2721 4808 2829 4864 quo
2868 4803 3056 4851 natura
3102 4794 3346 4866 ejusdem
3383 4800 3599 4868 generis

2009 4879 2358 4936 animantium
2390 4891 2747 4956 propagatur:
2777 4895 2999 4956 propter
3036 4887 3180 4958 quod
3229 4888 3389 4945 etiam
3422 4890 3596 4962 ipstnn

2007 4968 2309 5026 membrum
2353 4979 2540 5026 natura
2603 4974 2818 5045 proprie
2855 4975 2961 5032 dici
2997 4977 3140 5033 solet
3168 4993 3184 5032 :
3212 4978 3353 5036 unde
3408 4979 3603 5038 Cicero

2007 5059 2102 5128 an,
2129 5061 2408 5118 mulierem
2434 5063 2633 5124 vidisse
2651 5081 2713 5123 se
2739 5067 2792 5123 in
2811 5068 3021 5125 somnis
3074 5072 3448 5143 prmsignatam
3495 5075 3598 5132 lia-

2007 5151 2136 5211 bcre
2162 5163 2404 5214 naturam
2460 5157 2574 5230 (De
2597 5157 2942 5228 Divinatione,
2971 5163 3062 5218 lib.
3088 5163 3168 5235 2).
3225 5164 3365 5223 Usus
3420 5168 3601 5240 itaque

2010 5246 2268 5304 naturalis
2295 5257 2352 5305 et
2379 5248 2552 5305 licitus
2564 5259 2671 5318 est,
2701 5251 2840 5308 sicut
2867 5253 2922 5308 in
2949 5253 3199 5325 coniugio
3226 5271 3242 5323 ;
3269 5265 3326 5314 et
3353 5256 3595 5326 illicitos,

2005 5337 2144 5392 sicut
2171 5339 2228 5394 in
2247 5339 2512 5396 adulterio
2540 5357 2555 5395 :
2585 5350 2772 5398 contra
2801 5352 3045 5399 naturam
3072 5360 3201 5402 vero
3247 5360 3465 5418 semper
3490 5350 3596 5405 illi-

2005 5429 2163 5494 citos,
2191 5441 2245 5486 et
2274 5431 2456 5501 procul
2481 5431 2643 5488 dubie
2669 5431 2982 5505 flagitiosior
2995 5445 3157 5507 atque
3191 5438 3413 5509 turpior;
3432 5457 3594 5511 quem

2003 5532 2220 5579 sanctus
2248 5525 2536 5594 Apostolus
2559 5535 2615 5581 et
2640 5527 2692 5582 in
2721 5528 2930 5583 feminis
2946 5538 3002 5585 et
3031 5530 3083 5586 in
3125 5533 3378 5590 masculis
3398 5547 3594 5604 argue-

2003 5612 2114 5681 bat,
2136 5613 2549 5673 danmabiliores
2567 5617 2750 5682 volens
2795 5618 3040 5692 intelligi,
3095 5636 3256 5694 quam
3303 5622 3352 5680 si
3391 5622 3448 5680 in
3488 5637 3589 5683 usu

2066 5797 2084 5827 ι
2117 5795 2190 5845 sic
2207 5802 2309 5845 Mss.
2337 5801 2387 5848 tn
2409 5797 2567 5862 \'ign.,
2591 5798 2788 5862 facem.

2713 5881 3266 5959 (Quamuis-six.)
