4150 6470
547 324 676 380 Ηὸί

547 434 796 502 naturali,
826 433 914 490 vel
937 432 1314 500 adulterando,
1339 435 1422 490 vel
1471 434 1784 491 fornicando
1829 447 2134 507 peccarent.

547 527 684 584 Usus
709 529 889 598 itaque
912 527 1382 583 concumbentium
1412 529 1668 583 naturalis
1695 529 1942 597 idemque
1968 529 2140 584 incul-

545 619 760 690 pabilis,
783 619 913 676 etin
957 618 1205 690 paradiso
1233 633 1355 674 esse
1385 621 1648 690 potuisset
1675 661 1691 684 ,
1729 620 1938 675 etiamsi
1983 634 2142 676 nemo

544 719 844 782 peccasset;
873 727 979 767 non
1005 711 1151 767 enim
1197 711 1354 766 aliter
1403 711 1471 766 ad
1525 711 1815 768 humanum
1843 726 2010 782 genus
2056 727 2144 766 se-

545 805 784 861 cttndum
832 804 1259 861 benedictionem
1301 805 1393 860 Dei
1425 804 1881 874 multiplicandum
1923 804 2018 860 filii
2055 805 2139 876 gi-

542 906 870 969 guereutur:
900 895 994 952 sed
1015 912 1136 951 eum
1165 906 1408 951 vocatum
1438 910 1560 951 esse
1597 897 1665 949 ab
1691 896 1948 964 Apostolo
1985 911 2139 951 usum

545 990 868 1058 naturalem,
899 990 952 1044 iu
977 1003 1084 1061 quo
1111 989 1390 1046 libidinem
1415 990 1624 1044 cunctis
1647 998 1872 1044 noverat
1906 989 2140 1058 viguisse

545 1085 895 1156 tetuporibus,
927 1084 1046 1155 quis
1075 1083 1166 1138 tibi
1188 1083 1341 1145 dixit,
1367 1082 1466 1137 nisi
1496 1082 1718 1138 haeresis
1739 1081 1955 1136 vestra?
1984 1081 2140 1136 Absit

553 1177 685 1232 enim
711 1185 768 1232 ut
796 1175 1086 1245 Apostolus
1111 1174 1272 1230 etiam
1305 1175 1395 1230 illo
1425 1183 1670 1244 tempore
1701 1173 1975 1228 hominum
2015 1189 2138 1228 cre-

539 1267 697 1322 deret
765 1265 1066 1337 pudendam
1114 1266 1345 1336 viguisse
1387 1264 1697 1332 libidinem,
1753 1263 1967 1337 quando
2010 1264 2138 1319 nudi

543 1367 716 1424 erant,
744 1335 800 1414 et
820 1373 926 1414 non
946 1335 1186 1430 pudebat
1212 1371 1328 1411 eos.
1354 1356 1736 1412 Verumtamen
1758 1335 1968 1410 etiamsi
1992 1356 2138 1424 Apo-

547 1452 725 1507 stolus
739 1450 964 1516 diceret,
995 1450 1138 1520 quod
1166 1449 1281 1519 ipse
1299 1449 1501 1514 dixisti,
1537 1467 1557 1502 t
1594 1449 1648 1504 in
1678 1463 1778 1505 usu
1805 1449 2014 1504 feminae
2039 1463 2138 1502 na-

546 1545 706 1600 turali
731 1545 941 1600 cunctis
968 1544 1298 1614 temporibus
1315 1542 1550 1611 viguisse
1581 1541 1878 1607 libidinem;
1922 1559 1943 1593 ι
1977 1542 2029 1595 in
2056 1540 2139 1596 bis

541 1652 754 1708 quoque
779 1636 957 1691 verbis
987 1634 1242 1691 haberem
1283 1633 1426 1706 quod
1471 1644 1619 1690 recte
1646 1633 2038 1704 'iutelligerem,
2071 1648 2139 1687 ne

539 1729 842 1800 pudendam
864 1738 1171 1798 susceptam
1207 1738 1352 1782 tuam
1382 1727 1436 1782 in
1463 1727 1607 1782 illius
1649 1727 1820 1783 beatas
1864 1727 1987 1780 vita:
2013 1741 2134 1781 cor-

541 1822 783 1892 poribus,
811 1836 934 1891 qua:
963 1820 1198 1874 nondum
1219 1818 1429 1873 fuerant
1456 1833 1680 1887 corpora
1716 1817 1905 1872 mortis
1947 1816 2136 1887 huius,

539 1915 681 1968 sicut
709 1922 764 1966 ttt
785 1913 934 1980 facis,
955 1921 1134 1966 mente
1161 1911 1492 1976 stultissima,
1515 1911 1694 1982 lingua
1717 1910 2092 1982 loquacissima
2116 1955 2131 1979 ,

539 2004 714 2061 fronte
742 2003 1238 2075 impudentissima,
1272 2002 1616 2058 collocarem.
1668 2001 1888 2058 Cunctis
1940 2002 2138 2073 quippe

539 2096 874 2168 temporibus
900 2111 965 2151 ex
983 2111 1091 2167 quo
1117 2095 1397 2165 utriusque
1446 2109 1616 2151 sexus
1661 2094 1776 2150 ﬁeri
1821 2095 2138 2151 concubitus

539 2191 730 2260 empit,
759 2189 947 2260 prccul
973 2189 1137 2244 dubio
1156 2204 1284 2246 usus
1308 2188 1520 2244 femina:
1566 2189 1826 2245 naturalis
1871 2188 1989 2245 sine
2035 2187 2138 2245 hac

540 2283 788 2350 pudenda
817 2281 1039 2337 libidine
1063 2296 1184 2336 esse
1210 2296 1316 2336 non
1338 2280 1509 2351 potuit
1543 2296 1558 2334 :
1583 2280 1693 2350 iam
1715 2279 1862 2334 enim
1916 2295 2026 2336 non
2050 2278 2135 2333 vi-

541 2383 610 2428 ιω
639 2373 799 2434 illius,
823 2373 918 2428 sed
945 2373 1136 2426 mortis
1165 2370 1327 2442 hujus
1353 2371 1624 2426 habebant
1645 2386 1842 2441 corpus
1861 2412 1878 2437 ,
1921 2369 2138 2442 quando

540 2475 664 2534 post
716 2472 995 2535 peccatum
1025 2464 1092 2518 de
1121 2463 1367 2532 paradiso
1415 2462 1651 2532 egressi,
1683 2461 1955 2517 masculus
1976 2471 2031 2518 et
2059 2460 2138 2516 fe-

545 2559 688 2612 mina
707 2565 992 2626 utrumque
1011 2569 1199 2610 sexum
1239 2555 1557 2609 naturaliter
1609 2553 1855 2624 primitus
1901 2553 2135 2610 miscue-

545 2656 689 2704 runt.
722 2645 874 2715 Quod
897 2646 940 2700 si
965 2654 1093 2701 ante
1122 2645 1376 2712 facerent,
1399 2645 1471 2700 ibi
1503 2644 1667 2700 libido
1695 2645 1781 2700 vel
1805 2645 1946 2700 nulla
1967 2655 2132 2713 esset,

540 2741 624 2796 vel
654 2737 899 2810 pudenda
927 2752 1034 2792 non
1062 2747 1205 2794 esset
1236 2754 1253 2793 :
1282 2752 1390 2793 non
1443 2737 1587 2793 enim
1635 2737 1948 2794 sollicitaret
1993 2739 2135 2794 invi-

540 2841 734 2897 tum,et
761 2844 1059 2902 repugnare
1084 2828 1186 2885 sibi
1206 2837 1423 2900 cogeret
1449 2837 1656 2884 castum
1683 2845 1698 2895 ;
1729 2829 1826 2884 sed
1870 2837 1964 2885 aut
2015 2829 2134 2887 sine

547 2925 636 2980 illa
659 2923 894 2980 officium
925 2937 1080 2979 suum
1111 2922 1360 2993 genitalia
1382 2963 1398 2990 ,
1412 2921 1638 2994 iubente
1667 2932 1845 2978 mente
1868 2964 1883 2990 ,
1909 2939 2134 2996 perage-

538 3027 680 3084 rent;
708 3028 800 3073 aut
829 3017 918 3073 illa
970 3018 1014 3072 si
1039 3025 1186 3073 esset
1206 3057 1222 3083 ,
1250 3031 1371 3072 cum
1411 3031 1547 3087 opus
1574 3025 1751 3084 esset,
1782 3027 2086 3088 assurgeret
2111 3057 2130 3087 ,

537 3113 1035 3184 tranquillissimum
1067 3121 1253 3168 nutum
1302 3111 1636 3183 subsequens
1686 3113 1998 3180 voluntatis,
2031 3129 2133 3169 nec

529 3206 849 3278 opprimens
874 3204 1254 3277 cogitationem
1307 3205 1616 3261 turbulento
1657 3205 1861 3277 impetu
1890 3208 2134 3278 volupta-

517 3301 624 3355 ‘tis.
655 3292 840 3355 Talem
868 3314 928 3355 se
955 3299 1115 3354 modo
1137 3314 1250 3354 non
1279 3311 1422 3365 esse,
1455 3300 1636 3354 multis
1670 3301 1780 3355 suis
1809 3301 2130 3371 importunis

535 3397 591 3448 et
645 3392 962 3449 coercendis
1009 3393 1241 3450 motibus
1287 3392 1764 3465 confiteturzergo
1803 3405 1893 3449 aut
1943 3394 2128 3450 vitium

535 3497 678 3550 esse,
709 3491 800 3538 aut
820 3483 1057 3538 vitiatam
1107 3497 1168 3539 se
1211 3497 1332 3539 esse
1359 3491 1601 3539 testatur.
1645 3485 1783 3540 Ecce
1814 3485 1956 3540 unde
1983 3485 2130 3542 dice-

535 3576 624 3631 bat
654 3576 964 3648 Apostolus,
996 3576 1119 3632 Scio
1147 3577 1270 3649 quia
1319 3594 1422 3632 non
1453 3577 1644 3632 habitat
1672 3579 1726 3633 in
1753 3595 1848 3643 me,
1877 3579 1933 3632 id
1977 3582 2128 3635 estin

530 3685 685 3725 came
711 3685 844 3735 mea,
870 3669 1058 3726 bonum
1087 3669 1264 3743 (Rom.
1295 3685 1394 3736 vn,
1419 3669 1530 3745 18).
1557 3670 1698 3726 Ecce
1728 3672 1870 3728 unde
1901 3672 2128 3728 trahitur

529 3777 560 3814 a
579 3761 918 3817 nascentibus
931 3761 1191 3832 originale
1207 3771 1503 3832 peccatum.
1527 3762 1639 3817 Hoc
1654 3762 1797 3819 malo
1811 3763 1948 3819 bene
1963 3764 2130 3819 utitur

533 3853 784 3923 pudicitia
809 3852 1110 3926 coniugalis
1132 3870 1148 3908 :
1170 3853 1275 3910 hoc
1293 3853 1436 3909 malo
1454 3853 1646 3909 melius
1676 3870 1784 3910 non
1812 3856 1978 3910 utitur
1996 3857 2124 3911 reli-

531 3947 678 4019 giosa
690 3947 1014 4002 continentia
1031 3945 1370 4013 vidualis,vel
1381 3961 1528 4002 sacra
1544 3947 1817 4018 integritas
1829 3949 2123 4018 virginalis.

609 4039 795 4096 XVlll.
823 4039 944 4096 Jun.
975 4041 1094 4097 Hoc
1112 4055 1211 4096 nos
1241 4041 1624 4106 intelleximus,
1653 4057 1884 4114 cumque
1909 4043 1978 4098 de
2024 4058 2125 4099 na-

534 4145 669 4190 tura:
706 4133 1046 4190 institutione
1097 4134 1461 4206 loqueremur,
1515 4135 1567 4190 id
1613 4135 1927 4204 protulimus
1979 4135 2124 4207 quod

530 4226 844 4296 Apostolum
857 4226 1092 4282 sensisse
1113 4226 1414 4281 constabat.
1465 4225 1545 4282 Tu
1575 4227 1734 4298 igitur
1751 4226 1878 4298 quid
1904 4239 2128 4297 promo-'

531 4317 676 4383 visti,
693 4327 750 4373 ut
769 4317 998 4374 referres
1022 4331 1132 4372 non
1157 4317 1226 4372 ab
1244 4332 1310 4373 eo
1336 4333 1492 4373 usum
1517 4318 1879 4389 coniugalem,
1908 4317 2005 4373 sed
2030 4333 2126 4372 na-

533 4411 758 4466 turalem
787 4409 1015 4467 vocari?
1055 4410 1163 4465 Aut
1215 4425 1322 4480 quo
1360 4425 1457 4466 ore
1502 4411 1778 4480 subiungis
1805 4451 1820 4476 ,
1869 4411 2122 4480 quoniam

536 4525 556 4556 ‹
591 4518 711 4561 cum
733 4502 931 4559 iisdem
958 4502 1212 4558 membris
1251 4503 1519 4560 meretrici
1568 4504 1794 4574 quisque
1847 4505 2121 4568 miscetur,

530 4597 788 4654 naturalis
803 4605 886 4654 est
933 4610 1084 4665 usus,
1113 4612 1212 4654 nec
1243 4607 1418 4653 tamen
1449 4597 1728 4653 laudabilis
1761 4638 1775 4662 ,
1807 4597 1900 4652 sed
1939 4598 2124 4668 culpa-

531 4693 686 4748 bilis?
724 4711 744 4744 ›
777 4690 848 4748 Ut
874 4691 1018 4748 enim
1043 4689 1208 4746 etiam
1241 4691 1328 4747 hic
1377 4691 1724 4748 ostendamus
1749 4732 1765 4757 ,
1820 4691 1964 4761 quod
2010 4690 2124 4747 fre-

528 4797 755 4856 quenter
781 4785 1112 4856 aperuimus,
1144 4799 1304 4840 unam
1329 4799 1358 4838 a
1389 4793 1440 4838 te
1459 4785 1646 4838 saltem
1671 4785 1992 4839 sententiam
2017 4799 2123 4839 non

529 4875 778 4948 proferri,
809 4892 928 4946 qure
957 4891 1062 4931 non
1094 4874 1381 4931 adversum
1409 4884 1463 4930 te
1490 4875 1776 4945 plurimum
1819 4874 1994 4931 valeat
2025 4891 2041 4930 :
2077 4874 2123 4930 si

531 4981 659 5020 usus
678 4965 1049 5024 fornicationis
1101 4967 1382 5033 naturalis,
1428 4981 1530 5022 nec
1565 4977 1742 5023 tamen
1795 4966 2076 5022 laudabilis
2103 5007 2120 5034 ,

529 5055 626 5111 sed
653 5056 931 5127 eulpabilis
955 5056 1170 5125 dicitur,
1212 5059 1283 5114 ob
1333 5055 1438 5112 hoc
1473 5058 1600 5129 quia
1652 5058 1952 5114 meretricis
1991 5072 2125 5115 usus

530 5153 636 5210 est;
665 5146 782 5202 sine
807 5146 972 5204 dubio
992 5148 1328 5221 coniugalem
1349 5189 1364 5214 ,
1393 5149 1514 5219 quia
1557 5147 2030 5220 honestum'atque
2054 5150 2124 5205 li-

530 5239 714 5305 citum,
744 5254 852 5296 non
875 5241 1218 5312 culpabilem,
1243 5240 1342 5297 sed
1371 5239 1695 5298 laudabilem
1725 5241 2084 5311 proﬁteberis.

604 5332 739 5385 Anc.
769 5327 884 5384 Non
911 5329 1038 5401 quia
1065 5329 1182 5386 sine
1207 5331 1351 5385 malo
1379 5341 1482 5398 est,
1511 5332 1607 5387 sed
1636 5333 1760 5403 quia
1775 5331 1914 5388 bene
1960 5335 2125 5391 utitur

532 5421 698 5487 malo,
729 5419 1023 5492 coniugalis
1047 5421 1361 5477 concubitus
1409 5423 1604 5480 merito
1631 5422 1968 5493 inculpabilis
1985 5424 2124 5480 dici-

531 5523 640 5568 tur.
673 5511 762 5568 Sic
787 5513 929 5568 enim
956 5511 1155 5568 bonum
1167 5520 1252 5568 est
1273 5512 1409 5570 bene
1447 5514 1522 5569 uti
1553 5513 1696 5570 malo
1723 5556 1738 5580 ,
1770 5514 2122 5585 quemadmo-

529 5610 657 5665 dum
687 5609 884 5664 malum
902 5617 983 5664 est
1013 5608 1153 5663 male
1182 5608 1256 5661 uti
1285 5608 1446 5664 bono.
1475 5608 1564 5664 Sic
1583 5623 1714 5681 ergo
1741 5608 1879 5664 bene
1906 5618 2124 5665 utuntur

535 5703 809 5774 coniugati
859 5701 1096 5758 libidinis
1144 5702 1317 5769 malo,
1381 5701 1655 5773 quomodo
1716 5703 1855 5756 male
1905 5711 2124 5757 utuntur

529 5797 757 5855 adulteri
803 5796 1047 5871 corporis
1098 5795 1261 5855 bono.
1309 5795 1423 5854 lloc
1466 5794 1576 5866 iam
1606 5809 1714 5853 non
1761 5794 1927 5853 semel
1969 5793 2120 5865 dixi,

1215 325 1462 382 OPERIS
1503 325 1914 383 IMPERFECTI
1951 327 2222 383 CONTRA
2263 329 2623 400 JULMNUM,
2664 337 2722 392 S.
2767 339 3132 399 AUGUSTINI

3695 356 3839 410 ΗΞὶῦ

2247 447 2300 492 et
2325 443 2519 514 sa'pius
2546 462 2632 502 me
2661 447 2839 505 dicere
2869 467 2973 507 non
3021 455 3251 524 pigebit,
3293 452 3547 529 quamdiu
3597 475 3646 520 te
3699 465 3846 524 veris

2247 534 2613 592 contradicere
2642 554 2748 594 non
2778 543 2996 609 pudebit
3027 547 3069 602 '.

2319 622 2458 679 XIX.
2487 625 2606 682 Jun.
2653 629 2722 684 Et
2773 632 2863 686 ubi
2907 643 2990 690 est
3037 636 3242 692 crimen
3289 649 3435 696 tuum
3471 642 3791 702 diabolicnm
3822 692 3838 715 ,

2245 715 2388 786 quod
2417 717 2490 773 illi
2514 733 2827 791 argumento
2872 725 3091 796 pudoris
3119 731 3378 789 nitebaris
3405 734 3623 806 affigere
3647 740 3671 794 ?
3721 740 3839 798 Non

2245 809 2386 863 enim
2409 810 2520 880 iam
2550 813 2712 870 libido
2741 819 3153 888 reprehenditur
3173 863 3188 887 ,
3212 839 3334 894 quae
3371 837 3426 881 et
3477 829 3529 884 in
3571 833 3842 900 prohibito

2244 906 2300 953 et
2328 899 2380 953 in
2410 915 2667 958 concesso
2689 920 2806 974 usu,
2833 917 3037 966 natura:
3064 912 3231 983 ipsius
3250 899 3843 988 conditionesentitur.

2244 989 2292 1044 si
2315 991 2629 1061 depravatio
2655 997 2793 1068 eius,
2817 1000 2885 1055 ad
2909 1001 2961 1056 id
2991 1004 3134 1074 quod
3163 1021 3270 1062 non
3292 1008 3488 1065 licebat
3515 1028 3836 1083 excurrens,

2244 1084 2354 1140 sola
2385 1086 2651 1158 culpatur.

2237 1203 2239 1209 ι
2315 1177 2453 1234 Aac.
2479 1177 2593 1234 Non
2622 1181 2732 1236 sola
2773 1200 2792 1234 t
2829 1185 3078 1256 culpatur
3119 1189 3429 1261 depravatio
3480 1197 3713 1256 libidinis
3768 1202 3838 1257 ad

2243 1265 2296 1320 id
2323 1268 2464 1338 quod
2492 1286 2597 1324 non
2621 1273 2811 1328 licebat
2830 1290 3161 1335 excurrens:
3200 1301 3220 1335 ι
3247 1285 3341 1338 sed
3383 1294 3471 1340 tua
3503 1303 3692 1359 magna
3743 1293 3842 1346 de-

2244 1361 2484 1427 pravatio
2511 1370 2614 1429 est,
2647 1379 2768 1419 cum
2798 1381 2828 1421 a
2850 1377 2900 1422 te
2942 1386 3047 1423 non
3075 1373 3319 1442 culpatur
3358 1377 3424 1431 ad
3455 1378 3507 1432 id
3535 1381 3676 1449 quod
3729 1400 3836 1438 non

2244 1449 2438 1506 licebat
2489 1454 2792 1525 impellens.
2849 1460 3074 1528 Quando
3137 1467 3281 1520 enim
3323 1468 3389 1523 ad
3436 1471 3486 1524 id
3531 1474 3674 1542 quod
3729 1491 3841 1532 non

2243 1542 2368 1601 licet
2395 1546 2637 1618 impellit,
2671 1551 2910 1619 profecto
2945 1555 3044 1609 nisi
3071 1559 3318 1626 pravitati
3343 1559 3460 1630 eius
3512 1578 3841 1635 repugnetnr

2243 1636 2503 1692 excurrit.
2539 1638 2603 1693 Et
2633 1639 2749 1696 haec
2776 1652 2860 1697 est
2906 1649 3341 1717 concupiscentia
3370 1654 3571 1720 carnis,
3599 1671 3702 1725 qua
3739 1673 3837 1712 ca-

2243 1739 2305 1780 ro
2347 1730 2680 1798 concupiscit
2721 1731 2981 1790 adversus
3015 1739 3319 1806 spiritum;
3371 1743 3630 1801 adversus
3674 1765 3836 1818 quam

2243 1829 2524 1886 propterea
2551 1824 2882 1892 concupiscit
2905 1835 2960 1880 et
2975 1827 3216 1898 spiritus,
3243 1847 3312 1888 ne
3340 1850 3446 1904 quo
3473 1837 3702 1908 impellit
3729 1857 3835 1895 ex-

2241 1919 2441 1966 currat.
2471 1912 2663 1969 Malum
2694 1925 2776 1972 est
2805 1934 2956 1990 ergo,
2974 1930 3029 1976 et
3055 1924 3196 1992 quod
3225 1925 3448 1996 impellit
3494 1932 3545 1984 in
3587 1934 3784 1989 malum
3819 1953 3833 1988 :

2241 1998 2338 2054 sed
2363 2002 2409 2054 si
2457 2016 2564 2057 non
2616 2007 2890 2074 excurrit,
2926 2026 3254 2083 repugnante
3307 2019 3413 2074 sibi
3457 2023 3678 2091 spiritu,
3726 2043 3837 2082 non

2243 2091 2476 2147 vincitur
2501 2093 2661 2151 homo
2684 2112 2713 2150 a
2741 2101 2900 2154 malo.
2934 2102 3086 2160 Tunc
3113 2118 3295 2163 autem
3313 2111 3459 2166 omni
3507 2117 3648 2170 malo
3677 2133 3835 2173 care-

2241 2181 2340 2250 bit,
2369 2185 2582 2254 quando
2603 2189 2688 2242 cui
2710 2201 2972 2261 repugnet
3006 2211 3110 2251 non
3159 2198 3284 2254 erit.
3331 2202 3514 2273 Neque
3561 2206 3664 2262 hoc
3709 2225 3835 2265 cum

2242 2273 2350 2372 hct,
2378 2280 2752 2344 natura,,sicut
2778 2283 3102 2344 Manichacus
3124 2290 3340 2361 insanit,
3369 2310 3400 2349 a
3423 2297 3578 2354 nobis
3611 2315 3836 2372 separa-

2241 2365 2387 2422 bilur
2408 2368 2605 2437 aliena,
2629 2371 2726 2427 sed
2779 2377 3057 2432 sanabitur
3104 2393 3308 2438 nostra.
3361 2385 3491 2453 Qua:
3544 2365 3728 2458 nunc,
3787 2394 3837 2448 si

2239 2461 2688 2529 quemadmodum
2712 2471 3116 2536 regeneratione
3144 2485 3201 2530 et
3224 2479 3546 2536 remissione
3583 2495 3836 2553 peccato-

2240 2565 2362 2606 rum
2391 2564 2614 2610 sanatur
2639 2573 2668 2609 a
2692 2568 2867 2627 reatu,
2913 2563 2995 2620 sic
3051 2566 3122 2620 ab
3171 2571 3317 2624 omni
3349 2581 3495 2629 esset
3528 2575 3839 2634 infirmitate

2235 2639 2348 2711 iam
2376 2658 2526 2709 sana;
2560 2662 2666 2703 non
2689 2661 2872 2706 contra
2900 2669 3118 2711 carnem
3152 2660 3374 2728 spiritus
3402 2669 3834 2736 concupisceret,

2241 2741 2299 2787 ut
2311 2749 2416 2790 nou
2433 2750 2779 2808 operaremur
2796 2744 2898 2800 nisi
2913 2745 3140 2814 licitum;
3158 2752 3251 2806 sed
3269 2753 3337 2807 ita
3351 2770 3479 2810 caro
3489 2759 3696 2831 spiritui
3712 2776 3838 2818 con-

2237 2827 2484 2895 sentiret,
2507 2839 2564 2887 ut
2593 2831 2724 2889 nihil
2760 2846 2947 2893 contra
2981 2839 3130 2896 illum
3172 2827 3640 2917 concupisceretur
3671 2853 3837 2910 illici-

2239 2925 2372 2974 tum.

2308 3008 2429 3068 XX.
2459 3011 2577 3070 Jan.
2606 3016 2780 3090 thue
2823 3036 3010 3092 presse
3046 3025 3440 3100 interrogemus
3468 3044 3522 3089 et
3547 3036 3784 3092 breviter
3814 3057 3829 3092 :

2237 3108 2540 3176 apostolum
2564 3110 2784 3168 Paulum
2816 3156 2834 3180 ,
2886 3131 3010 3172 cum
3067 3123 3364 3179 naturalem
3415 3141 3568 3181 usum
3617 3131 3835 3187 femina:

2237 3210 2593 3270 nuncuparet,
2626 3205 3030 3273 possibilitatem
3061 3213 3142 3268 rei
3165 3222 3221 3269 et
3249 3215 3606 3287 honestatem,
3635 3238 3702 3276 an
3735 3240 3830 3279 so-

2237 3290 2342 3348 lam
2379 3295 2786 3362 possibilitatem
2828 3302 3096 3361 iudicasse
3138 3308 3450 3365 arbitraris?
3494 3314 3545 3368 id
3586 3325 3688 3380 est,
3727 3317 3832 3373 hoe

2235 3384 2474 3454 nomine,
2504 3389 2750 3458 naturali,
2774 3391 3069 3466 intelligere
3094 3413 3194 3453 nos
3215 3401 3547 3459 voluitttsum
3577 3409 3667 3476 qui
3707 3409 3826 3463 fieri

2236 3487 2446 3546 poterat
2469 3488 2524 3533 et
2551 3479 2798 3548 debebat;
2821 3499 2889 3540 an
2919 3487 3012 3557 qui
3031 3497 3258 3557 poterat,
3291 3493 3386 3548 sed
3424 3509 3531 3551 non
3553 3497 3827 3554 debebat?

2233 3569 2288 3626 Si
2319 3571 2540 3638 dixeris,
2563 3573 2663 3640 Qui
2695 3586 2923 3646 poterat,
2971 3580 3096 3637 licet
3125 3599 3232 3638 non
3260 3585 3500 3654 deberet,
3556 3592 3727 3659 qualis
3769 3591 3825 3647 in

2233 3666 2495 3722 adulteris
2515 3669 2731 3739 agitur:
2766 3686 2896 3742 ergo
2943 3682 2997 3728 et
3036 3675 3164 3730 illud
3215 3677 3360 3734 aliud
3413 3680 3668 3751 ﬂagitium
3713 3665 3827 3740 non

2233 3760 2336 3813 erit
2362 3769 2547 3815 contra
2576 3772 2841 3830 naturam,
2864 3765 2986 3835 quia
3007 3767 3029 3800 ⁸
3071 3770 3328 3825 membris
3355 3775 3531 3842 agitur
3567 3778 3827 3831 naturali-

2232 3853 2352 3907 bus.
2385 3853 2441 3909 Si
2469 3863 2647 3909 autem
2674 3871 3042 3928 expavescens
3069 3862 3336 3926 retuleris,
3367 3865 3507 3933 quod
3537 3875 3592 3919 et
3629 3868 3829 3924 veritas

2233 3941 2413 4009 habet,
2442 3945 2758 4014 Apostolum
2787 3963 2942 4002 usum
2970 3964 3192 4006 vocasse
3236 3955 3554 4021 naturalem,
3584 3958 3672 4026 qui
3701 3958 3827 4012 feti-

2231 4034 2333 4090 bus
2365 4034 2665 4092 destinatus
2714 4037 2942 4096 honeste
2996 4043 3113 4112 agi,
3162 4046 3361 4115 quippe
3404 4050 3736 4113 naturaliter,
3768 4063 3828 4106 ut

2232 4135 2440 4196 poterat
2463 4136 2517 4182 et
2545 4127 2793 4195 debebat,
2829 4129 2879 4184 id
2902 4141 3006 4198 est,
3040 4134 3091 4187 iu
3110 4138 3428 4205 corporibus
3468 4140 3552 4194 vel
3585 4141 3823 4211 singula-

2231 4234 2351 4274 rum
2386 4219 2471 4275 vel
2499 4220 2729 4289 plurium
2759 4220 3074 4279 feminarum
3105 4266 3120 4287 .
3175 4235 3472 4298 temporum
3524 4240 3700 4289 tamen
3740 4251 3826 4288 ra-

2231 4313 2379 4367 tione
2402 4313 2675 4369 concessis
2707 4332 2720 4368 :
2747 4314 2998 4371 fateberis
3025 4319 3316 4375 sinedubio
3340 4323 3517 4392 inepte
3536 4340 3824 4394 argumen-

2230 4409 2398 4456 tatum
2454 4401 2663 4468 fuisse;
2708 4403 3029 4478 beatumque
3055 4409 3274 4466 Paulum
3318 4414 3534 4470 nomine
3564 4418 3822 4471 naturalis

2231 4509 2380 4563 usus,
2411 4511 2517 4550 non
2548 4494 2974 4567 fornicationem,
3007 4501 3146 4556 sicut
3189 4511 3242 4557 tu
3283 4515 3568 4573 putaveras
3593 4549 3607 4569 .
3639 4508 3733 4563 sed
3764 4519 3821 4565 et

2230 4587 2514 4642 honestum
2539 4597 2594 4644 et
2623 4590 2945 4660 legitimum,
2975 4594 3066 4663 qui
3097 4594 3408 4651 fecunditati
3456 4608 3673 4667 paratus
3710 4611 3816 4667 est,

2229 4694 2518 4750 corporum
2547 4680 2811 4738 indicasse
2829 4685 3200 4740 commixtum.
3231 4686 3342 4742 Nos
3359 4704 3488 4759 ergo
3507 4692 3698 4745 merito
3723 4707 3819 4760 ge-

2230 4772 2488 4829 neraliter
2511 4772 2880 4843 defendimus,
2937 4778 3081 4847 quod
3121 4779 3447 4837 Manichteus
3491 4784 3819 4854 generaliter

2229 4864 2504 4935 arguebat.
2543 4863 2624 4920 Tu
2671 4865 2817 4922 enim
2871 4867 3008 4922 dicis
3048 4872 3485 4928 commixtionem
3541 4873 3680 4929 hanc
3731 4892 3820 4930 se-

2230 4971 2394 5012 suum
2417 4970 2541 5012 cum
2566 4957 2853 5028 voluptate,
2880 4973 2976 5028 per
2999 4960 3272 5017 diabolum
3319 4966 3616 5021 institutam
3643 5009 3658 5034 ,
3687 4983 3820 5023 cau-

2229 5061 2346 5102 sam
2371 5046 2642 5118 originalis
2663 5061 2786 5104 esse
2816 5054 3039 5120 peccati,
3070 5061 3127 5108 et
3153 5057 3528 5111 necessitatem
3577 5059 3820 5113 omnium

2228 5138 2548 5202 criminum;
2580 5151 2646 5193 ac
2672 5152 2770 5208 per
2823 5139 2942 5195 hoc.
2976 5139 3145 5210 ipsam
3193 5145 3496 5202 criminaris
3524 5157 3773 5204 naturam
3805 5167 3820 5202 :

2230 5244 2331 5284 nos
2362 5229 2487 5300 quid
2538 5231 2954 5300 consequentius
2997 5233 3174 5292 facere
3217 5237 3487 5305 potuimus
3516 5281 3532 5304 ,
3572 5256 3734 5310 quam
3769 5251 3825 5298 ut

2230 5328 2368 5376 teste
2387 5318 2638 5390 Magistro
2661 5319 2932 5386 Gentium,
2957 5335 3163 5380 natura:
3185 5328 3536 5396 generalitate
3564 5331 3824 5387 defende-

2233 5427 2414 5468 remus
2441 5419 2496 5466 et
2515 5410 2940 5468 adscriberemus
2969 5431 3118 5484 opert
3148 5417 3238 5472 Dei
3263 5459 3281 5485 ,
3302 5419 3443 5489 quod
3473 5428 3530 5475 tu
3561 5422 3826 5476 naturali-

2233 5514 2315 5560 ter
2341 5503 2539 5558 malum
2572 5504 2847 5560 vocabas?
2872 5505 3198 5579 Factumque
3227 5521 3309 5566 est
3347 5515 3571 5584 utquod
3601 5524 3656 5569 tu
3687 5516 3827 5572 dicis

2231 5593 2583 5659 diabolicnm,
2616 5611 2714 5650 nos
2745 5595 2812 5651 ad
2831 5597 3182 5655 refellendum
3211 5611 3262 5659 te
3287 5604 3634 5672 probaremus
3664 5621 3824 5664 natu-

2300 5747 2316 5812 ξ
2350 5746 2424 5812 sic
2446 5753 2561 5812 Mss.
2577 5753 2625 5794 ln
2643 5747 2800 5810 \‘ign.,
2827 5746 3022 5812 pigebit.

2297 5811 2317 5842 ³
2355 5809 2644 5870 vignierius,
2668 5809 2779 5870 qua.
2806 5809 2927 5871 Etsi,
2960 5811 3091 5875 quia.
