4150 6488
381 281 520 340 “~53

379 394 563 450 raliter
587 391 603 424 ‘
641 387 962 444 institutum.
996 383 1096 460 lsta
1112 391 1193 438 est
1215 382 1414 460 quippe
1448 381 1686 450 legitima
1735 391 1791 438 et
1840 396 1966 454 cru-

378 485 488 539 dita
517 480 818 551 responsio,
843 482 900 534 ut
918 466 1058 548 quod
1082 476 1134 530 in
1161 472 1339 544 specie
1379 481 1678 538 accusatur,
1707 472 1971 528 defenda-

383 584 467 628 tur
493 571 544 624 in
576 569 792 640 specie;
821 577 878 625 et
903 565 1126 638 quodin
1169 579 1368 636 genere
1411 564 1673 634 arguitur,
1727 564 1970 619 vindice-

383 673 471 720 tur
515 664 572 718 in
621 675 841 733 genere.
892 657 1046 728 Quod
1099 657 1260 713 etiam
1304 655 1628 711 Manichmus
1669 655 1972 722 intellexit,

381 773 541 829 quem
575 767 630 811 tu
650 767 837 825 aequas
867 751 1125 818 crimine,
1178 747 1276 805 sed
1328 763 1435 804 non
1485 761 1666 818 aequas
1716 745 1970 818 ingenio:

384 851 509 907 ideo
539 849 633 904 ille
676 861 890 903 omnem
936 841 1288 898 substantiam
1345 853 1631 909 corporum
1671 836 1978 892 transcribit

385 941 622 1005 diabolo;
641 947 700 994 tu
717 947 894 992 autem
921 949 1026 990 non
1057 933 1378 1001 universam,
1412 931 1528 997 sed,
1550 925 1690 985 sient
1718 929 1773 984 in
1800 929 1979 999 priore

386 1033 524 1087 libro
549 1030 806 1095 diximus,
825 1026 1122 1082 meliorem.
1168 1021 1543 1092 Triumpbavit
1595 1035 1725 1092 ergo
1775 1019 1975 1076 veritas

386 1123 553 1179 sacris
580 1121 775 1192 stipata
799 1116 1081 1190 prazsidiis,
1119 1129 1238 1186 quae
1265 1128 1360 1184 per
1379 1113 1696 1183 Aposmlum
1743 1110 1980 1181 probans

385 1211 629 1268 naturale
643 1209 927 1279 conjugum
943 1204 1237 1277 negotium,
1253 1212 1309 1259 et
1324 1217 1422 1272 per
1439 1202 1541 1258 hoc
1550 1200 1617 1256 ad
1634 1202 1800 1256 Deum
1816 1200 1980 1271 perlig-

387 1319 520 1360 nere
538 1302 629 1375 qui
657 1309 803 1358 esset
827 1309 1015 1354 auctor
1039 1307 1268 1380 natura),
1296 1301 1475 1374 vestra
1508 1296 1760 1364 ﬁgmenta
1804 1293 1982 1348 disru-

389 1395 488 1468 pit,
530 1393 622 1465 qui
673 1391 726 1447 id
776 1387 1304 1464 prmvaricatorium,
1344 1400 1452 1440 non
1500 1384 1746 1439 naturale
1765 1382 1980 1454 juratis.

460 1489 595 1542 Anc.
625 1483 738 1538 Jam
760 1483 920 1538 etiam
945 1493 1106 1551 supra
1128 1477 1262 1533 satis
1301 1475 1535 1531 diximus
1589 1489 1748 1545 quem
1787 1473 1986 1530 dixerit

389 1576 680 1648 Apostolus
709 1589 862 1629 usum
900 1570 1110 1626 femina:
1136 1567 1466 1633 naturalem,
1489 1573 1545 1622 et
1595 1580 1692 1621 cur
1746 1563 1983 1635 appella-

389 1672 526 1725 verit
549 1666 865 1730 naturalem,
893 1663 943 1718 id
965 1671 1068 1729 est,
1115 1675 1237 1715 cum
1291 1659 1352 1713 ﬁt
1378 1658 1458 1714 eis
1501 1657 1760 1713 membris
1783 1656 1984 1710 utrius-

315 1741 336 1770 "
389 1777 497 1834 que
538 1775 700 1818 sexus
722 1773 880 1830 ,quze
908 1756 975 1811 ad
1008 1751 1402 1826 prepagandam
1442 1761 1568 1806 sunt
1623 1750 1862 1805 instituta
1891 1763 1988 1803 na-

393 1865 590 1921 turam;
621 1853 737 1909 sive
765 1850 886 1906 talis
915 1863 1042 1904 usus
1066 1855 1234 1914 esset,
1265 1845 1442 1917 qualis
1488 1843 1542 1899 in
1573 1843 1822 1914 paradiso
1862 1856 1986 1899 esse

391 1948 673 2019 potuisset,
704 1943 854 2001 nullo
880 1941 1086 1999 scilicet
1113 1949 1268 1995 utens
1317 1937 1480 2002 malo,
1532 1937 1618 1992 vel
1664 1937 1808 1991 nulla
1861 1935 1982 1992 exi-

390 2050 586 2106 stente,
617 2039 697 2094 Vel
724 2035 938 2093 nonnisi
981 2042 1168 2090 nutum
1201 2031 1488 2087 voluntatis
1537 2028 1988 2100 subsequentoli-

391 2133 598 2195 bidine;
621 2131 735 2185 sive
753 2128 928 2200 qualis
949 2140 1092 2182 nunc
1109 2133 1196 2181 est
1238 2139 1306 2178 ex
1361 2135 1468 2192 quo
1515 2135 1636 2176 esse
1685 2120 1868 2192 erepit,
1905 2119 1988 2174 vel

391 2222 570 2277 licitus
591 2218 730 2274 sicut
752 2218 806 2272 in
837 2215 1106 2287 conjugio,
1134 2213 1272 2269 bene
1297 2219 1452 2266 utens
1479 2216 1537 2265 et
1571 2209 1817 2279 corporis
1845 2208 1994 2264 bono

391 2322 447 2368 et
475 2311 709 2369 libidinis
739 2309 902 2374 malo;
931 2307 1018 2362 vel
1045 2307 1262 2360 illicitus
1287 2304 1428 2358 sicut
1453 2301 1505 2357 in
1533 2300 1799 2356 adulterio
1820 2340 1837 2366 ,
1871 2315 1991 2356 ma-

394 2407 447 2462 le
477 2415 636 2463 utens
651 2413 708 2460 et
735 2404 828 2458 illo
857 2401 1000 2457 bono
1019 2408 1076 2456 et
1103 2398 1196 2452 illo
1243 2396 1419 2461 malo;
1443 2409 1543 2452 nec
1595 2401 1776 2448 tamen
1826 2394 1989 2448 etiam

395 2499 511 2569 ipse
536 2494 823 2553 discedens
851 2493 920 2548 ab
943 2490 1024 2547 eis
1063 2488 1319 2544 membris
1341 2525 1359 2554 ,
1412 2501 1534 2556 qua:
1585 2493 1790 2540 naturae
1828 2484 1992 2540 etiam

395 2587 613 2643 nomine
631 2585 850 2658 proprie
905 2587 1304 2650 nuncupantur.
1355 2576 1497 2632 Nihil
1543 2582 1631 2634 est
1669 2575 1849 2646 itaque
1895 2588 1997 2630 cur

397 2692 603 2749 presse,
628 2686 681 2732 ut
710 2675 874 2741 dicis,
905 2689 970 2728 ac
997 2671 1234 2728 breviter
1279 2670 1599 2738 interroges,
1630 2675 1810 2722 utrum
1849 2665 1996 2736 Apo-

397 2767 572 2822 stolus
593 2767 645 2820 in
671 2781 738 2820 eo
763 2763 906 2838 quod
935 2763 1010 2818 ait
1037 2760 1338 2824 naturalem
1369 2772 1526 2813 usum
1547 2798 1564 2822 ,
1595 2772 1718 2813 eum
1768 2756 1996 2813 voluerit

405 2859 654 2928 intelligi,
680 2855 772 2927 qui
794 2855 908 2911 ﬁeri
935 2863 990 2910 et
1037 2861 1246 2923 poterat
1271 2860 1326 2906 et
1350 2851 1614 2914 debebat;
1662 2864 1729 2904 an
1767 2849 1858 2920 qui
1881 2842 1995 2906 ficri

399 2959 632 3020 poterat,
653 2947 748 3004 sed
767 2962 873 3001 non
895 2945 1124 3001 debebat
1153 2960 1169 2997 :
1202 2957 1308 2997 non
1329 2940 1474 2998 cnim
1511 2949 1570 2996 ut
1614 2940 1716 2998 hoc
1741 2941 1946 2997 diceret
1971 2979 1993 3009 ,

399 3041 600 3112 aliquid
621 3040 812 3095 horum
838 3037 1146 3093 intuebatur
1166 3034 1476 3105 Apostolus,
1499 3032 1596 3088 sed
1614 3033 1852 3088 membra
1875 3042 1996 3088 tan-

401 3113 680 3187 tummodo
710 3120 986 3199 tttriusque
1009 3140 1173 3183 sexus
1220 3124 1520 3196 genitaliter
1564 3123 1851 3192 naturalia,
1888 3124 1994 3180 hoc

401 3233 504 3288 est,
536 3222 602 3277 ad
627 3219 988 3291 generandam
1014 3227 1193 3274 creata
1214 3218 1236 3249 '
1265 3225 1532 3271 naturam.
1551 3214 1682 3270 Nam
1712 3215 1833 3287 quis
1850 3215 2000 3286 igno-

408 3327 512 3381 rat,
545 3314 687 3386 quod
715 3314 891 3369 Iicitus
917 3296 1046 3366 usus
1079 3310 1292 3365 femina:
1345 3307 1460 3363 ﬁeri
1503 3317 1559 3362 et
1591 3307 1762 3377 possit
1797 3317 1853 3362 et
1902 3306 2000 3363 de-

402 3409 546 3472 beat;
576 3386 790 3461 illicitus
813 3413 991 3458 autem
1017 3401 1130 3456 ﬁeri
1161 3400 1350 3470 possit,
1378 3413 1479 3454 nec
1524 3407 1705 3454 tamen
1761 3397 1994 3462 debeat;

404 3508 628 3568 uterque
647 3505 824 3550 autem
854 3494 927 3549 sit
955 3475 1235 3555 naturalis,
1265 3489 1389 3560 quia
1416 3489 1694 3558 utriusque
1722 3500 1886 3544 sexus
1929 3486 1999 3542 ad

405 3583 653 3643 naturam
685 3583 1082 3656 propagaudam
1130 3576 1343 3636 creatis‘
1370 3579 1630 3634 membris
1679 3577 2000 3649 genitalibus

406 3678 508 3733 ﬁt?
537 3675 1020 3747 Tergiversatorias
1043 3672 1197 3728 aufer
1220 3671 1472 3742 ambages
1497 3711 1512 3736 ,
1563 3685 1785 3725 remove
1813 3670 2000 3740 loqua-

407 3784 501 3825 ces
519 3779 574 3824 et
595 3767 812 3824 fallaces
835 3767 1008 3820 fumos
1033 3763 1287 3820 vanitatis
1341 3771 1464 3816 tute.
1514 3761 1702 3816 Libido
1746 3768 1997 3830 pecorutn

412 3862 534 3917 ideo
556 3877 660 3917 non
693 3867 776 3915 est
796 3859 1007 3924 vitium,
1036 3855 1161 3927 quia
1213 3869 1322 3908 non
1377 3868 1439 3908 ea
1489 3863 1619 3910 caro
1670 3852 2000 3929 concupiscit

411 3951 670 4007 adversus
719 3949 966 4022 spiritum
1006 3945 1188 4018 :quod
1232 3945 1554 4001 Manichacus
1601 3945 1648 4000 si
1692 3945 2003 3999 discernere

412 4043 667 4097 valuisset
700 4040 871 4108 ’,ιιεο
899 4053 1151 4111 pecorum
1178 4038 1247 4092 ab
1271 4037 1485 4106 Opiﬁcio
1515 4036 1604 4090 Dei
1623 4036 1736 4091 veri
1771 4036 2004 4090 alienas-

412 4142 497 4188 set
531 4142 768 4197 naturas,
799 4145 903 4186 nec
951 4129 1227 4186 hominum
1278 4127 1405 4182 vitia
1457 4136 1667 4197 putaret
1707 4141 1830 4182 esse
1879 4125 2006 4180 sub-

411 4225 656 4281 stantias.
687 4224 769 4278 Tu
805 4221 982 4277 autem
1026 4220 1127 4276 nisi
1173 4234 1298 4276 cum
1352 4218 1638 4273 Ambrosio
1689 4227 1746 4273 et
1795 4217 2021 4272 caneris.

411 4314 704 4371 Catholicis
731 4314 969 4369 senseris
988 4321 1150 4382 atque
1179 4311 1439 4376 tenueris,
1467 4325 1566 4382 per
1611 4309 2007 4380 prmvaricatio-

413 4421 538 4461 nem
561 4405 716 4475 primi
745 4403 978 4458 hominis
1003 4403 1186 4458 carnis
1233 4410 1289 4458 ct
1340 4402 1562 4472 Spiritus
1614 4401 2004 4468 dissensionem

417 4496 472 4550 in
531 4504 767 4548 nostram
819 4492 1046 4547 vertisse
1094 4500 1350 4564 naturam
1388 4492 1748 4562 (Ambrosius,
1779 4491 1870 4547 lib.
1897 4485 1928 4547 7
1955 4493 2009 4546 in

417 4584 544 4639 Luc.
577 4599 671 4648 xu,
693 4581 797 4654 55)
822 4599 837 4647 ;
879 4581 1268 4651 quantumlibet
1298 4579 1620 4635 Manichaaos
1647 4581 1900 4637 detestari
1931 4583 2024 4637 vi-A

416 4676 618 4743 dearis,
634 4689 818 4730 eorum
838 4665 1189 4728 detestandus
1211 4671 1425 4741 adiutor
1451 4671 1569 4727 sine
1611 4672 1774 4728 dubio
1798 4671 2010 4743 perma-

417 4770 592 4835 nebis;
621 4764 915 4822 asserendo
966 4777 1086 4819 esse
1108 4757 1330 4829 bonum,
1363 4762 1506 4832 quod
1548 4778 1670 4818 esse
1697 4765 1894 4818 clamat
1913 4779 2020 4817 ve-.

418 4864 550 4918 ritas
579 4860 801 4924 malum;
857 4865 912 4913 et
965 4856 1070 4912 hoc
1108 4854 1309 4931 malum
1358 4853 1602 4924 negando
1626 4869 1695 4910 ex
1747 4855 2022 4924 deprava—.

420 4957 566 5010 tione
595 4952 780 5008 venire
808 4957 1026 5022 peccato
1055 4947 1255 5002 vitiata:
1281 4953 1487 5000 natura:
1515 4955 1715 5002 nostra;
1740 4986 1758 5013 ,
1791 4955 1846 5000 ut
1897 4946 2022 5000 Ma-.

423 5047 683 5106 nicbzeus.
709 5054 761 5100 te
801 5042 1070 5113 adjuture,
1119 5037 1561 5095 commixtionem
1611 5037 1764 5096 nobis
1807 5044 2010 5092 naturae

423 5132 1000 5194 introducat‘aliente.
1712 5195 1715 5202 ,
1767 5194 1769 5197 ,
1853 5190 1855 5192 ,

493 5227 638 5284 XXI.
660 5225 779 5283 ιω..
807 5222 980 5304 Simili
1001 5220 1246 5278 acumine
1273 5217 1403 5275 illud
1444 5232 1657 5290 quoque
1695 5214 2016 5273 labefactare

424 5319 638 5377 conaris
661 5359 676 5386 ,
697 5315 842 5389 quod
867 5315 976 5370 dixi
1003 5355 1020 5382 ,
1051 5312 1364 5385 evangelico
1395 5310 1700 5367 testimonio
1720 5325 1787 5366 ex
1832 5310 2017 5366 fructi-

493 5475 509 5506 ι
541 5469 842 5539 yignierius,
863 5455 1178 5539 probaremus
1197 5465 1488 5539 institutum;
1499 5469 1692 5531 omisso,
1709 5461 2013 5529 naturaliter,

367 5589 377 5597 ,
423 5534 557 5597 quod
579 5534 675 5597 huc
693 5536 950 5597 revocatur
973 5541 1036 5579 ex
1073 5534 1424 5597 manusa'iptjs'.
1709 5579 1713 5582 Α

493 5599 514 5629 ³
538 5594 1096 5658 Viguierius,_creatura.
1111 5597 1260 5639 vetus
1281 5589 1439 5658 codex
1462 5597 1722 5654 Portarum,
1749 5595 1930 5643 creata.

495 5658 516 5722 ξ
539 5649 702 5722 νὶξη..
723 5649 960 5722 misisset.
986 5658 1044 5722 at
1065 5659 1199 5722 atas,
1217 5649 1458 5722 vetuisset.

495 5719 517 5751 ⁸
556 5710 629 5768 εἰς
661 5710 766 5767 Mss.
792 5713 843 5765 In
876 5713 1149 5776 vignierio,
1181 5710 1380 5763 indicat.

1739 259 1942 324 LIBER
1978 235 2296 336 QUINTUS.

3547 259 3683 316 1454

2086 381 2185 451 bus
2230 380 2341 434 suis
2385 379 2630 434 arborem
2659 377 2855 433 debere
2883 377 3162 446 cognosci;
3205 386 3262 431 nt
3293 377 3630 433 ostenderent
3662 420 3677 443 ,

2083 472 2224 541 qu‘od
2270 471 2472 526 clarum
2499 481 2615 535 est,
2647 469 2827 525 doceri
2859 470 2995 525 bona
3038 486 3143 525 non
3188 485 3346 541 posse
3392 473 3635 544 conjugia
3675 519 3690 540 ,

2084 565 2194 619 im'o
2237 565 2404 634 ipsam
2456 572 2732 630 naturam,
2777 579 2898 634 quae
2947 565 3314 634 conjugiorum
3369 570 3682 632 operatione

2083 655 2392 725 suppletur,
2431 671 2533 711 nec
2563 655 2655 711 Dei
2681 671 2838 725 posse
2858 669 3022 726 opere
3067 658 3084 688 ι
3112 656 3404 724 vindicari,
3445 659 3490 714 si
3520 659 3588 715 de
3617 671 3679 716 ea

2084 747 2390 804 dicerentur
2403 749 2627 804 crimina
2649 749 2928 819 pullulare.
2953 750 3031 804 Ad
3050 749 3152 805 hoc
3176 766 3302 822 ergo
3319 753 3639 822 respondisti
3664 772 3680 808 :

2091 856 2112 892 ι
2144 837 2410 910 Numquid
2438 838 2696 895 Dominus
2724 840 2846 896 inde
2890 841 3236 912 loquebatur,
3282 853 3336 898 et
3365 848 3472 898 n'on
3502 843 3680 911 potius

2086 931 2156 988 de
2187 932 2408 1000 duabus
2447 933 2810 988 voluntatibus
2856 933 3157 1000 hominum,
3211 935 3350 990 bona
3395 937 3600 992 scilicet
3629 946 3685 992 et

2088 1025 2266 1090 mala;
2307 1026 2462 1081 istam
2488 1025 2682 1082 bonam
2708 1067 2725 1093 ,
2759 1027 2906 1082 illam
2951 1027 3145 1084 malam
3175 1029 3423 1084 arborem
3451 1029 3637 1087 dicens
3673 1048 3688 1096 ;

2087 1116 2212 1188 quia
2238 1117 2307 1174 de
2334 1118 2470 1174 bona
2517 1119 2791 1175 voluntate
2837 1133 3000 1190 opera
3053 1121 3194 1177 bona
3242 1132 3534 1178 nascuntur
3563 1165 3579 1190 ,
3635 1134 3692 1179 et

2089 1208 2227 1263 mala
2256 1207 2326 1264 de
2350 1209 2524 1266 mala?
2569 1210 2725 1279 Quod
2767 1211 2813 1266 si
2853 1212 3067 1281 nuptias
3102 1211 3352 1268 arborem
3382 1214 3574 1269 bonam
3601 1215 3687 1270 in-

2090 1297 2421 1400 telligamus,
2446 1299 2686 1370 profecto
2711 1315 2744 1356 e
2763 1299 3036 1356 contrario
3061 1301 3282 1372 posituri
3303 1312 3490 1359 sumus‘
3515 1305 3688 1362 forni-

2089 1390 2354 1445 cationém
2377 1390 2626 1447 arborem
2655 1391 2868 1447 malam.
2897 1391 3065 1448 Porro
3085 1393 3129 1448 si
3147 1393 3363 1463 dixerit,
3392 1396 3499 1450 non
3534 1396 3644 1451 Illic
3665 1399 3686 1429 '

2090 1480 2300 1538 arboris
2326 1482 2445 1538 loco
2469 1481 2775 1553 ponendum
2811 1495 2936 1539 esse
2984 1483 3306 1540 adulterium
3332 1527 3348 1553 ,
3395 1486 3492 1542 sed
3533 1495 3690 1541 natu-

2091 1587 2206 1628 ram
2236 1572 2523 1630 humanam
2544 1574 2613 1630 de
2641 1577 2745 1645 qua
2782 1577 3022 1631 nascitur
3045 1577 3208 1632 homo
3239 1594 3253 1631 :
3289 1578 3360 1632 ita
3386 1588 3441 1634 et
3461 1577 3549 1634 hic
3579 1597 3684 1634 nun

2092 1666 2197 1722 erit
2227 1667 2388 1722 arbor
2437 1668 2796 1736 connuhium,
2850 1668 2945 1725 sed
2977 1677 3162 1724 natura
3203 1669 3433 1726 humana
3479 1672 3549 1727 de
3583 1688 3686 1742 qua

2093 1757 2334 1813 nascitur
2362 1757 2521 1812 homo
2548 1778 2568 1812 ι
2598 1758 2698 1830 (De
2725 1758 2938 1831 Nuptiis
2963 1771 3013 1814 et
3041 1760 3489 1831 Coiicupiscentia,
3518 1764 3604 1817 lib.
3630 1763 3686 1826 Ξ,

2093 1864 2149 1902 n.
2175 1848 2289 1918 45).
2348 1848 2608 1905 Falleris:
2639 1866 2744 1904 non
2773 1850 2845 1905 ibi
2872 1851 3128 1907 Dominus
3178 1851 3412 1922 loquitur
3455 1853 3523 1907 de
3553 1854 3687 1907 dua-

2093 1938 2196 1993 bus
2221 1939 2609 2008 voluntatibus,
2635 1940 2730 1995 sed
2757 1940 2825 1996 de
2867 1957 3092 2011 persona
3117 1957 3232 1997 sua.
3255 1943 3518 2011 Quoniam
3565 1959 3688 2000 cum

2094 2031 2352 2088 beneficia
2378 2032 2579 2089 Judaeis
2607 2043 2884 2104 praestaret
2911 2034 3190 2091 innumera
3219 2035 3241 2068 ³
3265 2077 3280 2101 ,
3321 2037 3389 2092 ab
3414 2039 3529 2106 ejtls
3560 2032 3692 2094 nihil

2095 2123 2559 2181 criminationibus
2572 2125 2908 2182 desinebant.
2932 2127 3194 2182 Caeterum
3220 2137 3339 2182 cttm
3367 2145 3526 2199 opera
3549 2131 3688 2200 ejus,

2097 2230 2218 2287 quae
2257 2216 2420 2271 etiam
2449 2202 2848 2295 glorificabant,
2875 2219 3101 2290 arguere
3142 2217 3249 2274 non
3277 2221 3551 2286 valerent;
3607 2223 3691 2290 ip-

2097 2321 2216 2364 sum
2247 2319 2422 2364 tamen
2448 2308 2842 2365 Samaritanum
2863 2325 2926 2364 ac
2946 2310 3164 2380 plenum
3195 2311 3467 2367 daemonio
3510 2321 3566 2368 et
3596 2313 3695 2367 Be-

2097 2397 2391 2456 belzebulis
2430 2400 2624 2471 spiritu
2668 2401 3028 2456 causabantur
3074 2401 3322 2458 illudere.
3371 2404 3524 2459 Tunc
3566 2422 3696 2475 ergo

2100 2491 2359 2546 Dominus
2383 2491 2500 2547 ait:
2546 2493 2650 2546 Aut
2693 2493 2846 2564 facile
2887 2492 3118 2548 arborem
3158 2493 3371 2561 bonam,
3423 2505 3470 2549 et
3501 2499 3698 2566 {ructus

2099 2577 2212 2654 ejus
2247 2583 2443 2650 bonos;
2475 2594 2562 2638 aut
2584 2587 2738 2658 facile
2760 2584 2994 2640 arborem
3037 2587 3228 2642 malum
3247 2630 3262 2654 ,
3295 2598 3341 2643 et
3369 2589 3563 2659 fructus
3588 2592 3698 2662 ejus

2100 2675 2265 2731 malos
2291 2692 2311 2730 :
2334 2693 2399 2732 ea:
2419 2677 2666 2749 fructibus
2680 2678 2813 2733 enim
2840 2681 2948 2734 suis
2975 2679 3124 2734 arbor
3149 2679 3461 2751 dignoscitur
3481 2679 3694 2755 (Matth.

2104 2783 2181 2823 ιιι
2199 2807 2217 2835 ,
2243 2766 2358 2839 33).
2391 2769 2447 2824 Id
2465 2777 2584 2836 est,
2603 2769 2711 2825 Aut
2737 2768 2897 2840 opera
2920 2780 3037 2826 mea
3062 2771 3360 2843 vitu‘perate
3379 2814 3395 2838 ,
3423 2780 3542 2843 (tum
3561 2773 3698 2829 bona

2101 2873 2224 2915 esse
2245 2858 2578 2914 inﬁrmitates
2598 2859 2767 2930 pulsae
2789 2870 2843 2916 et
2885 2859 3146 2916 restituta:
3172 2862 3427 2920 sanitates
3467 2865 3698 2936 loquun-

2104 2957 2224 3015 tur;
2268 2958 2328 3004 ut
2350 2949 2652 3019 improbum
2693 2953 2815 3016 me,
2851 2954 3072 3021 Operum
3103 2955 3348 3008 meorum
3391 2957 3699 3013 testimonio

2103 3039 2463 3112 comprobetis
2489 3058 2505 3096 :
2534 3047 2628 3096 aut
2645 3041 2690 3110 si
2720 3040 2837 3096 hmo
2866 3050 3014 3097 tanta
3048 3042 3306 3098 beneﬁcia
3353 3060 3458 3100 non
3488 3048 3702 3102 audetis

2103 3145 2368 3202 arguere;
2397 3129 2607 3187 reddite
2642 3131 2798 3187 bona:
2817 3131 3026 3197 arbori,
3059 3133 3190 3188 mihi
3217 3134 3499 3204 videlicet,
3549 3140 3704 3192 testi-

2105 3220 2343 3276 monium
2374 3221 2640 3277 fructuum
2666 3223 2910 3278 meorum
2934 3264 2952 3288 ,
2981 3230 3037 3278 ct
3063 3232 3239 3279 amate
3257 3223 3574 3292 beneﬁcum,
3607 3230 3699 3298 qui

2103 3311 2359 3367 beneﬁcia
2385 3312 2708 3383 prtedicatis.
2755 3312 2830 3368 lbi
2879 3328 3008 3384 ergo
3033 3329 3318 3384 personam
3344 3316 3413 3371 de
3449 3320 3701 3387 aperibus

2105 3405 2219 3460 suis
2244 3404 2492 3461 Christus
2520 3405 2680 3476 jussit
2708 3407 2924 3476 agnosci
2955 3424 2970 3461 :
2998 3407 3141 3479 quod
3191 3409 3346 3464 nobis
3369 3412 3490 3480 jure
3509 3412 3702 3467 suffra-

2103 3507 2283 3568 ga'tutn
2311 3501 2432 3564 est,
2455 3507 2514 3552 ut
2539 3498 2858 3554 doceremus
2879 3509 3122 3555 naturam
3146 3508 3360 3572 queque
3385 3511 3546 3573 atque
3573 3519 3704 3560 con-

2103 3591 2248 3661 jugia
2275 3590 2344 3645 de
2371 3591 2793 3646 fructiﬁcationis
2813 3608 2926 3646 sua:
2945 3594 3200 3663 qualitate
3242 3597 3548 3663 censenda;
3578 3606 3632 3652 ut
3655 3601 3702 3652 si

2107 3683 2282 3739 dehis
2305 3684 2588 3738 criminum
2617 3684 2764 3740 virus
2784 3683 2983 3740 fluebat
3001 3726 3016 3750 ,
3049 3686 3334 3740 erimiuosa
3363 3688 3525 3743 etiam
3548 3690 3700 3745 radix

2103 3761 2456 3846 judicaretur.
2483 3773 2620 3830 Vide
2648 3789 2779 3845 ergo
2797 3788 2956 3846 quam
2985 3776 3051 3831 ad
3083 3773 3482 3848 intelligendum
3524 3795 3703 3836 crocu-

2110 3870 2238 3936 tias,
2267 3869 2356 3939 qui
2382 3869 2559 3924 levare
2581 3878 2632 3924 te
2651 3868 2844 3938 objecti
2877 3871 2982 3924 mei
3011 3869 3221 3940 pandus
3251 3872 3444 3940 putasti
3468 3913 3486 3939 ,
3539 3872 3705 3928 forni-

2110 3965 2376 4019 cationem
2412 3963 2612 4030 nuptiis
2635 3975 2701 4017 ex
2725 3961 2955 4018 adverso
2986 3963 3246 4030 locando,
3295 3972 3354 4019 ut
3391 3965 3533 4022 sicut
3567 3966 3707 4022 bona

2110 4057 2272 4112 arbor
2298 4056 2530 4126 nuptiae,
2567 4055 2640 4110 ita‘
2660 4055 2799 4108 mala’
2825 4052 3106 4110 forniCatio
3133 4055 3434 4122 videretur,
3464 4056 3533 4112 de
3558 4073 3660 4126 qua
3689 4101 3704 4124 ,

2113 4147 2166 4203 id
2187 4157 2289 4210 est,
2317 4147 2690 4213 fornicatione,
2718 4145 3013 4202 fecunditas
3040 4147 3179 4200 nulla
3209 4145 3431 4203 deberet
3453 4149 3707 4216 existere,-

2113 4255 2183 4295 ne
2211 4238 2351 4293 mala
2380 4238 2827 4302 convinceretur,
2853 4237 2897 4291 si
2928 4236 3081 4292 bo'uzc
3113 4237 3310 4307 nuptiae
3333 4237 3490 4294 bonis
3517 4239 3708 4296 fetibus

2112 4331 2499 4401 probarentur;
2541 4342 2663 4383 cum
2715 4328 2874 4383 hom'o
2900 4327 3013 4384 sive
3055 4327 3123 4382 dc
3152 4328 3430 4400 conjugio,
3481 4330 3595 4386 sive
3640 4331 3710 4385 de

2114 4421 2378 4477 adulterio
2405 4420 2642 4475 nascitur
2663 4461 2679 4486 ,
2713 4434 2816 4474 non
2842 4417 2911 4474 de
2937 4418 3166 4489 flagitio,
3195 4419 3289 4474 sed
3317 4420 3384 4476 de
3405 4430 3594 4476 natura
3622 4437 3709 4479 se-

2115 4516 2319 4568 minum
2350 4513 2589 4583 prodeat.
2613 4511 2898 4582 Flagitium
2928 4511 3125 4581 quippe
3153 4513 3294 4582 quod
3324 4511 3706 4568 minchantium

2115 4607 2390 4661 voluntate
2409 4603 2794 4668 committitur,
2823 4603 3135 4658 substantiae
3180 4604 3421 4659 instituta
3464 4620 3571 4659 non
3599 4614 3710 4660 tur-

2115 4698 2208 4752 bat
2236 4714 2250 4750 :
2294 4708 2477 4750 verum
2505 4704 2721 4750 exercet
2749 4708 2809 4749 se
2830 4702 3016 4748 natura
3049 4709 3144 4762 per
3181 4695 3432 4749 materias
3453 4709 3612 4760 suas,
3655 4707 3711 4750 ct

2117 4795 2336 4856 peccato
2357 4792 2668 4840 remanente
2693 4783 2834 4854 apud
2859 4783 3056 4838 illicita:
3082 4782 3371 4839 voluntatis
3395 4795 3669 4842 auctorem
3691 4829 3708 4855 ,

2117 4878 2256 4936 fetus
2300 4877 2562 4934 innocuus
2615 4875 2683 4931 de
2730 4891 2895 4947 opere
2919 4875 3225 4932 Conditoris
3265 4878 3518 4948 erumpit.
3555 4879 3712 4948 Quod

2118 4969 2330 5043 quidem
2369 4978 2426 5024 et
2451 4980 2505 5024 tu
2535 4967 2716 5025 vidisti
2758 4983 2878 5024 esse
2913 4968 3295 5024 referendum:
3336 4970 3432 5026 sed
3483 4975 3714 5043 qualiter

2119 5070 2342 5116 conatus
2387 5060 2463 5114 sis
2506 5057 2759 5125 eludere,
2807 5059 3042 5130 prudens
3100 5059 3270 5117 lector
3306 5063 3568 5121 attendat.
3619 5067 3716 5123 Ais

2120 5153 2262 5208 enim
2288 5169 2304 5207 :
2330 5168 2351 5204 ι
2385 5150 2443 5207 Si
2463 5149 2672 5206 arboris
2698 5150 2819 5204 loco
2843 5149 2916 5206 ibi
2958 5165 3066 5206 non
3091 5159 3174 5207 est
3201 5154 3511 5226 ponendum
3563 5157 3714 5214 adut-

2124 5244 2314 5300 terium
2333 5283 2350 5310 ,
2379 5241 2474 5298 sed
2501 5251 2687 5296 natura
2716 5241 2946 5298 humana
2973 5242 3043 5299 de
3071 5259 3175 5315 qua
3227 5244 3466 5304 nascitur
3509 5249 3672 5306 homo
3701 5270 3715 5306 :

2123 5336 2194 5390 ita
2217 5345 2271 5390 et
2297 5334 2384 5390 hic
2411 5348 2518 5389 non
2546 5333 2648 5388 erit
2665 5333 2828 5390 arbor
2845 5333 2987 5390 bona
3008 5336 3336 5395 conn‘ubium
3361 5380 3379 5409 ,
3408 5340 3504 5398 sed
3526 5351 3716 5400 natura

2189 5523 2765 5611 LE_E:,.A¢_)-p_e‘riﬂ_§ic
2788 5527 2983 5593 ipsimet
3007 5530 3125 5582 editi
3149 5540 3352 5598 postea,
3390 5546 3496 5601 (IP-
3541 5535 3636 5601 Ἅι
3665 5540 3716 5592 ἠ

2123 5596 2445 5654 responsione
2470 5596 2736 5652 Augustini,
3153 5596 3162 5598 '
3244 5638 3246 5640 ,

2189 5653 2218 5725 ‘.
2245 5650 2534 5725 seuerius
2557 5649 2704 5725 itii”.-
2726 5657 2782 5725 με
2799 5657 2928 5722 ne.
2947 5650 3065 5704 ιτιίοι
3108 5720 3116 5725 _

2196 5713 2218 5746 ³
2250 5713 2321 5762 sic
2357 5719 2459 5762 Mss.
2489 5718 2544 5762 tn
2565 5713 2833 5778 t'igtuerio,
2880 5713 3157 5771 innumeris.
