4150 6530
410 286 432 339 1
455 284 553 340 ίόδ

411 395 637 450 Ιηιιιιςιηει
665 392 734 450 de
762 407 864 464 qua
895 390 1130 446 nascitur
1159 388 1341 444 homo.
1383 407 1401 441 ι
1440 389 1552 442 lloe
1581 395 1661 444 est
1709 403 1838 459 ergo
1864 387 2005 458 quod

408 487 585 555 eloqui
620 494 844 540 conatus
866 497 926 538 es
954 500 968 536 :
997 482 1145 537 Sicut
1179 497 1285 535 nun
1319 483 1608 551 imputatur
1637 479 1799 534 homo
1834 479 2006 534 forni-

409 578 605 632 cationi
627 619 643 642 ,
685 576 778 632 sed
810 585 1016 630 natura:
1046 592 1059 629 :
1088 573 1158 629 ita
1188 583 1466 645 peceatum
1498 572 1638 642 quod
1669 573 1896 628 trahitur
1939 572 2010 629 de

410 672 720 741 parentibus
750 668 1020 739 legitimis.
1043 681 1150 722 non
1167 681 1289 722 esse
1314 665 1681 736 imputandum
1711 665 2002 732 connubio,

409 763 506 820 sed
540 771 742 817 natura:
783 760 1068 823 humanae,
1098 773 1257 829 quam
1287 758 1512 814 crimine
1553 757 1799 812 diabolus
1826 756 2011 813 infecit

410 855 653 924 antiquo.
702 852 760 908 In
799 851 1055 907 adulteris
1080 865 1208 921 ergo
1236 849 1459 919 culpasti
1490 849 1878 904 lascivientium
1907 863 2007 903 vo-

414 946 710 1009 luntatem;
742 942 837 998 sed
881 941 1109 997 laudasti
1158 940 1446 995 humanam
1494 949 1777 1005 naturam,
1805 939 1874 994 de
1901 955 2004 1010 qua

411 1039 576 1093 homo
604 1036 764 1092 etiam
818 1051 913 1106 per
939 1034 1150 1089 illicitos
1200 1032 1518 1089 concubitus
1558 1040 1908 1087 nasceretur:
1953 1032 2007 1086 in

411 1129 726 1202 parentibus
753 1137 932 1184 autem
979 1126 1228 1197 legitimis
1256 1125 1482 1181 laudasti
1516 1123 1843 1180 eonnubium
1868 1164 1885 1190 ,
1936 1122 2006 1180 de

410 1237 520 1292 quo
555 1237 660 1276 non
681 1219 816 1276 dicis
842 1219 1023 1274 venire
1049 1226 1322 1288 peccatum
1347 1234 1360 1282 ;
1392 1217 1488 1274 sed
1510 1216 1820 1288 vituperasti
1850 1221 2006 1292 natu-

412 1329 527 1367 mm
551 1353 565 1376 ,
597 1311 665 1367 de
691 1325 794 1380 qua
815 1310 951 1365 dicis
979 1309 1182 1372 infundi
1203 1311 1407 1365 crimen
1435 1307 1786 1365 horrendum.
1812 1307 2009 1378 Vigilet

415 1405 502 1459 hie
530 1417 658 1474 ergo
690 1403 856 1458 lector
887 1418 1058 1457 meus.
1093 1401 1149 1458 Si
1177 1411 1420 1456 naturam
1449 1401 1737 1456 humanam
1767 1401 1819 1456 in
1842 1399 2011 1456 forni-

413 1496 626 1550 catione
655 1493 973 1548 laudabilem
1023 1493 1312 1558 censuisti,
1343 1507 1464 1564 quae
1505 1507 1724 1549 causam
1768 1493 2010 1548 nascenti

411 1588 625 1657 ﬂagitiis
653 1586 959 1642 coeuntium
1001 1586 1332 1656 impollutam
1375 1587 1392 1618 ¹
1437 1585 1685 1651 fecisset;
1737 1585 2010 1656 quomodo

411 1680 551 1736 hanc
577 1681 744 1750 ipsam
777 1687 1020 1735 naturam
1047 1679 1100 1734 in
1126 1678 1382 1735 connubii
1421 1687 1574 1750 parte
1603 1678 1959 1748 reprehendis
1987 1719 2004 1746 ,

412 1788 571 1843 quam
597 1771 733 1826 dicis
762 1785 979 1826 causam
1001 1771 1229 1826 naturali
1253 1771 1464 1827 crimini
1486 1770 1838 1842 praestitisse?
1864 1770 2008 1842 Ergo

410 1879 518 1918 non
540 1863 756 1934 quidem
801 1863 1164 1929 connubium,
1208 1863 1306 1918 sed
1345 1872 1590 1918 naturam
1619 1862 1906 1918 humanam
1955 1873 2011 1918 et

409 1971 656 2026 magnum
681 1956 877 2010 bonum
899 1963 953 2010 et
974 1970 1226 2025 magnum
1249 1955 1446 2010 malum
1473 1969 1595 2010 esse
1627 1953 1900 2024 professus
1925 1969 2007 2011 es.

407 2045 541 2101 Nam
571 2046 697 2117 quid
723 2061 785 2102 ea
813 2046 1069 2116 nequius,
1097 2046 1140 2101 si
1181 2045 1388 2101 crimen
1429 2045 1709 2116 ingenuit?
1760 2045 1888 2116 quid
1916 2045 2012 2102 dc-

408 2137 740 2204 testabilius,
767 2139 812 2191 si
841 2152 872 2192 a
893 2137 1108 2192 diabolo
1134 2135 1478 2207 possidetur?
1501 2135 1635 2204 Quid
1659 2151 1788 2206 ergo
1814 2135 2012 2191 habeat

409 2231 543 2287 artis
594 2229 646 2286 in
687 2233 893 2286 semine
914 2269 932 2297 ,
963 2230 1076 2300 ipsa
1101 2229 1296 2286 viderit
1326 2247 1340 2283 :
1367 2229 1642 2300 qualitatis
1681 2230 1927 2296 interim,
1956 2231 2009 2287 in

409 2337 514 2391 qua
565 2323 764 2379 bonum
793 2337 954 2378 omne
978 2322 1060 2377 vel
1087 2322 1285 2377 malum
1309 2331 1425 2388 est,
1468 2321 1719 2392 pessimae
1761 2337 2010 2394 compro-

413 2415 573 2470 batur
593 2453 612 2480 ,
634 2414 678 2469 si
703 2422 758 2469 et
780 2414 892 2484 ipsa
917 2428 1030 2479 rea,
1052 2423 1108 2469 et
1131 2428 1399 2484 generans
1419 2425 1628 2480 reatus,
1651 2424 1706 2470 et
1731 2415 2010 2472 diabolicae

410 2505 746 2560 convincitur
776 2504 1073 2575 tyrannidis
1093 2505 1334 2561 satelles.
1359 2505 1549 2562 Merito
1577 2520 1706 2578 ergo
1732 2508 1802 2563 de
1827 2508 2013 2565 fructi-

410 2596 513 2651 bus
538 2595 650 2651 suis
673 2594 834 2650 debet
853 2595 1012 2650 arbor
1041 2595 1294 2665 agnosci,
1317 2605 1376 2650 nt
1400 2611 1520 2667 qu:e
1539 2611 1701 2653 causa
1727 2598 1852 2654 mali
1879 2607 1964 2655 est
1992 2640 2008 2666 ,

410 2687 552 2742 mala
568 2690 691 2757 jure
713 2686 918 2757 optimo
945 2687 1270 2743 nominetur.

488 2781 626 2835 Ana.
670 2774 900 2834 Causam
951 2777 1078 2832 mali
1153 2777 1426 2850 originalis
1467 2819 1486 2847 ,
1535 2794 1637 2835 nec
1683 2780 1996 2853 coniugium

414 2885 570 2936 esse,
600 2885 701 2926 nec
741 2869 1098 2938 adulterium,
1144 2871 1277 2928 satis
1303 2886 1392 2927 res
1420 2872 1534 2942 ipsa
1571 2873 1845 2929 declarat:
1877 2890 2013 2946 quo-

412 2965 592 3031 niam,
625 2965 680 3022 id
725 2963 870 3036 quod
920 2964 1122 3021 bonum
1152 2967 1316 3022 estin
1347 2975 1534 3022 natura
1583 2967 1853 3035 hominis,
1900 2969 2012 3024 Deo

411 3065 632 3113 creante
659 3071 722 3112 ex
742 3055 963 3112 homine
994 3056 1264 3124 nascitur;
1296 3065 1352 3112 et
1375 3057 1428 3113 id
1455 3057 1597 3128 quod
1627 3059 1824 3115 malum
1851 3057 2013 3116 habet

412 3157 632 3219 propter
675 3146 820 3218 quod
864 3148 1074 3205 renasci
1119 3147 1322 3215 debet,
1373 3165 1442 3206 ex
1491 3149 1708 3206 homine
1757 3150 2007 3206 trahitur.

411 3239 583 3296 Causa
601 3254 765 3312 porro
789 3239 950 3310 hujus
970 3238 1097 3295 mali
1131 3249 1246 3306 est,
1268 3239 1410 3312 quod
1440 3256 1530 3312 per
1567 3257 1727 3296 unum
1756 3241 2012 3296 hominem

413 3342 673 3403 peccatum
697 3333 902 3388 intravit
925 3332 981 3386 in
1017 3334 1259 3387 mundum
1281 3374 1298 3400 ,
1325 3342 1372 3387 ct
1417 3349 1506 3404 per
1531 3342 1792 3404 peccatur»
1832 3348 1969 3388 mors
1991 3347 2013 3397 ;

413 3433 459 3478 et
480 3423 551 3478 ita
576 3424 630 3478 in
658 3439 832 3478 omnes
860 3422 1088 3478 homines
1125 3423 1452 3494 pertransiit,
1482 3424 1536 3478 in
1558 3440 1658 3494 quo
1678 3439 1850 3479 omnes
1897 3440 2014 3495 pec-

413 3523 649 3568 cauerunt
675 3511 851 3587 (Rom.
881 3529 916 3567 v
939 3554 955 3582 ,
989 3511 1103 3584 η).
1147 3513 1204 3569 In
1243 3514 1437 3585 quibus
1476 3514 1719 3585 Apostoli
1740 3515 1920 3570 verbis
1959 3516 2012 3571 in

414 3605 574 3660 aliam
631 3604 953 3660 sententiam
998 3603 1414 3675 detorquendis,
1441 3613 1639 3676 quanta
1693 3604 2015 3676 loquacitate

415 3697 649 3753 inaniter
676 3697 1040 3763 laboraveris,
1077 3697 1261 3752 vident
1279 3697 1368 3768 qui
1403 3705 1490 3752 tua
1517 3705 1573 3754 et
1601 3706 1786 3754 nostra
1807 3698 2013 3754 intelli-

418 3799 608 3861 genter
637 3789 838 3862 legunt.
868 3789 1011 3858 Quid
1034 3798 1086 3845 te
1115 3789 1274 3860 igitur
1296 3789 1546 3860 adjuvat?
1571 3791 1756 3862 utquid
1793 3793 1893 3848 abs
1915 3801 1968 3847 te
1989 3833 2006 3858 ,

416 3896 622 3950 quaeso,
636 3888 1114 3937 commemoratum
1136 3889 1220 3935 est
1235 3881 1602 3951 evangelicum
1621 3881 2009 3948 testimonium,

417 3971 562 4041 quod
587 3970 738 4024 arbor
754 3970 885 4024 bona
913 3970 1068 4024 bonos
1087 3974 1284 4040 fructus
1303 3971 1428 4041 facit
1451 4011 1467 4036 ,
1496 3985 1619 4026 cum
1648 3981 1704 4026 tu
1727 3971 1797 4028 de
1821 3972 2011 4042 conju-

419 4061 525 4130 gali
554 4060 850 4130 loquereris
878 4059 1021 4114 bono
1043 4099 1059 4124 ,
1087 4059 1314 4129 ejusque
1340 4057 1544 4116 fruetus
1569 4061 1736 4118 velles
1759 4075 1880 4118 esse
1918 4062 2018 4117 ho-

421 4152 634 4215 mines;
683 4160 935 4221 tanquam
988 4148 1111 4205 ideo
1155 4148 1534 4207 demonstrans
1575 4165 1674 4208 eos
1705 4152 1825 4209 sine
1875 4153 2018 4210 malo

423 4243 611 4307 nasci,
641 4242 764 4314 quia
804 4241 1002 4298 bonum
1027 4250 1154 4297 sunt
1202 4242 1399 4312 nuptiae
1423 4284 1440 4310 ,
1465 4252 1524 4298 et
1557 4259 1660 4299 non
1685 4253 1848 4316 potest
1869 4245 2021 4301 arbor

424 4326 558 4388 bona
580 4337 779 4404 fructus
815 4332 978 4388 malos
1001 4331 1208 4402 facere;
1235 4347 1357 4388 cum
1398 4332 1647 4392 homines
1683 4345 1974 4393 nascuntur
1995 4339 2018 4372 ⁸

425 4441 492 4479 ex
525 4423 832 4480 hominibus
854 4463 872 4491 ,
899 4423 1013 4480 sive
1044 4439 1169 4479 cum
1211 4424 1458 4496 originali
1492 4441 1666 4493 noxa,
1707 4427 1851 4485 unde
1891 4424 2022 4487 dicit

424 4515 716 4588 Apostolus
735 4556 751 4584 ,
782 4513 979 4586 Corpus
1006 4526 1262 4570 mortuum
1280 4525 1354 4571 est
1391 4513 1596 4589 propter
1615 4529 1877 4589 peccatum
1907 4519 2020 4592 (Id.

427 4626 562 4675 vui,
593 4608 722 4679 i0);
760 4607 874 4664 sive
921 4606 1043 4664 sine
1086 4607 1191 4662 ulla
1224 4619 1399 4676 noxa,
1449 4617 1508 4664 ut
1553 4624 1650 4665 vos
1696 4611 2024 4670 contenditis

424 4713 614 4759 contra
644 4699 964 4773 Apostolum
983 4741 1000 4766 ,
1029 4713 1136 4756 non
1166 4707 1344 4756 tamen
1367 4715 1464 4770 per
1486 4700 1796 4772 conjugales
1831 4703 1979 4760 solos
2001 4745 2019 4771 ,

426 4809 614 4850 verum
637 4794 801 4850 etiam
830 4807 927 4864 per
951 4790 1270 4850 concubitus
1295 4789 1626 4863 impudicos;
1656 4803 1714 4848 et
1735 4793 2024 4866 aliquando

428 4888 538 4944 sint
560 4886 765 4943 sterilia
789 4885 1035 4958 conjugis
1054 4926 1071 4949 .
1104 4883 1333 4941 fecunda
1377 4884 1677 4942 adulteria?
1706 4884 1896 4943 Utrum
1927 4903 2026 4943 au-

430 4988 541 5034 tem
567 4977 826 5034 Dominus
850 4975 984 5031 duas
1003 4975 1307 5032 voluntates
1326 5016 1342 5043 ,
1367 4977 1510 5032 sicut
1533 4991 1632 5033 nos
1656 4976 1886 5034 dicimus
1905 5019 1922 5046 ,
1969 4978 2027 5036 in

433 5066 642 5123 duabus
668 5064 951 5123 arboribus
999 5065 1274 5122 insinuare
1299 5065 1568 5134 voluerit,
1597 5083 1757 5124 unam
1785 5068 1980 5124 bonam
2004 5111 2023 5136 ,

435 5174 541 5230 qua
588 5158 760 5213 bonus
787 5165 872 5213 est
895 5157 1095 5225 homo,
1129 5174 1254 5230 quae
1283 5171 1388 5214 non
1427 5166 1605 5228 potest
1641 5157 1821 5216 facere
1863 5175 2029 5231 opera

440 5251 582 5306 mala
606 5291 621 5314 ,
652 5248 706 5304 id
745 5257 863 5314 est,
907 5250 1110 5306 fruetus
1143 5250 1346 5315 malos;
1377 5250 1601 5305 alteram
1655 5251 1848 5307 malam
1872 5293 1888 5318 ,
1921 5267 2028 5323 qua

441 5335 617 5402 malus
633 5352 716 5399 est
739 5341 901 5397 homo
919 5384 936 5408 ,
959 5357 1090 5412 qua:
1116 5359 1220 5398 non
1245 5352 1422 5415 potest
1464 5343 1641 5400 facere
1661 5359 1821 5415 opera
1847 5345 1986 5402 bona
2008 5387 2027 5412 ,

443 5438 498 5493 id
521 5445 632 5504 est,
659 5433 865 5490 fruetus
885 5435 1084 5500 bonos;
1111 5449 1179 5490 an
1205 5437 1342 5491 sicut
1361 5444 1418 5492 tu
1440 5435 1576 5493 dicis
1597 5436 1665 5494 de
1700 5452 1761 5494 se
1797 5437 1914 5509 ipso
1937 5437 2032 5496 Ju-

510 5656 526 5686 ⁹
564 5654 714 5715 miti,
754 5651 1022 5715 impolluta.
1053 5651 1217 5705 Codex
1247 5659 1358 5704 mar.
1378 5691 1393 5718 ,
1422 5652 1734 5718 impollutam.

505 5719 528 5752 ι
552 5722 710 5779 ιτα-ιε,
723 5720 999 5767 nascantur.

1112 275 1360 333 OPERIS
1402 273 1814 331 IMPERFECTI
1850 271 2124 330 CONTRA
2166 273 2525 346 JULIANUM,
2559 277 2616 336 S.
2647 277 3024 337 AUGUSTINI

3571 289 3720 346 “56

2126 387 2256 444 daeis
2280 389 2378 444 ista
2410 390 2618 447 locutus
2651 393 2720 447 sit
2741 435 2758 459 ,
2790 394 2878 463 qui
2913 410 3075 451 nosse
3100 397 3321 465 volunt,
3360 399 3716 473 Evangelium

2120 473 2339 544 legunt,
2364 485 2414 529 te
2444 477 2716 548 negligunt
2746 479 2784 530 ³.
2820 479 3074 536 Dominus
3106 482 3248 536 enim
3278 499 3402 540 eum
3442 490 3717 547 cavendos

2117 583 2239 624 esse
2260 579 2616 636 monstraret,
2647 572 2738 642 qui
2765 575 3009 629 venirent
3047 576 3100 630 in
3130 577 3327 632 vestitu
3357 580 3537 634 ovium
3559 623 3575 646 ,
3627 582 3716 637 ln-

2119 661 2386 716 trinsecus
2406 671 2584 717 autem
2624 663 2735 732 lupi
2771 674 2956 720 essent
3000 681 3267 736 rapaces:
3296 669 3380 724 Ea:
3419 672 3667 742 fructibus
3689 715 3708 739 ,

2117 753 2324 822 inquit,
2350 770 2525 808 eorum
2567 756 2876 826 cognoscetis
2924 774 3028 813 eos.
3073 757 3341 830 Numquid
3376 763 3622 833 colligunt
3651 767 3720 820 de

2116 844 2280 913 spinis
2307 859 2432 900 uvas
2453 888 2469 912 ,
2500 855 2594 900 aut
2619 847 2682 900 de
2703 848 2903 903 tribulis
2918 849 3045 917 ﬁcus
3064 850 3090 904 Ρ
3115 849 3206 906 Sic
3227 854 3390 906 omnis
3413 856 3566 909 arbor
3583 856 3720 910 bona

2117 935 2314 1004 fructus
2356 938 2511 992 bonos
2550 939 2712 1010 facit;
2748 940 2888 994 mala
2925 951 3091 994 autem
3128 943 3280 997 arbor
3307 944 3506 1013 fructus
3551 949 3720 1001 ntalos

2117 1027 2260 1096 facit.
2285 1027 2407 1083 Non
2436 1039 2596 1100 potest
2616 1030 2766 1084 arbor
2792 1031 2921 1086 bona
2942 1036 3136 1104 fructus
3156 1034 3318 1090 malos
3347 1037 3530 1106 facere,
3557 1054 3720 1108 neque

2117 1118 2270 1173 arbor
2298 1121 2436 1174 mala
2475 1125 2672 1192 fructus
2701 1123 2855 1178 bonos
2892 1129 3060 1195 facere
3084 1124 3297 1200 (Matth.
3338 1142 3452 1195 vn,
3505 1130 3713 1201 16-18).

2118 1209 2188 1264 Et
2207 1211 2500 1266 secundum
2547 1212 2744 1268 Lucam
2776 1255 2792 1281 ,
2823 1230 2943 1270 cum
2989 1218 3280 1288 hypocrita:
3315 1231 3669 1291 arguerentur
3699 1265 3715 1286 ,

2115 1301 2241 1356 diue
2277 1305 2392 1358 istae
2412 1307 2634 1361 arbores
2659 1317 3099 1364 commemoratae
3138 1319 3293 1378 sunt,
3323 1321 3379 1367 et
3424 1328 3550 1369 mox
3599 1316 3714 1369 cvi-

2116 1393 2309 1450 denter
2335 1398 2616 1468 expositr,
2645 1400 3006 1470 subsequente
3034 1402 3263 1460 Domino
3290 1415 3450 1478 atque
3465 1408 3714 1465 dicente:

2117 1486 2297 1544 Bonus
2322 1491 2473 1544 Itomo
2500 1493 2562 1544 de
2581 1491 2711 1547 bono
2741 1494 2978 1549 thesauro
2998 1496 3164 1552 cordis
3187 1499 3267 1552 sui
3282 1504 3474 1571 profert
3494 1501 3676 1555 bonum
3697 1521 3718 1566 ;

2115 1589 2165 1634 et
2187 1580 2356 1635 malus
2383 1583 2532 1637 homo
2559 1581 2624 1637 de
2641 1585 2777 1639 malo
2807 1586 3002 1656 profert
3046 1587 3239 1643 malum
3265 1605 3285 1644 :
3309 1606 3374 1644 ea:
3400 1591 3716 1646 abundantia

2114 1673 2248 1726 enim
2267 1675 2436 1729 cordis
2456 1691 2512 1730 os
2553 1675 2776 1748 loquitur
2805 1677 2957 1750 (Luc.
2999 1696 3081 1748 γι,
3127 1681 3240 1753 45).
3264 1681 3366 1740 Uhi
3390 1694 3570 1740 autem
3597 1687 3671 1740 ait
3695 1729 3713 1753 ,

2113 1765 2217 1819 Aut
2241 1766 2396 1837 facile
2431 1766 2666 1822 arborem
2694 1768 2878 1824 bonam
2910 1781 2958 1825 et
2985 1771 3206 1840 fructum
3233 1775 3343 1842 ejus
3368 1776 3585 1844 bonum,
3625 1787 3719 1831 aut

2115 1855 2269 1924 facile
2296 1857 2527 1912 arborem
2549 1859 2742 1914 malam
2763 1870 2809 1914 et
2833 1861 3056 1931 fructum
3079 1864 3191 1935 ejus
3225 1867 3414 1921 malum
3462 1866 3625 1938 (quod
3658 1881 3718 1923 tn

2113 1963 2236 2004 eum
2265 1949 2334 2005 de
2358 1965 2418 2006 se
2437 1951 2555 2021 ipso
2581 1951 2784 2009 dixisse
2819 1955 3120 2029 opinaris),
3171 1957 3314 2015 unde
3346 1959 3541 2017 dixerit
3589 1976 3718 2018 mox

2113 2043 2364 2112 aperiens
2396 2061 2410 2100 :
2441 2043 2707 2114 Siquidm
2735 2062 2799 2101 ea:
2835 2041 3004 2119 fructu
3023 2090 3038 2114 ,
3069 2049 3279 2121 inquit,
3329 2053 3480 2107 arbor
3529 2071 3718 2125 cogno-

2114 2134 2296 2188 scitur.
2319 2133 2595 2206 Progenies
2619 2137 2908 2208 riperarum
2931 2181 2946 2204 ,
2970 2141 3225 2210 quomodo
3251 2143 3456 2212 potestis
3485 2145 3614 2198 bona
3635 2146 3720 2199 lo-

2114 2225 2203 2296 qui
2221 2267 2236 2290 ,
2266 2241 2383 2280 cum
2405 2227 2516 2282 sitis
2535 2228 2707 2282 mali?
2727 2245 2792 2283 ea:
2815 2229 3131 2285 abundantia
3162 2232 3295 2286 enim
3327 2234 3494 2288 cordis
3534 2251 3590 2289 os
3633 2237 3716 2289 Io-

2114 2318 2308 2386 quitur.
2336 2317 2509 2374 Bonus
2537 2319 2687 2374 homo
2722 2321 2786 2376 de
2813 2321 2943 2376 bono
2968 2323 3204 2378 thesauro
3233 2329 3427 2397 profert
3455 2326 3624 2393 bona;
3661 2337 3713 2382 et

2116 2410 2284 2464 malus
2312 2411 2462 2465 homo
2491 2411 2556 2466 de
2579 2412 2714 2466 malo
2741 2413 2977 2469 thesauro
2996 2419 3190 2486 profert
3216 2416 3351 2470 mala
3375 2416 3586 2487 (Matth.
3617 2435 3713 2486 xu,

2116 2500 2323 2571 33-55).
2359 2501 2594 2558 Videsne
2632 2511 2684 2557 te
2705 2503 2816 2558 falli
2836 2544 2852 2570 ,
2884 2520 2990 2559 non
3021 2507 3150 2562 me?
3177 2506 3313 2563 Redi
3343 2522 3472 2579 ergo
3500 2509 3566 2564 ad
3587 2525 3718 2564 eau-

2116 2604 2231 2645 sam
2273 2592 2454 2662 operis
2502 2593 2664 2660 mali,
2714 2604 2772 2650 et
2812 2595 3054 2652 invenies
3093 2597 3419 2655 voluntatem
3467 2601 3660 2656 malam
3693 2618 3712 2654 :

2116 2679 2232 2736 redi
2255 2681 2322 2736 ad
2341 2696 2556 2738 causam
2575 2685 2852 2756 originalis
2879 2687 3040 2756 mali,
3071 2697 3128 2744 et
3153 2690 3392 2746 invenies
3421 2692 3576 2762 primi
3610 2694 3716 2748 lio-

2117 2771 2276 2827 minis
2317 2772 2646 2831 voluntatem
2689 2776 2920 2846 malam,
2977 2787 3031 2836 et
3075 2793 3141 2836 ea
3183 2781 3419 2837 vitiatam
3466 2793 3717 2840 naturam

2119 2860 2339 2917 bonam.

2188 2949 2356 3008 XXII.
2383 2953 2505 3009 Jun.
2530 2954 2731 3012 Verum
2777 2956 2894 3014 haec
2921 2958 3224 3030 loquimur,
3272 2970 3332 3018 ut
3370 2961 3491 3020 fidei
3521 2973 3718 3021 vestra:

2115 3043 2237 3112 quis
2255 3043 2327 3099 sit
2350 3043 2474 3100 ﬁnis
2499 3047 2781 3103 ostendam
2812 3065 2827 3103 :
2859 3058 3116 3106 cartorum
3146 3052 3277 3108 illud
3329 3053 3708 3111 inconcussum

2115 3131 2291 3200 valet,
2319 3134 2464 3204 quod
2492 3135 2947 3206 disputationibus
2975 3140 3406 3209 praecedentibus
3434 3143 3718 3202 fundatum

2115 3232 2238 3292 est,
2269 3239 2370 3281 nec
2393 3226 2680 3298 quidquam
2707 3228 2906 3283 malum
2946 3244 3068 3286 esse
3085 3271 3101 3293 ,
3151 3240 3348 3302 praeter
3365 3247 3502 3304 opus
3520 3235 3718 3290 volun-

2117 3315 2242 3371 tatis
2255 3315 2398 3387 quod
2416 3317 2620 3386 justitia
2642 3318 2888 3389 prohibet
2910 3322 3302 3392 perpetrantis;
3329 3338 3429 3379 nec
3454 3325 3593 3396 quod
3621 3341 3721 3381 na-

2117 3407 2290 3463 turale
2332 3415 2452 3474 est,
2480 3423 2641 3480 posse
2687 3409 2888 3466 malum
2929 3412 3196 3468 convinci.
3240 3413 3418 3470 Manet
3443 3431 3572 3486 ergo
3597 3415 3718 3472 lucc

2118 3496 2436 3554 inconcussa
2459 3499 2624 3555 turris
2646 3539 2663 3566 ,
2692 3499 2762 3556 de
2805 3501 2960 3572 cujus
2981 3502 3128 3558 edito
3155 3503 3432 3561 latrocinia
3470 3506 3718 3564 diverso-

2117 3605 2237 3645 rum
2269 3591 2648 3662 propulsantur
2667 3607 2930 3649 errorum.

2191 3685 2326 3739 Ana.
2358 3682 2495 3749 Quid
2520 3693 2604 3739 est
2627 3685 2770 3755 quod
2795 3685 2966 3752 dicis;
3017 3695 3110 3742 aut
3131 3701 3251 3759 quas
3280 3697 3405 3745 sunt
3445 3698 3549 3747 tua:
3573 3705 3719 3761 prae-

2118 3773 2374 3831 cedentes
2397 3775 2790 3846 disputationes
2808 3820 2824 3844 ,
2855 3777 2960 3834 nisi
2989 3779 3380 3850 loquacissimae
3405 3786 3668 3841 vanitates
3691 3786 3720 3840 ?

2119 3868 2258 3936 Quid
2286 3878 2370 3925 est
2393 3870 2537 3941 quod
2582 3871 2718 3926 dicis
2741 3913 2757 3937 ,
2808 3890 2829 3924 s
2863 3887 2963 3929 nec
2999 3873 3288 3945 quidquam
3320 3876 3518 3932 malum
3546 3893 3668 3934 esse
3696 3919 3713 3942 .

2121 3971 2318 4031 praeter
2345 3976 2481 4032 opus
2505 3962 2801 4019 voluntatis
2826 3963 2969 4034 quod
2991 3965 3196 4036 justitia
3226 3968 3474 4038 prohibet
3520 3985 3715 4040 perpe-

2123 4054 2352 4109 trantis?
2389 4073 2409 4108 ι
2442 4055 2582 4126 Ergo
2613 4055 2725 4127 ipsa
2753 4057 3003 4115 voluntas
3033 4059 3171 4114 mala
3200 4075 3307 4116 non
3335 4071 3420 4118 est
3471 4063 3667 4117 malum
3698 4105 3715 4128 ,

2121 4145 2167 4199 si
2194 4160 2302 4200 non
2341 4153 2427 4202 est
2451 4145 2740 4218 quidquam
2767 4148 2968 4205 malum
3015 4148 3117 4206 nisi
3169 4164 3306 4220 opus
3341 4151 3496 4221 ejus?
3533 4151 3719 4223 Neque

2122 4238 2267 4293 enim
2287 4247 2370 4294 est
2393 4251 2730 4309 consequens
2748 4278 2764 4305 ,
2793 4249 2851 4294 ut
2878 4241 3018 4296 mala
3049 4241 3301 4297 voluntas
3329 4241 3524 4298 haheat
3551 4245 3715 4298 etiam

2092 4401 2093 4404 η
2124 4329 2465 4402 perpetrandi
2490 4329 2672 4401 operis
2696 4330 3003 4387 facultatem
3031 4348 3046 4386 :
3075 4347 3142 4388 ac
3167 4347 3264 4403 per
3285 4331 3388 4388 hoc
3421 4343 3474 4389 te
3499 4342 3720 4390 auctore

2124 4437 2235 4477 non
2254 4423 2360 4478 erit
2390 4421 2587 4477 malum
2615 4421 2851 4478 hominis
2887 4423 3029 4479 male
3051 4424 3190 4480 velle
3207 4465 3225 4492 ,
3252 4424 3468 4495 quando
3493 4441 3595 4479 nun
3625 4441 3721 4495 po-

2125 4523 2231 4571 test
2266 4513 2466 4572 facere.
2493 4514 2625 4584 Quis
2650 4515 2806 4571 istam
2832 4515 2970 4572 ferat
2993 4516 3352 4584 insipientiam
3377 4559 3390 4583 ,
3426 4519 3512 4573 vel
3545 4519 3722 4587 potius

2125 4605 2455 4662 amentiam?
2476 4606 2574 4664 Ubi
2596 4606 2758 4662 etiam
2805 4607 3054 4678 ponimus
3071 4648 3088 4674 ,
3115 4609 3239 4678 quia
3268 4609 3316 4663 si
3362 4623 3469 4664 non
3493 4618 3577 4664 est
3601 4625 3720 4664 ma-

2128 4697 2240 4753 lum
2289 4697 2618 4769 quidquam,
2671 4698 2774 4754 nisi
2837 4714 2975 4771 opus
2998 4700 3287 4756 voluntatis
3341 4701 3483 4772 quod
3515 4702 3722 4773 justitia

2127 4791 2379 4863 prohibet
2406 4792 2795 4862 perpetrantis;
2843 4807 2951 4847 non
2988 4800 3148 4848 erunt
3194 4793 3331 4848 mala
3371 4808 3724 4865 quacumque

2128 4883 2376 4940 homines
2404 4883 2650 4939 nolentes
2677 4883 2794 4940 sive
2830 4891 3026 4955 agunt,
3077 4884 3191 4940 sive
3225 4886 3506 4956 patiuntur
3544 4901 3560 4940 :
3610 4901 3722 4941 non

2129 4976 2236 5033 erit
2266 4975 2466 5032 malum
2487 4975 2632 5045 quod
2660 4975 2856 5030 clamat
2899 4976 3220 5047 Apostolus,
3259 4975 3385 5030 Non
3427 4977 3560 5031 enim
3587 4978 3728 5047 quod

2129 5066 2246 5122 uolo
2264 5107 2280 5133 ,
2307 5065 2444 5138 facio
2489 5065 2707 5129 bonum;
2734 5066 2825 5120 sed
2872 5066 3008 5134 quod
3055 5064 3174 5122 nolo
3203 5068 3394 5121 malum
3418 5109 3436 5136 ,
3488 5069 3584 5123 hoc
3627 5086 3728 5140 ago

2135 5157 2310 5232 (Rom.
2346 5174 2452 5224 vn.
2504 5157 2595 5228 i9)
2629 5176 2642 5214 :
2675 5174 2782 5214 non
2834 5159 2938 5214 erit
2979 5159 3181 5214 malum
3224 5160 3542 5230 supplicium
3587 5161 3728 5232 ignis

2132 5249 2317 5305 aeterni
2333 5289 2349 5317 ,
2380 5249 2469 5304 ubi
2495 5249 2599 5304 erit
2627 5247 2784 5304 ﬂetus
2807 5258 2860 5303 et
2885 5249 3087 5304 stridor
3109 5249 3346 5306 dentium
3373 5249 3590 5321 (Matth.
3607 5268 3721 5320 vni,

2135 5342 2250 5412 12);
2293 5341 2417 5413 quia
2447 5341 2499 5396 id
2526 5340 2714 5397 volens
2745 5355 2906 5397 nemo
2933 5342 3196 5410 patietur,
3237 5352 3292 5400 et
3314 5359 3421 5399 non
3463 5354 3546 5400 est
3591 5361 3731 5416 opus

2135 5431 2424 5488 voluntatis
2437 5431 2577 5501 quod
2592 5430 2794 5501 justitia
2809 5432 3052 5502 prohibet
3067 5435 3438 5503 perpetrantis,
3457 5435 3552 5491 sed
3571 5451 3730 5505 poma

2137 5522 2388 5581 nolentis.
2412 5510 2637 5591 Quando
2662 5523 2762 5579 ista
2799 5537 3040 5594 sapores,
3060 5524 3106 5580 si
3123 5540 3229 5580 non
3249 5527 3562 5583 mirabiliter
3586 5528 3731 5585 desi-

2217 5715 2234 5748 ¹
2259 5718 2412 5783 Editi,
2436 5727 2484 5772 α
2516 5702 2779 5784 negligant.
2806 5717 3131 5770 Emendantur
3156 5733 3220 5772 ex
3243 5723 3601 5785 manuscriptls.
