4150 6498
436 440 568 494 {-357

431 575 587 631 percs
609 562 649 625 ',
676 562 759 616 vel
792 562 965 630 potius
986 564 1249 618 insanires
1267 564 1290 618 τ
1311 562 1448 632 Quid
1468 570 1550 617 est
1588 560 1748 618 etiam
1769 556 1909 628 quod
1942 555 2021 612 di-

427 654 525 720 cis,
555 673 575 705 ‹
610 669 711 712 nec
725 655 865 724 quod
895 655 1135 710 naturale
1153 666 1257 722 est,
1280 656 1477 709 nmium
1503 669 1658 724 posse
1683 649 1976 707 convinci?
1997 669 2015 702 ι

429 744 575 800 Itane
594 759 719 801 vero
741 746 826 815 (ut
872 745 1276 800 innumerabilia
1323 745 1583 802 naturalia
1624 745 1750 799 vitia
1774 743 2021 814 corporis

426 835 654 909 taceam)
682 837 878 896 malum
899 853 1006 893 non
1025 847 1109 894 est
1131 838 1366 894 surditas
1392 838 1678 904 naturalis,
1701 853 1822 910 quae
1846 838 2018 908 ipsam

423 944 667 1000 quoque,
689 943 756 986 ex
779 945 882 1000 qua
905 930 1083 1001 justus
1109 930 1239 989 vivit
1261 929 1462 1002 (Colat.
1488 946 1546 988 ιιι
1571 971 1586 995 ,
1616 930 1706 998 Η)
1727 971 1742 995 ,
1797 929 2020 1000 impedit

425 1021 586 1077 tidem
607 1064 622 1086 ,
652 1023 904 1094 quoniam
935 1024 1069 1080 fides
1095 1039 1163 1080 ex
1209 1025 1396 1080 auditu
1435 1031 1523 1080 est
1569 1021 1750 1095 (Rom.
1777 1039 1847 1089 x,
1877 1021 1968 1092 l7)
1993 1021 2019 1076 ἲ

421 1111 529 1166 Sed
559 1126 683 1176 vos,
717 1112 820 1167 nisi
865 1113 1011 1168 surdi
1039 1113 1182 1170 intus
1216 1116 1439 1179 essetis,
1467 1112 1728 1183 Apostolo
1754 1112 1967 1169 dicente
1996 1152 2013 1178 ,

425 1200 641 1257 Fuimus
667 1203 798 1257 enim
826 1213 876 1259 et
914 1221 1006 1260 nos
1028 1205 1328 1261 naturaliter
1347 1206 1444 1276 ﬁlii
1465 1206 1588 1270 ira,
1613 1205 1743 1262 sicut
1765 1214 1814 1260 et
1839 1204 2017 1280 exteri

420 1292 642 1365 (Ephes.
668 1311 704 1350 ιι
723 1336 738 1354 .
756 1295 852 1365 3);
882 1297 1063 1354 cordis
1081 1298 1302 1355 auribus
1330 1297 1611 1354 audiretis.
1655 1297 1764 1354 Sed
1808 1296 2015 1370 pergite

418 1387 592 1444 adhuc
611 1429 627 1454 ,
655 1398 710 1444 et
727 1389 980 1447 cordibus
1002 1392 1163 1448 caecis
1183 1391 1470 1462 snrdisqne
1495 1392 1725 1448 clamate
1749 1435 1765 1460 ,
1791 1391 1909 1448 Non
1929 1401 2014 1448 est

418 1480 617 1534 malum
644 1482 956 1538 naturaliter
983 1497 1104 1538 esse
1141 1483 1458 1539 obliviosum
1479 1525 1496 1550 ,
1540 1484 1860 1540 naturaliter
1888 1498 2012 1540 esse

416 1571 704 1628 obtunsum
726 1615 743 1639 ,
794 1577 1106 1632 naturaliter
1131 1591 1252 1632 esse
1294 1577 1606 1633 iracundum
1627 1619 1644 1646 ,
1699 1578 2014 1636 naturaliter

414 1676 538 1719 esse
593 1664 954 1722 libidinosum.
995 1666 1104 1724 Cur
1129 1669 1272 1724 enim
1323 1685 1430 1726 non
1483 1671 1658 1728 securi
1710 1670 1856 1726 fatua
1911 1670 2011 1726 ista

414 1753 579 1810 verba
593 1754 840 1826 jactatis,
870 1758 1064 1828 quibus
1097 1761 1294 1816 malum
1342 1777 1448 1817 non
1478 1772 1562 1820 est
1585 1763 1748 1819 etiam
1769 1763 1882 1834 ipsa
1925 1762 2010 1820 fa-

415 1847 577 1903 tuitas
616 1850 916 1907 naturalis?
961 1851 1137 1922 Usque
1159 1853 1297 1911 adeo
1321 1855 1517 1926 quippe
1548 1871 1709 1916 omne
1750 1855 2010 1928 originale

413 1939 612 1996 malum
671 1943 920 2000 meritum
979 1956 1275 2016 negantes,
1328 1959 1520 2005 cuncta
1566 1950 1824 2006 naturalia
1882 1951 2007 2006 vitia

413 2029 630 2088 laudare
657 2035 942 2105 cogimini,
993 2047 1052 2093 ut
1090 2054 1194 2095 non
1221 2040 1393 2096 solum
1418 2056 1647 2112 corpore
1690 2041 1962 2098 deformes
1987 2083 2004 2110 ,

411 2121 653 2188 debiles,
685 2136 1162 2200 monstruososque
1183 2131 1320 2187 fetus
1344 2172 1359 2196 ,
1390 2147 1574 2188 verum
1603 2134 1764 2189 etiam
1796 2133 1968 2189 fatuos
1987 2173 2003 2200 ,

411 2215 456 2268 si
488 2232 646 2270 nemo
695 2217 767 2273 ibi
817 2230 1120 2288 peccasset,
1149 2231 1435 2280 exorturos
1462 2225 1515 2280 in
1543 2225 1792 2294 paradiso
1841 2227 2006 2282 fuisse

389 2304 633 2373 dicatis;
663 2308 790 2364 dum
822 2319 1000 2366 tamen
1034 2313 1338 2384 pudendam
1385 2325 1694 2386 susceptam
1723 2324 1958 2372 vestram
1987 2358 2003 2384 ,

409 2413 516 2466 qua
545 2414 672 2458 caro
696 2403 1028 2472 concupiscit
1073 2405 1335 2462 adversus
1359 2407 1603 2477 spiritum
1626 2449 1644 2476 ,
1675 2408 1818 2464 inter
1861 2407 2003 2465 deli-

409 2489 518 2544 cias
547 2490 648 2546 loci
678 2492 821 2549 illius
847 2494 1140 2552 beatissimi
1169 2498 1466 2554 collocetis.

483 2583 672 2639 XXIII.
710 2585 830 2641 Jun.
876 2587 1071 2644 Verum
1102 2606 1268 2658 nunc,
1291 2592 1433 2662 quod
1459 2591 1610 2648 locus
1639 2591 1825 2664 exigit,
1859 2593 2003 2650 inse-

407 2691 653 2744 quamur.
697 2679 932 2749 Apparet
975 2689 1049 2749 te,
1093 2683 1438 2741 subtilissime
1474 2685 1792 2756 disputator,
1842 2701 2001 2742 unam

403 2768 756 2839 eamdemque
795 2787 932 2836 rem,
967 2782 1209 2830 naturam
1235 2777 1442 2833 scilicet
1469 2775 1758 2834 humanam
1794 2777 2002 2849 magnis

404 2857 661 2916 extulisse
697 2859 964 2927 laudibus,
1009 2863 1106 2920 sed
1155 2865 1446 2934 majoribus
1482 2869 1782 2926 maculasse
1819 2871 2002 2928 crimi-

405 2946 563 3002 nibus
592 2966 606 3000 :
638 2951 780 3018 quod
807 2952 946 3008 sicut
977 2969 1084 3008 uno
1108 2963 1369 3026 tempore,
1395 2974 1504 3016 uno
1527 2975 1696 3030 opere
1708 2963 1753 3027 ¹,
1785 2977 2001 3033 unoque

401 3039 631 3094 consilio
657 3042 872 3098 evenire
908 3044 1068 3100 simul
1095 3061 1200 3101 non
1229 3057 1439 3117 potest;
1469 3050 1541 3106 ita
1577 3053 1714 3108 ratio
1739 3054 1999 3114 naturalis

405 3145 740 3200 nequaquam
770 3134 913 3205 capit
958 3133 1095 3204 haec,
1135 3140 1221 3193 vel
1241 3139 1342 3195 sub
1377 3139 1768 3200 alternatione'
1788 3152 2000 3205 contra-

375 3219 480 3274 .ria
503 3261 516 3285 ,
559 3221 655 3276 sed
713 3239 820 3278 uno
861 3241 1078 3296 semper
1105 3229 1284 3299 plena,
1321 3231 1373 3287 id
1415 3241 1518 3300 est,
1551 3235 1820 3292 taxatione
1845 3236 1996 3307 boni,

402 3325 673 3382 nunquam
705 3325 924 3386 propter
940 3321 1162 3387 malum,
1183 3323 1324 3392 quod
1355 3323 1472 3394 ejus
1492 3325 1731 3383 instituta
1752 3337 1997 3398 peracto-

403 3402 478 3458 ris
517 3405 598 3459 sui
641 3421 747 3462 non
789 3409 1006 3478 capiunt
1033 3410 1400 3483 dignitatem‘,
1437 3417 1539 3472 nisi
1581 3432 1613 3473 a
1640 3419 1996 3489 pollutissimo

400 3493 813 3553 Manichaeorum
837 3499 1000 3557 dente
1024 3503 1320 3564 mordetur.
1349 3506 1458 3562 Sed
1481 3509 1587 3565 hoc
1613 3512 1846 3581 expleto,
1867 3512 1995 3570 illud

401 3584 632 3656 inquiro,
659 3603 794 3658 quos
822 3599 979 3660 putes
1018 3595 1271 3659 connubii
1309 3598 1485 3657 fumos
1509 3603 1834 3672 sequendos.
1860 3604 1992 3662 Nam

399 3673 446 3730 si
487 3678 814 3742 connubium
851 3681 1033 3742 fateris
1058 3700 1165 3742 non
1195 3703 1316 3747 esse
1356 3705 1575 3748 causam
1604 3692 1856 3764 hominis,
1896 3697 1993 3754 sed

400 3777 674 3838 naturaet;
719 3778 918 3844 peccati
953 3793 1168 3850 quoque
1205 3796 1422 3840 causam
1469 3801 1578 3842 non
1623 3803 1743 3845 esse
1782 3805 1992 3847 connu-

399 3859 568 3928 bium,
593 3864 689 3920 sed
726 3874 1004 3935 naturam;
1049 3871 1153 3928 hoc
1174 3875 1523 3944 connubium,
1553 3880 1640 3935 cui
1667 3881 1877 3940 laudem
1905 3885 1992 3940 da-

399 3950 515 4016 bas,
550 3962 720 4016 totum
752 3973 972 4028 prorsus
996 3965 1233 4020 evanuit.
1254 3966 1353 4024 Cui
1381 3983 1512 4041 ergo
1540 3972 1618 4026 rei
1646 3973 1988 4042 adscribitur,

396 4044 442 4098 si
479 4062 578 4102 nec
619 4050 742 4106 mali
787 4053 884 4118 tui,
927 4069 1026 4110 nec
1058 4056 1185 4114 boni
1226 4060 1332 4115 mei
1371 4076 1532 4118 causa
1571 4067 1692 4122 est?
1717 4066 1774 4123 Si
1806 4067 1876 4122 ab
1903 4068 1994 4124 ho-

395 4147 601 4204 nestate
634 4144 886 4200 connubii
913 4145 1183 4205 hominem
1221 4154 1534 4223 submoves,
1574 4173 1643 4214 ne
1669 4174 1792 4215 eum
1826 4162 1989 4218 etiam

361 4275 368 4281 .
395 4230 730 4290 fornicationi
761 4241 970 4308 cogaris
1009 4242 1344 4312 adscribere;
1372 4263 1404 4302 a
1434 4253 1757 4309 necessitate
1783 4270 1988 4312 connu-

392 4321 465 4378 bii
497 4339 774 4392 peccatum
814 4348 1176 4403 removes,-ne
1200 4341 1413 4410 nuptias
1436 4341 1694 4402 damnare
1719 4348 1984 4418 videaris;

389 4413 518 4482 quid
541 4421 800 4502 remansit
825 4422 982 4481 laude
1004 4426 1223 4498 dignum
1262 4431 1314 4486 in
1355 4437 1693 4500 possessione
1718 4413 1988 4513 conjugii‘l

389 4503 500 4558 Cur
530 4506 658 4562 illud
687 4511 844 4566 times
868 4515 1066 4572 violare
1093 4535 1362 4586 sermone,
1393 4527 1538 4593 quod
1563 4529 1776 4585 admota
1801 4503 1987 4604 dispu-

389 4595 593 4653 tatione
618 4597 856 4658 funditus
879 4606 1172 4664 subruisti?
1211 4613 1373 4682 Cujus
1413 4631 1544 4686 ergo
1581 4621 1658 4674 rei
1682 4637 1840 4678 causa
1863 4595 1984 4682 esse

388 4684 616 4756 dicetur,
665 4691 711 4745 si
751 4708 852 4748 nec
893 4696 1035 4752 malo
1082 4715 1182 4755 nec
1214 4702 1358 4759 bono
1401 4684 1681 4778 participat
1713 4715 1983 4770 naturali?

388 4777 528 4833 Nihil
564 4797 692 4852 ergo
713 4782 823 4852 jam
854 4788 965 4857 agit
1003 4789 1055 4846 in
1096 4791 1258 4848 rebus
1301 4795 1548 4853 humanis
1589 4777 1784 4859 nomen
1817 4803 1983 4861 bone-

326 4943 330 4948 .
387 4879 602 4942 Stasque
628 4875 898 4946 conjugii?
925 4879 1030 4936 Sed
1062 4885 1296 4953 attgeris,
1327 4896 1383 4943 et
1413 4887 1547 4944 dure
1571 4891 1785 4961 quidem
1813 4913 1827 4950 :
1855 4897 1982 4952 sub-

389 4964 706 5028 veniendum
751 4979 835 5026 est
879 4971 1038 5042 igitur
1073 4977 1269 5032 anhelo
1314 4982 1452 5036 seni.
1506 4983 1784 5041 Remansit
1835 4991 1978 5058 quod

383 5055 579 5115 οἰόθι-ιι
611 5061 804 5126 possis,
837 5063 956 5120 sine
982 5082 1090 5135 quo
1116 5077 1291 5124 tamen
1333 5070 1463 5127 nihil
1494 5075 1637 5132 aliud
1663 5077 1930 5136 invenitur
1959 5100 1974 5138 :

345 5133 353 5147 ’
385 5145 640 5204 videlicet
667 5159 724 5204 ut
751 5151 900 5208 dicas
937 5133 1039 5212 hoc
1066 5160 1390 5216 connubium
1432 5173 1576 5221 stare
1612 5183 1711 5238 pro
1740 5170 1973 5240 foribus,

384 5247 441 5290 ut
479 5238 546 5292 ad
573 5242 901 5312 voluptatem
940 5252 1248 5308 coeuntium
1283 5255 1484 5312 nullam
1522 5259 1870 5335 obscenitatis
1898 5238 1976 5320 ra;

383 5345 526 5392 mam
569 5338 840 5402 permittat
877 5340 1103 5411 irruere,
1151 5347 1249 5404 sed
1298 5363 1400 5405 suo
1440 5352 1594 5408 titulo
1641 5355 1714 5411 illi
1761 5361 1976 5431 negotio

385 5421 721 5485 honestatem
767 5431 1002 5490 vindicet
1039 5446 1092 5492 et
1133 5439 1413 5508 pudorem.
1459 5444 1589 5502 Sine
1634 5464 1796 5507 causa
1829 5421 1974 5524 ergo

385 5517 637 5572 connubii
669 5519 830 5576 Iidem
871 5523 1095 5581 subdola
1131 5543 1477 5604 corrumpere
1515 5537 1672 5597 laude
1709 5517 1969 5607 voluisti:

443 5673 464 5757 ξ
496 5673 846 5757 ξὲςθιῃςριιτλ
928 5693 1023 5732 non
1042 5680 1382 5741 niserabiliter
1397 5691 1658 5757 desiperes.

445 5733 465 5801 ξ
500 5741 628 5801 Mss,
653 5737 737 5788 nni
757 5733 913 5801 operi.

446 5795 466 5877 ξ
490 5797 696 5877 uss.
847 5817 982 5877 vero.
1009 5805 1366 5877 ετιζηιζιενηιιιὶο.

443 5853 464 5888 ⁸
487 5863 645 5924 Fate,
667 5875 754 5925 per
776 5853 987 5920 auctoris
1008 5853 1086 5920 iui
1096 5853 1383 5938 dignitatem
1403 5887 1497 5929 non
1519 5879 1732 5946 rapiunt.

1792 434 1994 492 LIBER
2030 433 2347 500 QUINTUS.

2145 5461 2462 5538 .vignierius
2505 5472 2683 5538 et__tts.
2707 5467 2850 5538 ειεξιτ,
2884 5469 3010 5538 milli
3045 5485 3097 5538 es
3131 5471 3348 5538 infestus,

3581 460 3719 518 1458

2128 555 2256 608 milli
2298 564 2382 612 est
2421 557 2681 626 infestius,
2728 577 2890 632 quam
2915 565 3008 620 tibi
3029 567 3066 620 ".
3101 566 3214 623 Vos
3247 571 3468 626 omnino
3498 584 3714 643 protur-

2126 645 2271 712 bat',
2303 664 2402 706 nec
2438 651 2503 704 ad
2550 652 2926 711 lacerationem
2961 661 3358 718 commixtionis
3393 665 3573 721 tutelae
3602 683 3718 726 sua:

2109 739 2383 808 creditae,
2436 743 2847 803 Manichaeorum
2893 751 3098 822 linguas
3153 755 3411 824 permittit
3457 758 3713 828 irrepere.

2125 829 2353 896 Habent.
2386 835 2576 906 inquit,
2608 852 2707 893 suo
2732 839 2982 911 degmate
3006 843 3165 915 digna
3195 847 3488 920 meritoria,
3518 849 3572 906 in
3599 852 3717 920 qni~

2122 924 2223 982 bus
2262 929 2539 984 nocturnis
2585 929 2731 986 horis
2771 935 3129 1003 expleantur:
3160 937 3304 993 illam
3351 941 3717 996 verecundan-

2123 1018 2254 1074 tium
2285 1021 2645 1090 voluptatem'
2683 1027 2934 1083 connubii
2976 1038 3192 1085 tuentur
3233 1033 3492 1100 excubias,
3523 1050 3716 1092 arcen-

2120 1119 2207 1166 tur
2230 1112 2478 1181 crimina,
2520 1126 2574 1172 et
2601 1115 2774 1174 honor
2797 1118 3092 1177 honestatis
3120 1123 3419 1182 admittitur
3445 1145 3460 1182 :
3493 1129 3712 1198 privile-

2117 1201 2204 1272 gia
2231 1204 2333 1259 sibi
2358 1205 2427 1261 ab
2455 1206 2712 1277 Apostolo
2732 1225 2990 1268 concessa
3011 1212 3341 1271 defendunt"
3367 1217 3717 1277 honorabiles

2107 1297 2332 1367 nuptias
2375 1307 2430 1356 et
2471 1301 2656 1356 thoros
2697 1302 3103 1373 immaculatos;
3153 1307 3504 1368 fornicatores
3531 1324 3710 1370 autem

2115 1400 2173 1448 et
2195 1392 2467 1452 adulteros
2497 1395 2762 1464 judicabit
2804 1399 3161 1472 Deus(Hebr.
3201 1420 3317 1472 xnt,
3361 1405 3439 1478 4).
3483 1406 3585 1465 Ubi
3628 1421 3713 1467 est

2116 1498 2246 1555 ergo
2275 1486 2565 1543 criminosa
2603 1491 2935 1559 commixtio,
2976 1495 3020 1548 si
3048 1496 3260 1566 negotio
3284 1497 3403 1570 ejus
3435 1510 3597 1572 atque
3624 1517 3711 1559 se-

2114 1584 2265 1630 creto
2285 1578 2572 1636 auctoritas
2597 1583 2872 1650 connubii,
2893 1585 3034 1656 quod
3058 1586 3338 1658 laudabas,
3363 1591 3713 1663 obsequitur?-

2186 1667 2322 1724 Aue.
2364 1668 2441 1724 Tu
2465 1671 2704 1742 quidem,
2734 1683 2792 1730 ut
2828 1691 2894 1731 ex
2924 1676 3184 1736 fructibus
3209 1681 3321 1737 suis
3346 1686 3596 1755 cognosci
3623 1703 3710 1742 ar-
3772 1737 3778 1745 .

2113 1756 2301 1813 borem
2321 1758 2546 1828 diceres,
2574 1779 2680 1820 non
2711 1774 2914 1822 uatum
2943 1767 3046 1824 hoc
3070 1773 3433 1842 evangelicum
3465 1777 3707 1834 testimo-

2113 1847 2292 1916 nium,
2314 1850 2408 1906 sed
2452 1854 2650 1923 nuptiis
2689 1857 2950 1926 prolicere
2975 1861 3209 1920 voluisti.
3237 1863 3370 1920 Nam
3412 1875 3499 1922 tua
3541 1870 3704 1926 verba

2111 1937 2212 1994 ista
2241 1951 2366 1996 sunt
2395 1960 2407 1996 :
2446 1961 2464 1995 t
2495 1944 2551 2000 Si
2574 1960 2703 2018 ergo
2725 1948 2974 2017 trahitur,
3002 1971 3022 2004 ι
3055 1953 3250 2024 inquis,
3283 1975 3303 2010 ι
3331 1965 3386 2013 et
3410 1957 3481 2014 de
3505 1961 3705 2030 nuptiis

2109 2030 2374 2102 originale
2417 2037 2642 2106 malum,
2686 2053 2848 2097 causa
2879 2044 3002 2100 mali
3046 2055 3130 2101 est
3172 2052 3458 2106 conventio
3491 2056 3701 2124 nuptia-

2110 2137 2252 2191 rum,
2279 2134 2334 2181 et
2366 2142 2592 2186 necesse
2631 2141 2718 2187 est
2745 2135 2942 2191 malum
2975 2153 3097 2195 esse
3123 2157 3218 2210 per
3243 2143 3388 2212 quod
3415 2155 3467 2200 et
3494 2162 3564 2201 ex
3593 2164 3702 2218 quo

2108 2215 2284 2270 malus
2311 2216 2514 2276 fructus
2538 2229 2816 2311 apparuit,
2845 2228 3055 2287 dicente
3085 2232 3309 2292 Domino
3353 2237 3406 2292 in
3455 2215 3699 2311 Evange-

2108 2304 2201 2372 lio,
2250 2305 2334 2363 Ea:
2373 2309 2621 2380 fructibus
2654 2317 2759 2370 suis
2787 2319 2939 2374 arbor
2978 2325 3288 2394 agnoscitur.
3339 2304 3638 2395 Quomodo,
3675 2350 3702 2384 ι-

2107 2399 2305 2470 inquis,
2338 2421 2358 2455 ι
2392 2412 2447 2458 ιιι
2485 2408 2784 2466 audiendus
2815 2414 3037 2481 putaris,
3066 2417 3156 2486 qui
3182 2417 3316 2474 dicis
3343 2421 3540 2476 bonum
3582 2439 3703 2480 esse

2106 2493 2436 2564 ceujugium,
2482 2497 2552 2554 de
2575 2515 2682 2569 quo
2709 2503 2843 2558 nihil
2887 2506 3030 2562 aliud
3058 2523 3219 2580 quam
3258 2511 3456 2568 malum
3488 2515 3704 2584 prodire

2107 2582 2344 2641 deﬁnisl
2369 2588 2590 2644 Constat
2612 2591 2787 2662 igitur,
2827 2613 2846 2648 ι
2879 2595 3076 2668 inquis,
3113 2618 3132 2651 ι
3163 2616 3253 2658 rea
3273 2617 3396 2662 esse
3432 2582 3698 2676 conjugis.

2105 2673 2151 2728 si
2184 2685 2460 2746 peccatum
2498 2679 2623 2738 inde
2649 2684 2910 2755 originale
2935 2688 3237 2760 deducitur,
3286 2710 3392 2750 nec
3426 2673 3702 2767 possede-

2106 2764 2272 2836 fendi,
2299 2769 2403 2826 nisi
2449 2770 2655 2830 fructus
2692 2792 2882 2834 eorum
2923 2780 3182 2839 innocens
3217 2764 3543 2856 approbetur
3569 2809 3582 2845 :
3607 2791 3700 2846 de-

2103 2857 2394 2918 fenduntur
2408 2874 2609 2931 autem,
2637 2877 2695 2924 et
2718 2869 2856 2925 bona
2884 2877 3298 2944 pronuntiantur
3326 2897 3340 2936 :
3376 2880 3578 2937 fructus
3599 2884 3700 2954 igi-

2105 2955 2192 3003 tur
2230 2952 2558 3020 approbatur
2592 2956 2872 3016 innocuus.
2908 2979 2930 3014 ι
2985 2962 3188 3035 Nempe
3233 2967 3318 3023 his
3372 2971 3554 3026 verbis
3593 2952 3704 3028 tuis

2102 3040 2234 3096 satis
2258 3041 2464 3098 clarum
2494 3054 2598 3114 est,
2635 3049 2883 3106 arborem
2910 3060 2964 3108 te
2990 3054 3209 3127 intelligi
3247 3059 3478 3116 voluisse
3506 3063 3699 3131 conju-

2101 3130 2270 3201 gium,
2299 3143 2354 3189 et
2376 3133 2576 3192 fructus
2602 3139 2810 3196 arboris
2829 3157 2925 3199 eos
2944 3142 3084 3201 fetus
3107 3146 3196 3216 qui
3232 3149 3516 3221 conjugum
3543 3130 3696 3208 com-

2101 3225 2360 3284 mixtione
2413 3242 2725 3290 nascuntur.
2774 3234 2883 3292 Sed
2929 3238 3054 3308 quia
3101 3239 3227 3296 hinc
3274 3244 3482 3300 ratione
3527 3249 3699 3302 mani-

2079 3318 2388 3392 festissima
2413 3325 2664 3384 exclusus
2689 3342 2770 3396 es,
2819 3341 2873 3387 et
2900 3347 2965 3387 ex
3000 3333 3257 3391 adulteris
3279 3338 3422 3392 enim
3456 3340 3588 3396 tales
3614 3341 3695 3399 fe-

2048 3413 2073 3432 '
2103 3421 2188 3468 tus
2214 3414 2463 3472 oriuntur
2490 3436 2506 3474 :
2532 3419 2598 3474 ad
2628 3432 2872 3478 naturam
2906 3427 3099 3495 putasti
3129 3443 3250 3484 esse
3280 3428 3614 3501 fugiendum,
3641 3434 3699 3490 in

2081 3505 2252 3578 .cujus
2277 3508 2558 3567 altitudine
2579 3513 2819 3570 latitares
2841 3533 2856 3582 ;
2875 3517 2944 3571 de
2964 3534 3068 3588 qua
3099 3535 3206 3574 non
3235 3521 3453 3592 agebas,
3481 3525 3695 3594 quando

2099 3608 2319 3670 propter
2353 3603 2603 3659 connubii
2632 3604 2830 3660 bonum
2858 3605 3167 3680 fructusque
3195 3611 3314 3681 ejus
3343 3614 3514 3669 bonos
3538 3616 3696 3672 simi-

2097 3691 2379 3750 litudinem
2419 3695 2628 3752 arboris
2656 3700 2980 3770 evangelica:
3025 3717 3200 3759 caecus
3236 3705 3551 3764 adhibebas.
3586 3709 3693 3765 De-

2095 3780 2259 3839 fende
2301 3801 2430 3857 ergo
2470 3798 2715 3844 naturam
2744 3800 2930 3845 contra
2967 3793 3228 3865 originale
3258 3806 3535 3864 peccatum
3563 3816 3576 3852 :
3601 3817 3692 3858 rc-

2099 3874 2282 3946 linque
2302 3877 2571 3950 conjugia,
2600 3880 2771 3950 ipsam
2800 3881 2889 3937 die
2916 3883 3109 3939 bonam
3136 3886 3405 3955 arborem,
3425 3891 3546 3960 quia
3573 3893 3694 3950 sive

2095 3965 2166 4022 de
2194 3966 2480 4038 conjugiis,
2509 3969 2621 4026 sive
2650 3970 2719 4026 de
2737 3972 3036 4043 adulteriis,
3069 3976 3182 4046 ipsa
3212 3979 3378 4050 gignit
3407 3981 3690 4051 homines;

2094 4074 2234 4129 quos
2271 4061 2391 4116 ideo
2427 4061 2563 4118 dicis
2589 4063 2792 4122 fructus
2827 4066 2997 4125 bonos
3039 4071 3248 4128 arboris
3275 4073 3449 4142 bona},
3482 4093 3551 4134 ne
3587 4079 3691 4133 ali-

2094 4169 2254 4223 quem
2296 4164 2500 4210 reatum
2540 4172 2605 4212 ex
2646 4160 2850 4230 origine
2876 4161 3163 4231 depravata
3195 4167 3488 4224 credantur
3527 4188 3691 4241 gene-

2066 4247 2301 4308 ratione
2335 4249 2582 4317 traxisse,
2619 4255 3024 4322 regeneratione
3056 4257 3406 4326 solvendum;
3437 4280 3504 4320 ne
3542 4264 3688 4321 indi-

2091 4349 2252 4409 geant
2290 4341 2573 4409 salvatore,
2609 4360 2678 4400 ne
2712 4345 2765 4400 in
2794 4348 3146 4405 remissione"
3185 4365 3523 4422 peccatorum
3567 4358 3689 4414 fuso

2091 4432 2350 4503 sanguine
2378 4433 2728 4490 redimantur.
2763 4437 2875 4507 Age
2916 4439 3013 4494 ista
3056 4450 3114 4496 ut
3139 4441 3483 4502 detestandns
3510 4448 3686 4504 haere-

2091 4523 2229 4577 ticus
2256 4541 2270 4578 :
2301 4521 2463 4594 imple
2486 4525 2790 4595 paradisum
2826 4529 2939 4595 Dei,
2961 4532 3169 4588 etiamsi
3201 4551 3361 4593 nemo
3386 4551 3681 4609 peccasset,

2090 4615 2398 4670 libidinibus
2427 4618 2943 4686 concupiscentiam,
2985 4626 3367 4682 cermminibus
3401 4639 3586 4684 contra
3621 4631 3684 4683 li-

2088 4705 2296 4760 bidines
2333 4704 2724 4772 dimicantium,
2770 4708 3046 4767 doloribus
3077 4718 3508 4784 parturientium,
3542 4720 3683 4775 ﬂeti-

2087 4795 2186 4849 bus
2213 4795 2554 4865 vagientium,
2601 4799 2802 4856 morbis
2831 4801 3218 4872 languentium,
3249 4806 3525 4865 funeribus
3563 4828 3682 4868 mo-
3777 4860 3785 4867 .

2061 4886 2361 4953 .rientiuin,
2390 4903 2623 4946 maerore
2653 4893 2969 4958 lugentium.
2999 4895 3090 4952 Sic
3115 4913 3234 4968 age,
3269 4899 3373 4956 hoc
3400 4911 3451 4958 te
3480 4903 3677 4968 decet;

2087 4978 2222 5034 tales
2265 4980 2428 5046 enim,
2478 4995 2531 5038 te
2577 4992 2820 5052 auctore,
2859 4989 3255 5060 subsequuntur
3296 5009 3468 5063 poena:
3505 4996 3679 5056 bonos

2085 5072 2286 5129 fructus
2339 5075 2549 5131 arboris
2593 5078 2766 5145 bonne,
2805 5091 2860 5136 et
2909 5083 3182 5140 insinuant
3225 5087 3531 5156 paradisum
3581 5091 3676 5149 de-

2083 5165 2349 5234 liciarum,
2396 5168 2492 5224 sed
2522 5169 2948 5240 Pelagianorum.
2981 5174 3117 5242 Quin
3148 5178 3310 5234 etiam
3355 5197 3530 5237 meam
3561 5184 3674 5238 dis—-

2051 5257 2414 5327 putationem
2459 5259 2768 5317 dialecticus
2811 5274 2996 5320 acutus
3025 5267 3236 5334 irrides,
3269 5271 3476 5338 dicens,
3510 5291 3671 5335 unam

2079 5347 2433 5417 eamdemque
2478 5366 2614 5419 rem,
2657 5363 2898 5409 naturam
2930 5357 3171 5414 videlicet
3218 5361 3531 5434 humanam,
3567 5385 3672 5426 ma-

2078 5521 2501 5604 Melius'iorte_us.
2511 5602 2519 5604 Α
2546 5533 2678 5604 agar?
2702 5521 2913 5583 nullis.“
3376 5521 3669 5600 33365112}

2076 5597 2128 5635 es
2141 5582 2362 5653 infestus,
2379 5599 2532 5653 quam
2543 5588 2668 5653 tibi]

2140 5647 2160 5724 ξ
2185 5647 2326 5724 gilii,
2343 5647 2612 5724 perturbat.
2638 5647 2800 5724 Aptius
2823 5665 2903 5708 Ms.
2939 5658 3080 5720 clar.,
3103 5661 3369 5724 proturbat.

2047 5762 2050 5769 ς
2139 5707 2794 5788 tamtamen.“
2921 5707 3384 5788 m&.;fuzz.;;,z.;g;;,

2076 5832 2122 5897 re
2125 5767 2276 5882 $133.
2305 5767 2445 5823 Ῥοιι.
2461 5806 2477 5833 ,
2516 5767 2786 5842 privilegio,
2810 5767 2901 5834 sibi
2923 5767 3534 5849 ‘éb"2hb?t%73hcem
3568 5788 3652 5838 dc-

2145 5893 2168 5928 ι
2200 5899 2357 5958 Forte,
2383 5893 2431 5947 in
2455 5897 2797 5954 remissionem.

3375 5491 3545 5542 (ptum,
3564 5479 3666 5532 tibi.
3763 5481 3765 5483 ’
