4150 6530
469 475 495 539 1
511 470 610 528 ιδο
897 501 940 560 ρ

468 585 585 660 gnis
617 582 874 649 extulisse
901 597 989 638 me
1016 581 1290 650 laudibus,
1323 583 1418 639 sed
1451 582 1744 653 majoribus
1767 582 2066 638 maculasse

471 673 806 750 criminibus.
860 674 972 744 Ego
1011 689 1138 730 vero
1166 689 1273 730 non
1305 673 1650 730 Aristotelem
1690 672 1774 729 vel
1804 665 2068 747 Chrysip-

473 785 620 835 pum,
663 767 832 823 multo
878 768 1054 822 minus
1081 783 1276 822 vanum
1311 782 1435 822 cum
1475 781 1570 821 sua
1617 765 1936 836 loquacitate
1967 764 2065 820 Ju-

470 862 692 925 liantttn,
737 859 1047 930 magistrum
1088 855 1328 914 delector
1359 857 1589 922 habere;
1634 856 1728 912 sed
1769 854 2064 920 Christum,

469 954 560 1022 qui
591 951 829 1022 profecto
859 953 958 1006 nisi
997 953 1180 1007 natura
1229 952 1458 1018 humana
1499 967 1748 1021 magnum
1793 959 1936 1006 esset
1964 949 2065 1008 bo-

472 1059 619 1107 num,
650 1058 756 1098 non
788 1058 885 1113 pro
920 1042 1198 1098 illahomo
1229 1043 1399 1108 fieret,
1424 1058 1545 1097 cum
1581 1043 1722 1098 Deus
1757 1051 1936 1108 esset;
1966 1040 2067 1097 nisi

470 1150 668 1204 magno
712 1133 916 1204 peccati
944 1133 1086 1187 tnalo
1115 1143 1320 1187 mortua
1360 1141 1524 1200 esset,
1553 1147 1662 1187 nun
1707 1147 1807 1202 pro
1835 1131 1926 1186 illa
1954 1145 2071 1186 mo-

470 1235 703 1292 reretur,
721 1225 851 1280 cum
875 1226 990 1281 sine
1019 1235 1236 1296 peccato
1273 1226 1387 1295 ipse
1417 1225 1650 1281 venisset
1675 1233 1736 1279 et
1762 1224 2066 1281 mansisset.

475 1317 681 1372 ltursus
727 1327 926 1383 tamen,
971 1319 1120 1388 quasi
1161 1307 1266 1372 non
1299 1318 1391 1372 tibi
1441 1328 1630 1372 natura
1669 1315 1903 1372 humana
1951 1315 2067 1371 suf-

475 1411 638 1477 ficiat,
687 1408 808 1482 qua:
860 1410 979 1466 talis
1015 1407 1082 1467 de
1117 1411 1395 1476 adulteris,
1438 1411 1610 1481 qualis
1647 1410 1716 1466 de
1755 1409 2072 1481 conjugibus

475 1503 730 1569 nascitur,
775 1503 846 1558 de
893 1504 1130 1558 bonitate
1171 1518 1268 1557 nos
1318 1513 1471 1573 putas
1512 1501 1781 1573 urgendus
1817 1517 1938 1556 esse
1968 1517 2070 1556 nu-

474 1593 724 1660 ptiarum,
756 1587 1006 1663 qua-reus
1031 1593 1159 1664 quid
1203 1603 1364 1664 agant
1393 1595 1444 1648 in
1492 1594 1655 1649 rebus
1702 1593 1972 1660 humanis,
2024 1593 2071 1648 si

475 1699 650 1753 neque
695 1684 894 1739 malum
934 1684 1065 1755 ipsis
1107 1685 1477 1755 imputandum
1527 1694 1631 1748 est,
1684 1683 1826 1755 quod
1859 1700 1962 1739 nou
2003 1683 2072 1741 de

475 1777 604 1843 iliis,
647 1775 741 1832 sed
782 1775 851 1832 de
888 1776 1071 1831 vitiata
1118 1793 1212 1848 per
1241 1788 1520 1848 peceatum
1560 1777 1766 1847 origine
1808 1776 2069 1843 trahitur;

474 1883 649 1937 neque
677 1869 898 1932 bonum,
926 1871 1050 1939 quia
1097 1869 1261 1924 homo
1304 1869 1468 1925 etiam
1495 1869 1564 1925 de
1611 1869 1871 1926 adulteris
1900 1869 2074 1924 nasci-

475 1952 580 2015 tur.
618 1961 686 2015 Et
710 1957 832 2032 quia
856 1961 1194 2019 honestatem
1223 1953 1479 2018 connubii
1506 1979 1536 2018 a
1558 1963 1876 2018 concubitus
1905 1963 2073 2018 illiciti

477 2054 806 2124 turpitudine
830 2056 1130 2112 invenimus
1159 2045 1280 2113 esse
1308 2057 1616 2122 discretam,
1649 2057 1773 2113 hinc
1799 2057 2075 2114 existimas

474 2145 687 2213 Cuttfici,
721 2144 924 2201 nullum
968 2148 1227 2218 originale
1270 2149 1470 2204 malum
1517 2149 1654 2204 trahi
1695 2149 1764 2205 de
1805 2148 2074 2220 coniugali

474 2239 792 2307 concubitu;
841 2257 946 2296 non
1010 2235 1241 2308 intuens,
1298 2243 1440 2313 quod
1489 2243 1536 2299 si
1573 2242 1826 2298 connubii
1877 2243 2073 2297 bonum

477 2345 640 2386 causa
664 2341 810 2387 esset
853 2347 922 2387 ne
961 2334 1160 2392 malum
1203 2335 1500 2402 traherent,
1545 2334 1638 2405 qui
1664 2334 1732 2389 de
1758 2335 2075 2405 conjugibus

478 2436 829 2504 nascerentur
854 2441 869 2490 ;
901 2420 1144 2496 profecto
1162 2427 1411 2485 adulterii
1437 2414 1634 2482 malum
1663 2442 1824 2483 causa
1848 2437 1991 2484 esset
2020 2437 2078 2483 ut

483 2505 682 2570 malum
718 2515 1014 2585 traherent,
1052 2509 1143 2588 qui
1172 2517 1242 2573 de
1284 2519 1543 2574 adulteris
1573 2527 1940 2575 nascerentur.
1973 2519 2078 2574 lla-

482 2609 610 2664 bent
637 2607 797 2678 igitur
826 2609 878 2664 in
917 2609 1081 2666 rebus
1109 2610 1356 2666 humanis
1389 2609 1674 2666 honestum
1715 2611 1888 2667 locum
1919 2627 2077 2667 suum

483 2700 705 2769 nuptiaé,
747 2715 854 2755 non
890 2709 947 2755 ut
987 2701 1233 2757 homines
1281 2713 1589 2771 nascantur,
1638 2702 1728 2773 qui
1773 2703 1874 2760 etsi
1930 2703 2078 2758 nulla

484 2791 788 2860 nuptiarum
821 2792 961 2864 lege,
991 2795 1221 2849 naturali
1269 2811 1364 2850 usu
1407 2796 1604 2864 passim
1647 2810 1815 2851 sexus
1857 2805 2080 2868 uterque

482 2885 887 2954 concumberet,
929 2887 1112 2958 utique
1153 2899 1531 2955 nascerentur;
1583 2887 1678 2944 scd
1727 2897 1788 2944 ut
1833 2889 2079 2946 ordinata

483 2977 866 3048 propagatione
919 2987 1246 3046 nascantur;
1303 2990 1359 3036 et
1404 2981 1860 3052 quemadmodum
1925 2991 2080 3052 partu

483 3079 644 3129 certa:
681 3079 804 3125 sunt
833 3083 1054 3138 matres,
1087 3071 1156 3127 ita
1204 3071 1310 3128 fide
1335 3071 1568 3145 conjugii
1610 3072 1910 3139 habeantur
1945 3073 2082 3130 certi

476 3169 537 3213 et
563 3169 744 3230 patres
773 3179 787 3215 :
821 3169 876 3218 et
909 3153 978 3219 ne
1004 3171 1092 3217 tua
1120 3163 1368 3234 pudenda
1396 3173 1646 3235 suscepta
1686 3180 1781 3239 per
1817 3164 2085 3235 quaslibet

483 3253 710 3310 feminas
741 3265 888 3312 tanto
916 3257 1146 3328 turpius,
1184 3247 1384 3328 quanto
1427 3257 1644 3313 liberius
1671 3267 1944 3328 evagetur.
1973 3257 2083 3315 Sed

487 3364 594 3410 non
626 3343 758 3419 quia
786 3336 871 3406 ‘de
915 3349 1115 3421 nup‘tiis
1154 3361 1306 3406 certo
1343 3351 1589 3422 genitore
1631 3349 1792 3407 homo
1822 3351 2081 3419 nascitur,

486 3437 610 3514 ideo
631 3457 737 3497 non
766 3439 969 3514 indiget
994 3443 1262 3500 salvatore
1299 3421 1395 3514 per
1421 3433 1579 3515 quem
1608 3443 1941 3510 renascatur,
1967 3451 2028 3500 ut
2052 3421 2104 3500 δ’

484 3533 630 3589 malo
663 3536 820 3590 cum‘
850 3551 959 3607 quo
998 3538 1257 3602 nassitur,
1298 3535 1572 3593 liberetur.
1615 3536 1730 3593 Non
1769 3548 1852 3592 est
1893 3520 2077 3607 itaque

486 3625 540 3679 in
561 3626 962 3692 connu‘biis,'ut
1002 3643 1101 3684 nos
1144 3627 1326 3684 dicere
1380 3628 1749 3696 calumniaris,
1796 3628 2084 3683 criminosa

485 3713 833 3776 cemmixtio:
863 3720 958 3776 sed
1010 3721 1130 3776 ideo
1166 3720 1430 3776 laudanda
1473 3730 1558 3776 est
1593 3719 1879 3792 conjugum
1923 3720 2086 3775 casti-

486 3817 590 3874 tas,
631 3810 753 3880 quia
793 3809 906 3866 sola
934 3820 1114 3896 potest
1146 3810 1288 3878 bene
1330 3812 1406 3867 uti
1439 3812 1601 3878 malo,
1639 3812 1781 3884 quod
1820 3823 1875 3867 tu
1904 3810 2085 3875 defor-

487 3902 647 3956 tniter
673 3901 877 3956 laudas.

561 3989 752 4045 XXIV.
792 3991 913 4051 11.1..
956 3992 1048 4048 llis
1069 3991 1228 4063 igitur
1246 3993 1503 4049 absolutis
1523 3994 1608 4050 vel
1639 3993 1879 4050 breviter
1901 4003 2086 4050 osten-

491 4081 638 4146 dam,
657 4097 816 4151 quam
842 4076 1106 4154 iaceas-in
1135 4080 1402 4155 profundo
1431 4084 1767 4156 ignorantite,
1785 4084 1876 4156 qui
1906 4084 2088 4143 hacte-

495 4187 592 4228 nus
629 4173 1013 4230 subtilissimus
1055 4186 1110 4230 et
1146 4167 1489 4231 acutissimus
1519 4176 1806 4232 habebare.
1854 4176 1999 4232 Dicis
2036 4185 2088 4234 te

493 4270 698 4320 natura:
727 4265 1034 4323 adscribere
1056 4268 1284 4335 crimen,
1325 4267 1468 4339 quod
1497 4269 1687 4325 transit
1726 4268 1780 4324 itt
1822 4268 2086 4336 sobolem,

495 4361 602 4415 neu
648 4367 827 4415 tamen
871 4360 925 4416 in
973 4361 1408 4432 nuptiis’:sicut
1445 4378 1478 4417 e
1520 4358 1770 4432 regione,
1811 4361 2088 4416 hominum

494 4465 702 4508 natura}
743 4453 1000 4524 applicas,
1035 4471 1140 4508 non
1179 4446 1400 4526 flagitio.
1434 4455 1501 4511 Et
1543 4455 1664 4510 ideo
1680 4445 1850 4526 fingis
1879 4445 1940 4511 te
1968 4454 2090 4525 qui-

495 4545 618 4600 dem
669 4545 884 4601 laudare
931 4545 1276 4612 connubium,
1331 4561 1399 4602 ne
1438 4556 1624 4617 aperte
1671 4545 2091 4617 deprehendat-is

495 4635 853 4702 Ilanichmus;
903 4636 999 4693 sed
1047 4639 1318 4708 vituperas
1365 4647 1633 4702 naturam,
1672 4637 1758 4692 cui
1795 4645 1848 4692 et
1890 4637 2090 4692 malum

494 4728 692 4794 inesse,
723 4738 775 4785 et
804 4729 873 4785 de
905 4733 1007 4800 qua
1035 4724 1312 4800 prepagari
1339 4731 1536 4784 malum
1565 4728 1767 4784 fateris.
1811 4728 2090 4799 Nunquam

496 4820 658 4891 igitur
685 4821 869 4877 audire
911 4822 1126 4892 potuiSti
1151 4813 1526 4890 disputationis
1566 4821 1776 4891 regulas
1817 4830 1873 4876 et
1913 4821 2092 4876 sanis-

494 4912 645 4968 sima":
667 4913 956 4969 constituta
997 4913 1262 4968 rationis?
1292 4911 1348 4968 In
1375 4914 1624 4971 omnibus
1654 4914 1796 4969 enim
1827 4907 2092 4986 praedica-

495 5004 692 5060 mentis
714 5005 833 5074 plus
856 5005 1251 5074 amplectuntur
1273 5020 1492 5076 genera,
1519 5013 1679 5076 quam
1701 5005 1942 5075 species;
1971 5003 2095 5060 inde

495 5104 678 5152 autem
722 5098 882 5153 etiam
931 5099 1065 5155 fiunt
1116 5109 1314 5172 genera
1350 5100 1658 5155 subalterna
1701 5099 1867 5168 :‘plus
1913 5107 2094 5154 autem

497 5191 730 5263 species,
755 5206 916 5262 quam
945 5191 1147 5260 atomi;
1179 5203 1412 5264 suntque
1437 5191 1632 5264 genera
1659 5192 1856 5261 quibus
1885 5192 2096 5262 species

497 5281 861 5346 continentur,
903 5283 1112 5353 species
1151 5290 1341 5339 autem
1373 5285 1635 5354 speciales
1661 5282 1856 5353 quibus
1894 5282 2093 5337 indivi-

498 5373 604 5429 dua
648 5372 1057 5430 concluduntur.
1096 5372 1362 5430 Minorum
1409 5380 1540 5447 ergo
1585 5375 1878 5444 quassatio,
1928 5361 2098 5444 supeé

499 5466 642 5524 riura
677 5480 786 5521 non
813 5465 1018 5536 quatit;
1059 5467 1335 5537 superiora
1359 5483 1488 5522 vero
1513 5467 1726 5523 casibus
1750 5467 1864 5522 suis
1891 5466 2093 5534 omnia,

498 5574 622 5631 qua
656 5559 1172 5641 complectebantur,
1212 5559 1507 5627 involvunt.
1557 5548 1714 5624 Verbi
1741 5554 1929 5640 gratia,
1975 5557 2099 5644 ani-'

581 5744 589 5772 ι
619 5737 916 5805 vignieritts,
926 5743 980 5792 ut
1013 5752 1046 5790 a
1066 5737 1196 5790 malo
1215 5751 1309 5805 quo
1329 5737 1564 5802 nascitur;
1587 5736 1872 5798 addidimus,
1885 5747 2013 5797 cum,
2033 5747 2100 5786 ex

499 5800 600 5852 Ide
620 5800 1074 5865 manuscriptorum.
1229 5800 1250 5833 '-

569 5865 591 5895 ³
622 5862 784 5935 codex
810 5857 959 5935 Fort...
997 5877 1090 5916 non
1124 5870 1282 5917 tamen
1326 5860 1376 5914 in
1401 5861 1607 5926 nuptias.
1647 5869 1784 5912 Forte
1810 5857 2098 5924 legendum,

508 5936 603 5976 non
626 5931 783 5978 tamen
804 5931 1000 5994 nuptiis.
1345 5949 1382 5955 ·ί
1485 5951 1489 5958 ι
1597 5947 1600 5950 ⁴
1729 5946 1732 5948 ·

1145 466 1392 544 OPERIS
1428 466 1841 526 IMPERFECTI
1881 467 2155 526 CONTRA
2191 466 2551 535 JULMNUM.
2591 471 2648 529 S.
2689 469 3060 530 AUGUSTI'SI

3638 466 3781 525 M60

2175 581 2282 637 mal
2307 597 2476 651 genus
2507 593 2590 638 est
2617 600 2630 636 :
2661 583 2756 638 sed
2788 583 3064 640 latitudine
3091 596 3202 638 suae
3244 583 3652 656 significationis
3685 582 3776 640 di-

2173 689 2357 729 versas
2399 677 2606 744 species
2643 675 3067 746 comprehendit,
3099 675 3304 732 scilicet
3330 676 3585 745 hominis,
3623 681 3772 749 equi,

2176 765 2347 831 bovis,
2390 775 2494 822 etc.
2524 766 2580 822 Si
2609 781 2737 837 ergo
2777 775 2962 837 pereat
3009 782 3112 824 una
3153 768 3382 837 species,
3427 784 3600 839 genus
3643 770 3775 825 illud

2176 873 2283 912 non
2313 858 2476 912 sentit
2501 857 2718 913 exitium
2751 876 2765 913 :
2795 857 2879 914 fac
2904 859 3045 913 enim
3073 867 3132 914 ut
3171 859 3240 914 de
3264 859 3446 926 rebus,
3477 860 3636 916 boum
3678 877 3777 915 na-

2177 961 2294 1004 tura
2323 949 2572 1017 deficiat;
2599 964 2768 1020 genus
2805 951 3056 1005 nimirum
3099 953 3477 1021 interemptum
3515 967 3622 1006 non
3663 961 3772 1016 est,

2176 1032 2401 1096 aliorum
2435 1037 2740 1096 animalium
2766 1052 3114 1112 permanente
3151 1051 3357 1097 natura.
3389 1043 3456 1098 At
3485 1053 3694 1108 contra,
3721 1041 3770 1096 si

2176 1132 2280 1187 hoc
2321 1129 2483 1204 quod
2514 1143 2597 1188 est
2637 1125 2862 1200 animal,
2912 1133 3185 1188 auferatur
3225 1133 3294 1189 de
3340 1135 3527 1198 rebus;
3579 1148 3774 1188 omnes

2177 1223 2295 1278 sine
2317 1223 2480 1278 dubio
2505 1225 2733 1294 species,
2765 1239 2885 1295 qua:
2931 1220 3034 1280 hoc
3059 1240 3258 1295 genere
3287 1225 3769 1294 concludebantur,

2177 1315 2484 1374 intereunt:
2511 1317 2654 1373 nulla
2695 1307 2836 1372 enim
2877 1317 3179 1374 remanebit
3215 1308 3423 1388 species
3457 1317 3768 1388 animantis,

2179 1409 2392 1465 animali
2435 1412 2643 1480 penitus
2672 1412 3010 1481 interempto.
3060 1411 3136 1467 Ea
3177 1426 3308 1482 ergo
3333 1426 3452 1482 quae
3495 1412 3773 1488 superiora

2179 1513 2324 1566 sunt,
2357 1513 2582 1559 eventus
2609 1518 2736 1558 suos
2755 1514 2915 1575 atque
2947 1503 3135 1560 merita
3161 1493 3460 1574 Speciebus,
3491 1517 3626 1574 quas
3655 1485 3776 1568 am?

2181 1597 2503 1666 plectuntur,
2545 1597 2854 1667 impertiant
2885 1615 2898 1650 :
2924 1611 3030 1651 non
3061 1606 3237 1652 tamen
3268 1595 3518 1661 recurrit,
3566 1605 3623 1651 ut
3647 1585 3776 1666 spe-

2179 1689 2385 1744 cierum
2446 1703 2664 1744 suarum
2713 1689 2865 1759 quasi
2915 1688 3368 1744 necessitudinum
3423 1687 3775 1759 quarumdam

2181 1775 2528 1835 varietatibus
2558 1788 2945 1850 permutentur.
2977 1780 3152 1850 thue
3174 1779 3240 1834 ad
3269 1795 3488 1834 causam
3512 1765 3781 1862 referatur

2181 1872 2484 1941 exemplum
2527 1890 2542 1926 :
2586 1881 2790 1930 natura:
2833 1871 3078 1926 humanae
3115 1865 3439 1943 generalitas
3484 1872 3778 1927 institutio-

2181 1964 2346 2018 num‘
2375 1963 2509 2018 infra
2557 1979 2618 2032 se
2661 1965 2952 2018 locatarum
2997 1979 3169 2034 genus
3206 1961 3471 2034 quoddam
3518 1972 3633 2028 est;
3664 1964 3781 2019 ineo

2181 2054 2329 2109 velut
2365 2054 2572 2124 species
2600 2054 2782 2120 habet,
2813 2055 2866 2109 in
2910 2056 3036 2116 situ,
3073 2055 3125 2110 in
3171 2054 3448 2120 membris,
3481 2053 3532 2106 in
3572 2053 3782 2108 ordini-

2186 2145 2305 2213 bus,
2348 2147 2401 2201 in
2432 2147 2686 2212 motibus,
2715 2146 2797 2202 vel
2827 2147 2946 2202 aliis
2991 2147 3044 2202 id
3087 2161 3273 2218 genus.
3303 2145 3621 2214 Qualitatem
3649 2160 3782 2215 ergo

2183 2252 2333 2293 suam
2353 2239 2602 2294 omnibus
2621 2237 2911 2310 suppositis
2937 2238 3220 2308 speciebus
3246 2237 3487 2308 impertit
3516 2253 3529 2290 :
3563 2251 3672 2291 non
3701 2246 3783 2290 ta-

2184 2347 2306 2385 men
2336 2331 2716 2386 obnoxiaretur
2753 2331 2896 2394 suii,
2929 2338 2986 2385 ut
3025 2329 3292 2384 minorum
3322 2343 3351 2382 a
3389 2343 3450 2383 se
3475 2342 3655 2382 rerum
3688 2342 3783 2396 pe,-

2184 2422 2367 2479 riculis
2402 2423 2709 2478 misceatur.
2742 2422 2800 2488 Si
2828 2438 2958 2493 ergo
2995 2430 3186 2478 natura
3211 2422 3564 2491 vituperetur,
3603 2409 3661 2476 et
3687 2421 3786 2474 ob-

2187 2516 2349 2570 noxia
2392 2515 2608 2570 diabolo
2661 2530 2860 2586 reaque
2903 2514 3175 2580 credatur,
3219 2513 3524 2584 conjugium
3569 2527 3786 2588 quoque

2185 2608 2332 2679 quod
2361 2608 2464 2664 sub
2507 2608 2595 2662 illa
2634 2617 2738 2672 est,
2776 2617 2832 2662 et
2875 2607 3190 2675 fecunditas,
3240 2613 3297 2661 et
3339 2604 3635 2662 subeuntia
3673 2612 3785 2664 tota

2186 2701 2547 2757 damnabitur.
2596 2703 2713 2758 Non
2762 2711 2940 2774 potest
2978 2693 3108 2772 ergo
3156 2689 3360 2756 laudari
3411 2699 3780 2782 connubium‘,

2187 2795 2329 2866 quod
2369 2795 2427 2850 fit
2469 2796 2768 2853 secundum
2809 2806 3076 2862 naturam,
3123 2795 3170 2851 si
3211 2804 3402 2856 natura
3434 2780 3548 2866 ipsa
3601 2780 3787 2864 repre-

2187 2887 2459 2944 henditur.
2495 2888 2892 2944 Commoriatur
2933 2879 3154 2944 necesse
3194 2872 3277 2942 est
3316 2886 3481 2942 radici
3520 2901 3634 2940 sure
3657 2901 3786 2960 ger-_

2188 2980 2394 3036 minum
2442 2981 2773 3037 succisorum
2800 2992 3088 3036 venustas:
3117 2989 3172 3036 et
3209 2990 3267 3036 ut
3313 2995 3428 3035 rem
3468 2981 3637 3057 ipsam
3675 2979 3788 3050 pla-

2189 3075 2311 3130 nius
2352 3075 2598 3145 eloquar,
2639 3089 2744 3130 non
2774 3081 2954 3145 potest
2995 3074 3098 3129 dici
3129 3074 3328 3130 bonum
3356 3061 3650 3142 "negotium
3689 3089 3789 3148 nu:

2190 3167 2441 3238 ptiarum,
2483 3167 2528 3220 si
2567 3165 2880 3220 commixtio
2921 3165 3182 3220 naturalis
3217 3163 3488 3234 arguitur;
3530 3163 3788 3242 quoniam

2190 3258 2333 3329 quod
2372 3257 2707 3327 depretiatur
2734 3257 2788 3312 in
2813 3272 3028 3328 genere,
3061 3258 3145 3312 cui
3188 3255 3582 3311 indivisibiliter
3609 3245 3793 3334 adhic:

2189 3358 2294 3416 ret,
2336 3348 2389 3402 in
2417 3347 2596 3418 specie
2639 3347 2823 3418 nequit
2864 3346 3136 3402 honorari.
3173 3346 3341 3401 Porro
3367 3360 3490 3401 cum
3520 3331 3788 3420 malave;

2192 3440 2369 3495 luntas
2395 3440 2762 3496 instrumentis
2788 3439 3122 3516 naturalibus
3160 3438 3227 3493 ad
3253 3437 3451 3506 ﬂagitia
3490 3437 3680 3503 utitur,
3705 3436 3790 3506 vis

2192 3531 2283 3586 illa
2317 3532 2606 3601 voluptatis
2629 3539 2688 3586 et
2727 3530 2970 3598 seminis,
3002 3547 3122 3601 qua:
3152 3543 3425 3600 nunquam
3461 3543 3560 3598 pro
3584 3543 3790 3584 coeun-

2191 3625 2324 3680 tium
2351 3624 2624 3684 voluntate
2651 3624 2906 3690 variatur,
2947 3623 3148 3678 nullam
3184 3621 3385 3693 patitur
3419 3620 3661 3675 criminis
3700 3633 3790 3683 sos

2193 3717 2478 3782 cietatem;
2507 3715 2603 3772 sed
2641 3716 2918 3772 materiam
2947 3715 3058 3771 Deo
3085 3723 3304 3786 prastat
3338 3712 3600 3783 operanti,
3633 3711 3788 3782 flagi-

2195 3809 2431 3880 tiumque
2457 3808 2808 3865 adulterautis
2826 3806 3166 3864 solummodo
3189 3808 3363 3878 arguit
3382 3805 3656 3873 meritum,
3679 3818 3789 3874 non

2192 3911 2420 3956 naturze.
2475 3900 2608 3956 Cum
2661 3901 2820 3972 igitur
2871 3899 2940 3955 de
2986 3898 3316 3954 naturalibus
3361 3896 3784 3966 disputaremus,

2193 3993 2520 4064 perobtunse
2575 3982 2821 4047 naturam
2869 3990 3164 4061 reprobans
3207 3988 3474 4044 connubia
3520 3985 3786 4050 laudasti;

2193 4100 2316 4140 cum
2356 4082 2759 4139 irrei’utabiliter
2781 4090 2991 4138 constet
3025 4096 3195 4153 genus
3228 4079 3508 4150 speciebus
3531 4079 3644 4134 suis
3666 4092 3793 4147 par-

2198 4177 2443 4249 tieipare,
2477 4175 2736 4247 quidquid
2757 4174 3066 4244 exceperit:
3099 4183 3154 4228 et
3182 4172 3304 4228 ideo
3328 4181 3421 4226 aut
3450 4185 3596 4238 usus,
3628 4184 3791 4241 quem

2197 4271 2497 4326 naturalem
2537 4271 2830 4340 Apostolus
2863 4269 3013 4333 dicit,
3046 4268 3222 4324 bonus
3255 4267 3628 4337 legitimusque
3662 4279 3794 4320 cen-

2197 4361 2424 4426 sebitur,
2469 4372 2525 4416 et
2560 4370 2718 4416 erunt
2760 4359 2984 4414 honesta
3027 4357 3296 4428 conjugia,
3336 4356 3646 4425 nullumque
3688 4354 3795 4410 erit

2198 4453 2442 4508 naturale
2473 4461 2786 4522 peccatum;
2819 4459 2909 4504 aut
2937 4452 2983 4504 si
3026 4449 3266 4505 creditur
3291 4455 3482 4502 natura
3521 4459 3643 4502 esse
3669 4445 3792 4500 dia-

2198 4545 2394 4610 bolica,
2445 4554 2503 4599 ut
2543 4545 2614 4600 sit
2652 4544 2913 4614 originale
2953 4551 3254 4613 peccatum,
3297 4540 3550 4597 connubii
3579 4554 3795 4611 quoque

2197 4653 2331 4695 usus
2358 4636 2676 4693 damnabilis
2701 4635 3153 4706 pronuntiabitur.
3198 4633 3266 4689 Et
3307 4647 3416 4688 non
3453 4631 3667 4703 quidem
3699 4644 3793 4686 so-

2200 4734 2335 4801 brie,
2375 4748 2440 4790 ex
2471 4741 2657 4804 aperto
2687 4741 2862 4787 tamen
2895 4731 3309 4786 Manichteorum
3341 4727 3535 4797 dogma
3561 4724 3795 4808 suscipi-

2203 4837 2328 4883 tur:
2361 4811 2799 4897 quodquoniam
2855 4826 3124 4878 lunestum
3178 4830 3283 4884 est,
3330 4833 3430 4874 nec
3482 4818 3623 4888 apud
3673 4817 3795 4871 illos

2201 4917 2490 4990 quidquam
2526 4925 2610 4972 est
2634 4923 2728 4972 aut
2753 4913 3015 4981 veritatis,
3041 4921 3134 4967 aut
3158 4910 3476 4974 honestatis,
3503 4919 3596 4964 aut
3634 4907 3794 4974 fidei;

2202 5010 2343 5083 apud
2378 5010 2552 5066 nullos
2577 5019 2754 5064 autem
2781 5009 2916 5063 alios
2952 5007 3133 5077 Opinio
3165 5012 3341 5076 potest
3380 5001 3638 5059 naturalis
3675 5014 3800 5057 esse

2204 5103 2444 5175 peccati;
2490 5109 2551 5156 ut
2596 5115 2695 5157 nos
2739 5099 3060 5166 catholicos,
3091 5097 3165 5162 ita
3190 5111 3286 5152 vos
3308 5094 3520 5152 constat
3542 5109 3662 5150 esse
3682 5093 3799 5148 Ma-

2203 5197 2405 5254 chaos.

2276 5289 2411 5345 Asc.
2444 5287 2525 5341 'l‘u
2559 5294 2706 5342 certe
2732 5285 2800 5341 de
2835 5284 3028 5340 arbore
3055 5283 3266 5339 locutus
3293 5296 3352 5338 es
3372 5323 3390 5350 ,
3439 5288 3496 5336 et
3535 5278 3803 5350 fructibus

2204 5395 2273 5437 ex
2296 5381 2488 5452 quibus
2512 5379 2673 5434 arbor
2698 5377 3006 5448 agnoscitur
3022 5418 3038 5443 ,
3080 5390 3203 5430 cum
3236 5375 3289 5430 in
3323 5373 3426 5430 hac
3452 5370 3804 5429 similitudine

2205 5474 2511 5545 conjugium
2541 5473 2849 5544 prolemque
2882 5467 3277 5540 intelligendam
3305 5476 3581 5538 putasses,
3613 5464 3804 5521 excluo

2271 5611 2290 5645 ί
2325 5611 2464 5672 Editl,
2496 5606 2838 5662 irritationum.
2863 5615 3014 5672 vetus
3040 5605 3334 5672 eodexmar.
3353 5639 3368 5665 ,
3399 5603 3704 5672 irratiomqn.
3750 5607 3807 5668 At

2207 5672 2350 5739 infra,
2361 5665 2480 5739 cap.
2504 5673 2582 5733 ΔΟ,
2609 5674 2664 5739 ἥρ.
2679 5671 2999 5739 responsione
3023 5668 3269 5739 Augustini
3311 5667 3440 5718 hunc
3462 5665 3618 5727 ipsum
3638 5665 3806 5739 locum

2207 5722 2402 5789 citantis
2422 5722 2596 5784 omnes
2617 5722 2952 5796 libriliabent,
2979 5722 3343 5796 ittstitvutt'omtm.
3429 5786 3442 5796 _
3638 5722 3694 5796 '_
3726 5785 3734 5796 ν

2273 5800 2294 5828 ²
2325 5797 2484 5846 codex
2525 5803 2670 5854 μοι-ιη
2693 5793 2900 5859 οὺηοεῇα
2916 5785 3077 5859 reatus
3111 5792 3203 5842 sui.
3221 5817 3284 5859 -_—
3302 5786 3464 5859 Morel,
3487 5785 3804 5859 Ἑβραίῳ-ξι..

2209 5859 2580 5926 pag._§5t,§£iji,
2608 5846 2746 5926 legit,
2789 5854 2995 5926 obnoxia
3039 5851 3276 5907 recttrstti.
3297 5859 3408 5912 Qua:
3434 5849 3579 5900 lectio
3610 5846 3806 5926 videtur

2105 5951 2108 5955 -
2210 5919 2414 5980 difﬁcile
2427 5919 2740 5981 admittenda.
2810 5925 2867 5967 nl.
