4124 6532
369 386 498 445 HM

1706 369 1908 430 LIBER
1946 365 2264 438 QUINTUS.

3477 359 3641 418 ’μω

365 509 456 550 sus
485 492 630 558 inde,
659 492 783 566 quia
811 491 950 549 etde
977 491 1257 547 concubitu
1286 486 1585 544 adulterino
1622 492 1796 556 potest
1830 481 1951 537 talis
2057 482 2436 534 commistione
2457 516 2473 544 ,
2521 474 2719 566 sede:
2764 454 3376 566 nostrmgdepravatione
3415 468 3639 566 naturae.

369 589 601 644 existere
626 585 862 649 fructus,
903 584 969 639 ad
996 594 1240 639 naturam
1275 580 1474 652 fugisti.
1517 575 1629 634 Nec
1656 576 1822 631 latere
1852 589 1951 629 nos

373 679 622 751 fugientis
662 678 917 733 transitus
946 676 1117 747 potuit
1146 694 1160 730 :
1193 675 1246 730 in
1276 672 1451 729 verbis
1477 672 1620 728 enim
1648 669 1752 725 tttis
1770 709 1787 735 ,
1832 680 1954 738 qua:

374 787 514 828 nunc
540 769 975 827 commemorabo
995 811 1012 838 ,
1055 768 1187 824 satis
1212 766 1486 824 evidenter
1510 762 1773 835 apparuit.
1822 757 1955 815 Aisti

372 864 515 920 enim
544 864 768 933 loquens
804 861 870 916 ad
911 876 996 915 me
1037 861 1207 931 ipsum
1239 876 1254 914 :
1287 877 1308 912 ι
1340 856 1512 913 Simili
1546 854 1796 910 acumine
1831 848 1960 906 illud

373 969 588 1024 quoque
628 951 947 1009 labefactare
986 951 1234 1015 conaris,
1283 949 1424 1022 quod
1469 946 1609 1015 dixi,
1655 942 1962 1003 testimonio

374 1044 702 1115 evangelico,
719 1059 786 1098 ex
810 1042 1068 1099 fructibus
1086 1042 1196 1096 suis
1215 1040 1409 1097 debere
1422 1040 1666 1093 arborem
1681 1032 1960 1106 cognosci;

377 1146 435 1191 ut
455 1135 828 1198 ostenderem,
865 1151 886 1186 ι
939 1133 1147 1205 inquis,
1183 1149 1204 1185 t
1236 1129 1379 1203 quod
1407 1129 1610 1186 clarum
1637 1136 1720 1183 est
1739 1168 1754 1193 ,
1782 1122 1971 1184 doceri

378 1228 517 1282 bona
545 1241 649 1281 non
687 1240 845 1296 posse
869 1225 1149 1295 coniugia;
1188 1223 1297 1279 imo
1339 1222 1507 1293 ipsam
1536 1230 1778 1275 naturam
1802 1259 1817 1283 ,
1848 1229 1967 1286 quae.

379 1318 749 1389 coniugiorum
796 1315 1471 1387 operationesuppletur,
1519 1327 1621 1367 nec
1670 1309 1764 1365 Dei
1808 1320 1969 1379 posse

380 1412 532 1481 operi
576 1409 873 1477 vindicari,
918 1409 963 1464 si
997 1408 1068 1464 de
1105 1423 1167 1463 ea
1193 1406 1502 1462 dicerentur
1537 1402 1761 1459 crimina
1792 1398 1969 1470 pullu-

378 1504 511 1558 lare.
546 1519 568 1555 ι
618 1501 714 1556 llis
743 1503 848 1557 tuis
888 1500 1044 1555 dictis
1069 1499 1324 1570 aperuisti
1362 1497 1500 1568 τηειρ
1525 1504 1628 1550 tute
1667 1492 1967 1557 transitum,

378 1593 666 1649 nominatis
682 1592 945 1664 coniugiis
971 1591 1214 1647 addendo
1238 1599 1294 1646 et
1330 1587 1586 1653 dicendo,
1618 1605 1637 1638 ι
1669 1585 1777 1641 imo
1803 1584 1971 1654 ipsam

381 1697 625 1742 naturam
651 1728 667 1753 ,
712 1702 833 1757 quae
874 1685 1244 1755 coniugiorum
1270 1682 1581 1754 operatione
1608 1680 1907 1751 suppletur.
1947 1692 1969 1729 ι

384 1780 675 1834 Distinxisti
717 1795 846 1849 ergo
883 1777 991 1833 duo
1035 1778 1172 1843 ista,
1219 1776 1461 1846 satisque
1506 1772 1787 1830 ostendisti
1830 1768 1976 1826 aliud

284 1931 291 1938 _
382 1887 505 1929 esse
529 1880 795 1932 naturam.
825 1870 968 1925 aliud
996 1869 1264 1939 coniugia,
1289 1881 1518 1938 quorum
1543 1864 1853 1936 operatione
1881 1872 1980 1916 na-

385 1975 502 2019 tura
530 1963 826 2033 suppletur.
869 1961 1006 2031 Quid
1046 1969 1128 2016 est
1153 1975 1283 2031 ergo
1323 1958 1466 2031 quod
1496 1967 1684 2029 postea
1721 1963 1974 2011 naturam

385 2071 590 2128 genus,
631 2055 854 2126 ejusque
893 2055 1126 2125 speciem
1156 2053 1238 2108 vis
1263 2067 1386 2108 esse
1423 2050 1769 2121 coniugium?
1812 2042 1979 2103 Num-

387 2148 512 2218 quid
546 2148 709 2201 ullum
733 2161 906 2217 genus
938 2145 1134 2216 speciei
1162 2160 1274 2200 sua:
1315 2144 1472 2199 ullius
1508 2141 1821 2210 Operatione
1847 2154 1979 2209 sup-

390 2239 605 2311 pletur?
648 2238 764 2294 Non
805 2239 988 2309 utique
1015 2254 1031 2291 :
1056 2252 1231 2307 neque
1268 2235 1411 2291 enim
1454 2222 1693 2299 anim'al,
1728 2232 1869 2303 quod
1896 2239 1981 2287 est

388 2348 558 2404 genus
581 2374 598 2399 ,
629 2332 905 2404 suppletur
941 2330 1250 2401 Operatione
1289 2329 1554 2392 hominis,
1593 2327 1677 2382 vel
1705 2325 1825 2396 equi
1852 2366 1867 2391 ,
1893 2324 1981 2380 vel

389 2425 541 2479 bovis
559 2465 575 2492 ,
602 2424 687 2479 vel
723 2422 942 2478 alterius
965 2422 1191 2491 alicujus
1213 2419 1423 2490 pecoris
1445 2461 1460 2485 ,
1491 2418 1633 2490 quod
1664 2417 1871 2487 Species
1899 2423 1982 2471 est

389 2516 602 2587 generis
650 2515 792 2570 illius
834 2533 850 2571 :
894 2512 1324 2585 quandoquidem
1368 2512 1579 2568 etiamsi
1625 2510 1766 2566 desit
1806 2509 1981 2579 aliqua

389 2606 616 2675 species,
646 2605 1021 2676 auferaturque
1043 2605 1112 2661 de
1139 2604 1335 2671 rebus;
1379 2610 1559 2659 manet
1585 2611 1758 2658 tamen
1788 2612 1979 2672 genus,

394 2698 537 2767 quod
576 2706 800 2754 crateras
832 2698 1170 2768 amplectitur
1208 2697 1450 2767 species,
1487 2695 1628 2752 sicut
1667 2694 1827 2749 etiam
1869 2693 1984 2763 ipse

394 2789 697 2861 disputasti.
741 2789 892 2857 Quod
932 2802 1098 2859 genus
1134 2789 1318 2859 utique
1359 2787 1625 2859 integrum
1654 2800 1760 2841 non
1793 2799 1983 2839 mane-

392 2889 514 2947 ret,
555 2880 600 2935 si
630 2879 942 2948 operatione
977 2877 1174 2947 speciei
1194 2916 1211 2942 ,
1237 2891 1355 2947 qua:
1380 2875 1556 2931 ablata
1581 2883 1682 2938 est,
1709 2873 1985 2944 supplere-

394 2980 482 3026 tur
514 2990 529 3027 :
555 2986 660 3024 non
686 2969 828 3025 enim
860 2969 1028 3038 magis
1053 2977 1135 3023 est
1155 2982 1324 3037 genus
1344 3008 1359 3032 ,
1406 2968 1451 3022 si
1489 2968 1701 3037 plures;
1728 2975 1780 3022 et
1808 2965 1985 3021 minus

395 3071 482 3119 cst
512 3074 684 3133 genus
707 3101 723 3123 .
771 3060 817 3115 si
861 3060 1069 3130 species
1099 3058 1290 3114 habeat
1317 3057 1596 3129 pauciores
1623 3074 1638 3110 :
1667 3056 1911 3129 quamvis
1938 3055 1985 3111 si

394 3168 586 3211 omnes
624 3151 938 3209 auferantur
979 3151 1224 3222 species,
1279 3165 1380 3206 nec
1405 3163 1576 3221 genus
1613 3148 1755 3215 erit;
1800 3162 1989 3218 quem-

393 3245 682 3301 admodum
712 3259 913 3316 genere
935 3244 1151 3311 ablato,
1195 3244 1337 3299 nulla
1367 3244 1471 3299 erit
1494 3243 1724 3313 species.
1763 3241 1879 3297 Non
1904 3250 1987 3311 est

392 3336 557 3407 igitur
568 3333 893 3399 connubium
918 3335 1145 3406 species,
1170 3348 1444 3406 genusque
1464 3342 1676 3400 natura,
1715 3332 1761 3387 si
1785 3347 1989 3387 connu-

398 3420 614 3475 biorum
653 3434 820 3489 opere
848 3428 1036 3474 natura
1076 3419 1353 3490 suppletur
1383 3435 1397 3472 :
1426 3418 1563 3473 sicut
1599 3433 1706 3473 non
1732 3425 1817 3474 est
1843 3416 1987 3488 agri-

394 3512 604 3566 cultura
633 3511 842 3582 species
857 3512 1072 3583 segetis,
1094 3511 1345 3582 quoniam
1364 3511 1640 3582 suppletur
1658 3525 1810 3582 seges
1825 3524 1989 3581 opere

395 3604 752 3673 agriculturae.
798 3603 1003 3660 Deinde
1028 3604 1074 3659 si
1102 3613 1345 3659 naturam
1371 3618 1571 3674 genus,
1614 3603 1836 3674 eiusque
1859 3618 1987 3675 spe-

393 3696 532 3751 ciem
571 3694 708 3751 dicis
736 3710 858 3752 esse
882 3695 1223 3766 coniugium;
1259 3697 1444 3767 procul
1480 3695 1645 3751 dubio
1681 3696 1859 3753 dicere
1891 3712 1990 3752 co-

395 3786 539 3857 geris
557 3827 574 3853 ,
615 3785 757 3857 quod
786 3796 971 3842 natura
1009 3788 1080 3842 sit
1101 3802 1262 3842 omne
1287 3787 1617 3860 coniugium.
1649 3787 1775 3844 Ideo
1793 3787 1989 3859 quippe

396 3880 577 3934 omnis
602 3893 774 3949 equus
801 3880 997 3935 animal
1024 3887 1125 3944 est,
1153 3881 1252 3935 etsi
1268 3895 1374 3935 non
1396 3895 1555 3936 omne
1572 3880 1772 3936 animal
1788 3896 1985 3953 equus;

395 3971 519 4040 quia
554 3971 761 4041 species
788 3983 872 4026 est
903 3987 1104 4043 equus,
1137 3974 1332 4028 animal
1366 3989 1555 4045 genus.
1587 3973 1734 4045 Ergo
1757 3991 1856 4031 nec
1886 3976 1902 4007 ¹
1932 3976 1991 4032 fit

397 4063 470 4119 ab
496 4064 713 4120 homine
739 4064 915 4136 aliqua
945 4074 1131 4121 natura
1156 4083 1172 4122 :
1194 4068 1436 4138 quamvis
1451 4067 1617 4132 enim,
1642 4078 1704 4124 ut
1731 4069 1988 4141 scriptum

397 4163 482 4210 est
502 4195 520 4222 ,
560 4170 590 4209 a
618 4155 843 4211 Domino
866 4156 1121 4226 iungatur
1152 4159 1342 4213 mulier
1369 4159 1484 4213 viro
1509 4157 1691 4232 (Prov.
1724 4176 1821 4215 tux
1842 4202 1858 4229 ,
1888 4161 1985 4227 l4,

396 4262 500 4300 sec.
544 4245 747 4317 LXX);
799 4248 1050 4317 quoniam
1100 4248 1200 4304 nisi
1252 4249 1539 4321 adiuvante
1589 4251 1705 4322 ipso
1752 4267 1857 4308 non
1905 4251 1987 4322 fit,

398 4336 615 4406 quando
640 4347 788 4394 recte
809 4337 870 4393 ﬁt
897 4357 912 4394 :
938 4340 1059 4411 quis
1086 4349 1260 4397 tamen
1302 4343 1504 4398 neseiat
1523 4358 1683 4414 opera
1716 4343 1988 4400 hominum

400 4445 524 4485 esse
568 4430 854 4502 coniugia?
878 4418 1072 4489 ’Porro
1109 4436 1153 4489 si
1198 4443 1444 4490 naturam
1488 4451 1594 4492 non
1639 4437 1766 4493 facit
1805 4429 1984 4505 homo,

402 4536 511 4576 non
556 4531 640 4577 est
691 4531 878 4577 natura
930 4524 1274 4595 coniugium;
1331 4526 1452 4596 quia
1505 4526 1813 4599 coniugium
1865 4528 1991 4585 facit

398 4613 583 4667 homo.
623 4616 703 4670 Ac
730 4628 828 4684 per
850 4612 954 4670 hoc
971 4655 985 4677 ,
1025 4616 1151 4685 quia
1177 4616 1484 4686 coniugium
1513 4625 1701 4671 natura
1727 4633 1836 4672 non
1870 4627 1986 4685 est;

399 4701 643 4773 profecto
694 4714 899 4760 natura:
946 4705 1192 4775 species,
1243 4714 1495 4777 tanquam
1551 4706 1640 4761 illa
1689 4707 1759 4762 sit
1797 4722 1987 4777 genus,

402 4796 550 4851 nullo
588 4812 709 4853 esse
750 4807 908 4868 pacto
954 4806 1147 4868 potest.
1197 4797 1455 4869 Coniugia
1505 4797 1666 4869 igitur
1701 4798 1768 4854 ad
1808 4812 1991 4854 mores

401 4885 678 4942 hominum
707 4890 994 4959 pertinent,
1024 4889 1123 4959 ipsi
1150 4898 1329 4945 autem
1356 4888 1605 4945 homines
1624 4889 1692 4945 ad
1719 4899 1988 4945 naturam.

399 4976 555 5033 Licet
598 4980 775 5050 itaque
815 4980 972 5037 nobis
1012 4982 1154 5038 mala
1192 4981 1393 5036 vitiata:
1417 4981 1721 5052 vituperare
1761 4989 1983 5049 naturae,

399 5079 456 5125 et
479 5069 698 5125 laudare
720 5086 899 5127 mores
920 5072 1057 5128 bene
1072 5080 1284 5129 utentes
1304 5073 1459 5129 bonis
1478 5074 1738 5144 malisque
1762 5084 1987 5138 naturae.

401 5160 586 5217 Laudo
609 5178 738 5233 ergo
765 5163 1010 5235 coniugia
1044 5182 1058 5219 :
1088 5163 1228 5220 absit
1252 5173 1428 5220 autem
1448 5174 1505 5220 ut
1526 5165 1734 5229 laudem
1762 5167 1983 5234 malum,
2084 5184 2089 5191 ·

399 5270 508 5326 quo
517 5270 644 5310 caro
667 5255 997 5326 concupiscit
1013 5256 1268 5313 adversus
1283 5258 1526 5328 spiritum
1551 5272 1567 5324 ;
1591 5257 1711 5315 sine
1724 5272 1831 5331 quo
1847 5260 1988 5315 malo

400 5349 682 5419 quisquam
709 5348 985 5404 hominum
1011 5365 1118 5405 non
1139 5358 1313 5420 potest
1339 5350 1487 5406 nasci
1510 5367 1527 5417 ;
1549 5350 1700 5421 cuius
1731 5350 1855 5406 mali
1880 5366 1989 5407 rea-

402 5448 529 5505 tus,
574 5440 673 5495 nisi
700 5441 1070 5510 renascendo,
1115 5458 1220 5497 non
1262 5451 1437 5512 potest
1465 5443 1638 5509 solvi;
1685 5442 1839 5514 cuius
1864 5443 1988 5498 mali

401 5531 576 5588 bonus
600 5548 729 5589 usus
758 5533 1005 5590 laudatur
1028 5535 1080 5590 in
1110 5535 1395 5593 concubitu
1421 5535 1705 5607 coniugali.
1755 5536 1990 5595 Proinde

401 5618 666 5696 originale
707 5635 1024 5697 peccatum,
1071 5627 1213 5699 quod
1255 5643 1360 5685 non
1391 5628 1662 5701 trahitur'
1687 5643 1756 5701 ex
1800 5630 1990 5702 alienas

468 5760 487 5831 ἶ
517 5758 682 5831 (ἕβδθὲ
706 5766 849 5831 ξοηη
875 5770 1070 5831 "1W:
1100 5818 1114 5831 .

467 5824 488 5856 '
523 5823 811 5896 “quierim,
835 5833 927 5873 non
948 5823 1211 5887 Inﬁcitur.

2061 584 2167 624 non
2217 567 2402 624 dicunt
2446 564 2758 634 Manicluei,
2804 564 2911 622 sed
2944 564 3129 623 dicunt
3170 563 3432 622 Catholici
3459 581 3476 622 :
3502 562 3647 636 quod

2062 675 2159 716 vos
2184 661 2429 732 negando
2457 660 2587 737 estis
2615 658 2876 716 lueretici.

2136 771 2305 829 XXV.
2330 771 2451 828 Jun.
2494 770 2577 827 Ad
2604 768 2758 842 cuius
2785 768 3017 829 nominis
3042 768 3339 837 cavendam
3370 766 3651 837 invidiam,

2066 863 2267 925 frustra
2309 863 2529 919 omnino
2557 861 2892 918 diversarum
2936 860 3069 917 facis
3110 860 3388 918 btereseon
3423 861 3655 918 mentio-

2067 974 2213 1013 nem.
2240 957 2334 1013 Ais
2356 957 2522 1024 enim,
2551 974 2571 1009 ι
2605 955 2756 1012 Sicut
2780 955 2965 1012 Ariani
2990 955 3296 1012 Catholicos
3318 954 3653 1021 Sabellianos

2068 1060 2297 1118 vocant,
2340 1050 2584 1121 quamvis
2623 1058 2823 1105 certam
2865 1063 3216 1120 personarum
3257 1047 3653 1105 distinctionem

2073 1134 2287 1208 faciant,
2318 1151 2520 1197 naturae
2558 1151 2737 1198 tamen
2773 1141 3149 1197 communione
3171 1149 3416 1208 servata;
3444 1140 3518 1197 ita
3543 1148 3601 1197 et
3627 1156 3658 1196 a

2072 1233 2227 1291 nobis
2270 1233 2681 1297 Manichaeorum
2719 1233 2870 1294 vobis
2899 1249 3094 1290 nomen
3137 1232 3374 1310 imponi;
3412 1247 3538 1297 cum
3561 1247 3662 1290 vos

2074 1342 2180 1384 non
2220 1326 2411 1384 dicatis
2439 1325 2782 1391 malumesse
2809 1326 3054 1398 nuptias,
3099 1325 3242 1398 quod
3269 1326 3456 1384 dicunt
3493 1323 3662 1385 ﬂani-

2075 1419 2211 1475 chzei
2240 1460 2255 1486 ,
2287 1418 2383 1475 sed
2416 1418 2605 1480 dicatis
2641 1419 2838 1475 malum
2878 1418 2933 1483 in
2959 1433 3149 1474 omnes
3186 1417 3431 1473 homines
3456 1424 3664 1473 natura:

2075 1511 2383 1569 conditione
2437 1512 2665 1574 transire
2694 1531 2714 1565 ι
2748 1511 2852 1585 (De
2878 1510 3086 1584 Nuptiis
3130 1520 3178 1566 et
3224 1510 3661 1583 Coucupiscentt'a,

2078 1601 2167 1656 lib.
2192 1601 2229 1657 Ξ
2247 1643 2261 1669 ,
2291 1616 2343 1657 n'.
2373 1602 2486 1675 38).
2513 1602 2637 1658 Hmc
2653 1612 2829 1663 autem
2859 1611 3170 1673 argumenta
3201 1610 3289 1657 tua
3318 1601 3665 1672 prudentibus

2079 1709 2186 1749 non
2226 1695 2437 1767 ambigo
2465 1695 2676 1753 irrisum
2708 1694 2772 1750 iri
2806 1714 2820 1751 :
2853 1711 2974 1751 nam
3006 1704 3064 1750 ut
3090 1694 3274 1751 Ariani
3316 1693 3452 1751 falso
3472 1694 3666 1751 Catho-

2082 1788 2216 1846 licos
2257 1787 2591 1845 Sabellianos
2625 1786 2841 1853 dicunt,
2877 1801 2999 1842 cum
3040 1801 3070 1839 a
3111 1786 3266 1842 nobis
3302 1795 3359 1842 et
3405 1785 3578 1842 Patris
3613 1795 3669 1843 et

2081 1882 2204 1939 Filii
2225 1891 2280 1939 et
2304 1881 2534 1953 Spiritus
2562 1878 2734 1936 sancti
2763 1894 3110 1950 personarum
3138 1877 3231 1933 fiat
3256 1878 3375 1937 sine
3400 1878 3506 1934 ulla
3530 1892 3664 1939 con-

2081 1973 2291 2029 fusione
2319 1982 2374 2027 et
2401 1971 2518 2028 sine
2559 1970 2853 2026 mutatione
2880 1969 3192 2026 substantia:
3214 1969 3519 2038 distinctio,
3561 1969 3667 2026 illi-

2082 2080 2187 2138 que
2224 2061 2569 2120 hebetissime
2611 2061 3001 2119 calumnientur
3023 2100 3038 2125 ,
3084 2060 3224 2117 inter
3262 2076 3424 2123 unum
3466 2068 3523 2116 et
3560 2069 3669 2117 tres

2084 2155 2217 2213 nihil
2260 2156 2521 2211 interesse
2553 2170 2569 2210 :
2605 2154 2677 2210 ita
2716 2153 2879 2210 etiam
2914 2150 3175 2207 Catholici
3212 2152 3333 2223 iure
3371 2151 3671 2223 meritoque

2083 2262 2180 2303 vos
2220 2246 2541 2303 Manichazos
2580 2259 2703 2302 esse
2742 2244 3124 2314 pronuntiant;
3174 2244 3298 2315 quia
3348 2242 3403 2299 id
3446 2258 3476 2297 a
3513 2242 3687 2299 nobis

2084 2339 2189 2396 dici
2236 2338 2368 2395 fides
2413 2348 2589 2395 vestra
2629 2336 2922 2408 compellit.
2970 2337 3231 2392 Asseruut
3269 2333 3466 2407 quippe
3506 2334 3675 2391 Mani-

2086 2431 2221 2488 chaai
2265 2428 2508 2485 naturale
2547 2438 2825 2500 peccatum
2865 2445 2878 2482 :
2920 2442 3017 2484 vos
3053 2427 3231 2483 dicitis
3273 2428 3536 2484 naturale.
3582 2428 3676 2484 Di-

2087 2530 2218 2579 cunt
2261 2520 2538 2577 Manichaai
2591 2519 2864 2576 libidinem
2911 2534 3195 2590 corporum
3234 2534 3265 2573 a
3303 2519 3519 2576 diabolo
3554 2534 3676 2578 esse

2087 2616 2380 2687 plantatam
2405 2631 2421 2671 :
2454 2623 2506 2668 tu
2532 2612 2583 2668 id
2614 2612 2965 2684 multiplicata
2981 2611 3341 2683 disputatione
3366 2613 3676 2683 confirmas.

2085 2705 2436 2764 Contendunt
2465 2704 2537 2761 illi
2560 2719 2657 2777 per
2678 2704 2911 2761 liberum
2939 2702 3217 2758 arbitrium
3242 2718 3351 2759 non
3379 2719 3539 2775 posse
3566 2720 3681 2775 ma-

2086 2798 2197 2853 lum
2222 2797 2433 2866 caveri,
2471 2797 2668 2868 quippe
2694 2795 2837 2868 quod
2858 2795 3100 2852 naturale
3124 2795 3194 2851 sit
3223 2813 3238 2852 :
3259 2804 3317 2852 tu
3346 2812 3559 2871 quoque
3582 2796 3681 2865 iis-

2087 2889 2210 2946 dem
2232 2888 2572 2945 sermonibus
2599 2889 2823 2944 liberum
2849 2887 3234 2959 commentaris
3249 2874 3562 2959 arbitrium,
3584 2893 3681 2950 sed

2087 2994 2187 3052 per
2214 2978 2356 3051 quod
2402 2979 2602 3035 malum
2639 2978 2755 3038 fieri
2803 2977 3013 3050 possit}
3036 3021 3053 3047 ,
3103 2996 3135 3036 a
3168 2980 3312 3045 male
3353 2991 3535 3040 autem
3571 2998 3682 3049 non

2089 3072 2259 3143 possit
2300 3071 2530 3142 desisti.‘
2561 3071 2699 3133 Dicit
2744 3071 3072 3142 Manichacus
3113 3087 3299 3130 semen
3341 3089 3464 3132 esse
3508 3075 3682 3145 male.

2076 3164 2337 3236 dictum:
2367 3163 2503 3229 tuid
2549 3162 2955 3237 Scripturarum
2990 3165 3309 3233 auctoritate
3339 3165 3571 3237 probare,
3589 3182 3685 3224 eo-

2076 3254 2255 3325 ‘naris.
2278 3254 2415 3310 Dicit
2434 3252 2756 3329 blaniclueus
2782 3255 3243 3314 inconvertibilem
3255 3272 3376 3315 esse
3387 3259 3645 3323 malitiam
3660 3277 3679 3316 :

2091 3356 2148 3403 tu
2175 3348 2255 3411 sic
2278 3362 2401 3419 esse
2427 3345 2757 3413 vociferaris.
2807 3346 2914 3411 Sed
2943 3347 3083 3416 dicis
3108 3358 3165 3405 tu
3192 3348 3363 3406 Adam
3391 3351 3564 3409 solum
3587 3367 3684 3411 na-

2091 3448 2226 3496 turae
2255 3440 2420 3499 fuisse
2461 3441 2699 3508 melioris
2730 3458 2745 3496 :
2776 3440 2905 3498 dicit
2927 3441 3090 3509 etiam
3129 3442 3549 3514 Manicbaausad
3573 3444 3683 3507 Pa-

2093 3534 2326 3602 tricium,
2357 3533 2634 3590 meliorem
2662 3534 2813 3606 illum
2839 3535 3039 3605 secutis
3056 3535 3201 3604 credi
3232 3546 3505 3608 oportere,
3528 3539 3681 3609 quasi
3702 3536 3734 3579 ι’

2090 3624 2159 3681 de
2188 3624 2372 3695 primae
2398 3628 2705 3681 concretum
2741 3625 2877 3681 ﬂore
2901 3626 3233 3695 substantiae,
3280 3626 3428 3698 Dicis
3455 3637 3509 3684 tu
3534 3644 3685 3710 com-

2092 3719 2403 3775 mixtionem
2456 3726 2676 3790 propter
2725 3718 2994 3775 naturales
3045 3728 3223 3776 motus
3271 3733 3394 3776 esse
3449 3720 3709 3778 diaboli--

2092 3825 2246 3875 eam,
2301 3820 2463 3881 atque
2504 3810 2752 3867 homines
2791 3825 2823 3866 a
2860 3810 3074 3866 diabolo
3107 3812 3257 3883 quasi
3296 3809 3504 3868 fruticis
3549 3829 3580 3869 a
3621 3828 3682 3870 se

2092 3896 2312 3980 plantati
2359 3901 2561 3957 fructus
2593 3901 2714 3973 iure
2748 3901 2963 3973 decerpi
2994 3919 3008 3956 :
3040 3901 3172 3958 dicit
3213 3906 3376 3959 etiam
3422 3902 3526 3971 hoc
3569 3904 3685 3960 Ma-

2092 3994 2369 4062 nichmus,
2423 3993 2618 4068 quippe
2645 4008 2807 4066 aquo
2845 3993 2898 4050 id
2924 3992 3147 4051 credere
3187 4003 3240 4050 et
3280 3996 3548 4052 affirmare
3596 3996 3685 4052 di-

2094 4086 2290 4143 dicisti.
2340 4086 2478 4149 Dicit
2519 4086 2849 4145 Manicbteus
2886 4095 2942 4144 et
2978 4098 3221 4144 naturam
3247 4098 3304 4146 et
3328 4091 3539 4162 nuptias
3572 4108 3687 4148 ma-

2093 4180 2175 4236 las
2219 4194 2344 4237 esse
2375 4198 2390 4235 :
2422 4188 2478 4235 tu
2518 4189 2697 4241 autem
2745 4181 2916 4237 bonas
2954 4181 3202 4252 nuptias,
3253 4178 3359 4238 sed'
3391 4200 3537 4239 ream
3584 4200 3686 4240 na-

2082 4270 2293 4327 turam.
2348 4270 2463 4326 Non
2491 4278 2547 4326 tu
2586 4269 2675 4329 hic
2717 4271 3052 4343 religiosior,
3102 4272 3198 4328 sed
3232 4271 3323 4337 ille
3348 4274 3683 4345 prudentior.

2094 4361 2376 4430 Quomodo
2425 4376 2556 4433 ergo
2604 4360 2796 4419 falsum
2850 4371 2971 4429 est,
3025 4362 3168 4436 quod
3221 4363 3408 4420 dicunt
3459 4367 3680 4434 Ariani,

2094 4453 2406 4513 Catltolicos
2455 4453 2788 4512 Sabellianos
2831 4472 2951 4514 esse
3000 4475 3014 4511 :
3057 4458 3128 4523 ita
3167 4457 3508 4515 verissimum
3561 4467 3682 4526 est,

2095 4546 2237 4619 quod
2282 4546 2466 4604 dicunt
2504 4546 2803 4614 Catholici,
2839 4548 3203 4604 Traducianos
3241 4564 3347 4605 non
3386 4563 3506 4606 esse
3541 4548 3686 4607 aliud

2095 4657 2255 4712 quam
2306 4641 2666 4709 Manichazos;
2714 4640 3117 4705 distinctionem
3168 4652 3349 4698 autem
3398 4642 3540 4698 inter
3589 4657 3687 4699 vos

2095 4731 2391 4787 illuseriam
2431 4730 2646 4802 quidem
2673 4772 2689 4796 ,
2734 4746 2840 4787 non
2870 4731 2977 4795 ﬁde
3019 4741 3237 4805 vestra,
3286 4731 3385 4788 sed
3419 4732 3687 4803 imperitia

2095 4824 2406 4892 contigisse.
2447 4821 2621 4884 Unius
2659 4837 2789 4895 ergo
2830 4821 2952 4889 fidei
2996 4832 3051 4880 tu
3091 4833 3148 4880 et
3192 4821 3518 4880 Maniehzeus
3546 4841 3562 4881 :
3590 4826 3688 4882 sed

2096 4913 2184 4975 ille
2223 4915 2399 4975 minus
2430 4914 2748 4985 impudens,
2796 4930 2954 4987 quam
2996 4924 3087 4990 tua
3115 4915 3348 4988 gravitas
3375 4916 3679 4984 invenitur;

2095 5022 2270 5078 neque
2312 5007 2456 5063 enim
2502 5006 2658 5069 facile
2692 5007 3017 5065 Manichteus
3053 5019 3149 5079 aut
3169 5007 3420 5066 Melitidis
3442 5008 3581 5066 alter
3601 5011 3695 5068 of-

2095 5099 2361 5172 fenditur,
2410 5102 2499 5173 qui
2526 5102 2670 5185 dicat
2707 5118 2768 5159 se
2792 5102 3049 5161 damnare
3093 5112 3342 5173 naturam
3381 5103 3686 5178 hominum,

2096 5194 2190 5251 sed
2215 5210 2319 5251 non
2348 5195 2610 5253 infamare
2633 5197 2901 5269 coniugia.

2166 5287 2307 5344 Auc.
2346 5285 2454 5344 Cur
2475 5303 2576 5360 ego
2612 5290 2839 5346 Arianos
2866 5299 2922 5346 et
2943 5288 3281 5350 Sabellianos
3296 5307 3690 5351 commemora-

2097 5379 2288 5447 veritn,
2317 5380 2408 5451 qui
2434 5381 2627 5436 librum
2650 5380 2797 5436 illum
2828 5397 3007 5438 meum
3036 5383 3340 5457 intelligens
3368 5385 3497 5459 legit
3516 5427 3532 5450 .
3560 5401 3705 5456 mox,

2097 5473 2337 5540 invenit;
2386 5482 2544 5543 teque
2572 5474 2820 5545 pervidet
2846 5475 3033 5534 dolose
3056 5493 3215 5550 agere
3237 5520 3253 5545 ,
3298 5478 3389 5550 qui
3435 5477 3682 5536 eamdem

2095 5578 2311 5621 causam
2338 5572 2504 5621 totam
2524 5576 2947 5625 commemorare
2970 5569 3206 5627 noluisti.
3227 5567 3348 5626 Tibi
3371 5568 3515 5627 enim
3533 5566 3684 5626 dixi:

2164 5738 2179 5770 ¹
2204 5745 2330 5810 Quos
2354 5738 2432 5810 hic
2455 5752 2644 5810 versus,
2669 5754 2850 5810 nempe
2871 5756 2900 5794 a
2922 5744 3108 5810 verbis,
3124 5749 3176 5796 tu
3209 5755 3412 5809 quoque,
3428 5755 3589 5810 usque
3607 5741 3691 5809 ad,

2105 5799 2232 5863 quod
2270 5799 2450 5852 malum
2492 5800 2604 5867 ﬁeri
2623 5799 2800 5868 possit;
2823 5799 3131 5858 restituimus
3152 5799 3607 5870 ex'tua'nusuiptis.
