4124 6560
500 487 522 523 ι
556 467 708 526 Sicut
735 468 918 526 Ariani
947 467 1076 528 dum
1105 465 1442 525 Sabellianos
1462 467 1700 540 fugiunt,
1731 469 1782 526 in
1805 465 1956 540 pejus
1983 463 2086 520 ali-

497 560 626 631 quid
658 561 1000 631 inciderunt,
1035 562 1160 634 quia
1185 557 1463 616 Trinitatis
1480 561 1597 616 ausi
1624 569 1748 616 sunt
1767 575 1872 614 non
1900 572 2091 630 perso-

491 638 591 708 nas
619 652 929 708 discernere
951 693 966 717 ,
995 651 1090 708 sed
1121 661 1340 712 naturas
1369 671 1385 708 :
1411 652 1484 707 ita
1508 651 1774 721 Pelagiani
1814 650 1942 706 dum
1968 648 2087 705 Ma-

494 741 826 798 nichaeorum
857 752 1063 814 pestem
1085 743 1137 798 in
1159 758 1464 814 perversum
1495 743 1663 798 vitare
1687 752 1983 808 conantur,
2022 739 2091 796 de

497 837 802 905 nuptiarum
878 835 1056 892 fructu
1139 837 1268 908 ipsis
1335 835 1638 892 Maniclneis
1699 836 2092 892 convincuntur

503 927 884 998 perniciosiora
931 928 1164 996 sentire,
1231 927 1498 983 credendo
1552 926 1804 1000 parvulos
1875 923 2091 982 Christo

501 1018 713 1074 medico
742 1033 847 1074 non
878 1034 1039 1091 egere
1075 1038 1094 1072 ι
1139 1017 1278 1090 (Lib.
1320 1019 1356 1074 2
1384 1018 1448 1074 de
1487 1017 1700 1089 Nuptiis
1744 1029 1790 1073 et
1835 1016 2090 1088 Concupi-

494 1112 713 1176 scentia,
743 1129 799 1166 η.
829 1113 940 1184 38).
987 1111 1111 1169 Haec
1156 1111 1318 1169 verba
1371 1127 1490 1168 mea
1541 1112 1638 1168 tibi
1691 1110 2086 1184 proposuisses,

496 1200 580 1256 vel
641 1212 788 1258 certe
837 1205 972 1260 hanc
1002 1213 1319 1261 sententiam
1364 1220 1574 1272 meam,
1610 1203 1658 1260 si
1697 1202 1826 1260 mihi
1875 1216 2091 1274 quoquo

493 1294 658 1350 modo
691 1295 1018 1367 respondere
1047 1297 1311 1353 voluisses
1342 1316 1354 1352 :
1384 1296 1579 1369 quibus
1617 1294 1988 1368 praetermissis
2008 1293 2091 1349 di-

494 1386 574 1442 cis
604 1387 694 1442 tibi
723 1388 838 1458 ipse
858 1389 1000 1460 quod
1030 1390 1128 1457 vis,
1150 1399 1208 1445 ut
1231 1391 1383 1457 mihi,
1415 1405 1519 1446 non
1547 1403 1610 1446 ea
1637 1405 1756 1462 quae.
1777 1404 1808 1444 a
1838 1403 1925 1446 me
1945 1387 2089 1444 dicta

495 1487 622 1533 sunt
661 1477 954 1538 refellendo
976 1523 991 1548 ,
1036 1481 1131 1538 sed
1155 1498 1260 1538 non
1295 1481 1521 1538 tacendo
1547 1480 1887 1553 respondisse
1909 1481 2085 1537 videa-

492 1570 591 1625 ris.
623 1571 689 1629 Et
712 1573 1018 1644 nunc,quod
1045 1589 1108 1631 ea
1135 1591 1221 1631 me
1243 1575 1443 1632 sentire
1466 1573 1600 1631 ditis
1625 1617 1640 1641 ,
1670 1589 1792 1646 quze
1815 1573 2083 1630 sentiunt‘

495 1661 806 1732 Manicbzei,
851 1666 1073 1721 multum
1113 1667 1348 1735 falleris;
1392 1668 1476 1724 vel
1520 1667 1699 1739 potius
1746 1681 1884 1738 quos
1937 1675 2088 1738 potes

491 1753 654 1809 fallis.
691 1754 823 1811 Nam
853 1756 1131 1814 Manichzei
1159 1759 1360 1816 malum
1387 1770 1716 1816 cureternum
1741 1759 1884 1824 Deo,
1917 1759 2088 1815 idem-

492 1859 600 1914 que
625 1846 646 1885 η
672 1846 872 1904 malum
895 1863 1018 1906 esse
1054 1850 1405 1908 substantiam
1424 1892 1439 1917 ,
1463 1861 1519 1907 et
1544 1850 1774 1906 alienam
1797 1850 2082 1922 quamdam

491 1935 676 1995 dicunt
702 1953 824 1996 esse
851 1949 1119 2007 naturam,
1163 1958 1284 2014 quae
1309 1944 1361 1998 in
1384 1943 1586 1998 bonum
1611 1943 1838 2004 mutari.
1867 1957 1966 1999 nec
1989 1957 2086 2014 per

394 2020 409 2037 ⁸
489 2043 552 2083 se
581 2029 783 2100 ipsam,
814 2047 916 2089 nec
937 2048 969 2088 a
997 2034 1140 2090 bono
1171 2036 1281 2090 Deo
1314 2035 1485 2106 possit
1507 2035 1729 2090 omnino
1757 2053 1770 2092 :
1801 2035 1953 2107 cujus
1979 2036 2085 2091 im-

491 2121 764 2178 mutabilis
791 2124 914 2179 mali
941 2126 1326 2182 commixtione
1351 2125 1394 2194 ³,
1423 2127 1654 2182 animam
1679 2126 1894 2194 bonam,
1922 2141 2083 2198 quam

487 2215 710 2270 credere
737 2217 937 2273 audent
972 2216 1099 2275 boni
1132 2219 1224 2276 Dei
1266 2235 1390 2277 esse
1426 2229 1669 2276 naturam
1695 2263 1711 2288 ,
1756 2220 2085 2293 inquinatam

485 2307 775 2380 perhibent
817 2321 979 2382 atque
1022 2323 1368 2385 corruptam;
1413 2324 1468 2370 et
1508 2314 1579 2370 ob
1617 2315 1720 2370 hoc
1764 2315 1815 2370 in
1849 2314 2089 2386 qualibet

491 2399 727 2457 hominis
753 2412 912 2458 aetate
936 2406 1295 2461 necessarium
1331 2404 1531 2462 habere
1555 2406 1895 2473 salvatorem,
1927 2421 1958 2460 a
1978 2421 2087 2478 quo

492 2489 751 2546 mundata
776 2501 832 2548 et
857 2493 1215 2566 redintegrata
1236 2503 1399 2566 atque
1425 2511 1456 2550 a
1488 2495 1578 2550 tali
1597 2496 1904 2566 captivitate
1932 2507 2085 2553 eruta

492 2581 774 2639 liberetur.
826 2583 932 2641 Vos
958 2596 1138 2643 autem
1179 2587 1306 2643 dum
1343 2588 1397 2643 in
1431 2604 1739 2659 perversum
1776 2588 1954 2662 fugitis
1975 2588 2087 2644 Ma-

494 2674 734 2731 nichmos
756 2718 771 2742 ,
817 2675 868 2730 in
897 2676 993 2731 has
1020 2677 1307 2749 impietatis
1342 2679 1590 2736 tenebras
1620 2680 1878 2736 incidistis
1897 2724 1911 2746 ,
1940 2689 1996 2737 ut
2018 2679 2088 2735 ab

493 2767 644 2826 omni
688 2769 832 2824 malo
870 2772 1163 2828 asserendo
1203 2774 1453 2844 parvulos
1495 2775 1707 2842 salvos,
1752 2773 2083 2831 Salvatorem

496 2864 714 2922 miseris
748 2869 1110 2924 necessarium
1150 2884 1256 2923 non
1298 2869 1526 2940 putetis;
1576 2879 1631 2924 et
1667 2867 1982 2939 adjuvandis
2006 2868 2086 2925 eis

494 2955 662 3027 ipsis,
706 2973 843 3030 quos
876 2959 1084 3031 fugitis,
1140 2957 1447 3015 Manichreis
1474 2961 1656 3018 nescio
1693 2959 1962 3032 quomodo
1989 2975 2087 3032 per

493 3049 776 3106 circuitum
799 3052 964 3108 vestri
989 3053 1285 3109 occurratis
1311 3053 1548 3121 erroris,
1598 3051 1845 3124 negando
1885 3053 2084 3108 malum

494 3140 694 3203 vitiataa
738 3151 944 3200 naturre
1000 3153 1226 3211 nostrae;
1279 3153 1337 3200 ut
1380 3143 1636 3215 quidquid
1686 3144 1952 3200 malorum
1999 3145 2085 3201 vel

497 3243 646 3291 recte
695 3235 965 3303 creditur,
1020 3234 1108 3294 vel
1155 3245 1340 3308 aperte
1388 3235 1658 3292 invenitur
1707 3237 1761 3292 in
1815 3236 2084 3307 parvulis,

493 3326 863 3384 commixtioni
917 3327 1098 3401 (quod
1143 3328 1332 3386 volunt
1379 3329 1519 3401 ipsi)
1571 3337 1777 3384 natum
1826 3330 2088 3385 tribuatur

493 3416 703 3473 alienae.
748 3417 1026 3474 Catholica
1064 3434 1193 3476 vero
1235 3428 1293 3479 ut
1328 3418 1652 3476 Manichteos
1690 3432 1743 3475 et
1775 3419 2088 3490 Pelagianos

495 3509 730 3579 devitet,
776 3511 976 3567 nullam
1017 3520 1258 3568 naturam
1283 3521 1444 3584 atque
1471 3512 1821 3568 substantiam
1862 3528 1982 3568 esse
2007 3511 2091 3568 di-

492 3602 570 3666 cit
613 3605 813 3660 malum
845 3623 858 3659 :
887 3604 981 3660 sed
1024 3605 1326 3661 voluntario
1373 3606 1548 3672 malo,
1596 3606 1736 3676 quod
1783 3621 1878 3677 per
1923 3622 2088 3662 unum

496 3693 768 3751 hominem
798 3697 852 3751 in
880 3711 1066 3752 omnes
1092 3696 1338 3753 homines
1361 3697 1692 3767 pertransiit,
1725 3705 1962 3754 nostram
1995 3713 2090 3752 na-

481 3795 666 3852 turam
689 3800 849 3862 atque
869 3790 1220 3847 substantiam
1252 3791 1373 3846 ideo
1399 3791 1706 3847 mutabilem
1734 3798 1757 3823 ⁵
1776 3833 1792 3859 ,
1835 3792 1960 3863 quia
1990 3791 2087 3847 Dei

495 3891 687 3941 natura
718 3898 823 3938 non
850 3892 951 3948 est,
976 3899 1083 3939 non
1112 3893 1271 3956 negat
1293 3899 1413 3939 esse
1443 3885 1715 3949 vitiatam;
1738 3886 1896 3955 eique
1922 3884 2087 3952 malo,

493 3974 640 4045 quod
671 3975 965 4030 insanabile
1007 3975 1119 4030 Deo
1145 3992 1250 4030 non
1281 3985 1363 4031 est
1388 4018 1404 4043 ,
1447 3985 1504 4031 nt
1541 3976 1750 4032 absumi
1797 3977 1995 4048 possit,
2037 3977 2091 4034 in

497 4068 751 4124 omnibus
775 4069 1022 4124 aetatibus
1050 4068 1382 4125 Salvatorem
1403 4069 1762 4126 necessarium
1784 4072 2090 4127 conﬁtetur.

497 4160 732 4220 Proinde
757 4177 854 4217 nec
880 4160 948 4217 de
971 4171 1189 4232 peccato
1221 4161 1469 4228 naturali,
1497 4177 1596 4217 nec
1625 4160 1693 4216 de
1724 4161 1942 4217 libidine
1971 4177 2092 4217 cor—

497 4271 691 4327 porum
717 4298 733 4324 ,
761 4270 859 4312 nec
899 4254 968 4312 de
993 4255 1163 4311 libero
1191 4254 1414 4311 arbitrio
1437 4296 1452 4321 ,
1489 4269 1588 4310 nec
1611 4253 1678 4313 de
1697 4254 1904 4310 semine
1930 4253 2094 4310 male-

486 4348 646 4402 dicto
670 4389 685 4413 ,
728 4363 827 4404 nec
856 4345 925 4403 de
973 4346 1359 4402 inconvertibili
1390 4345 1590 4401 malitia
1614 4386 1630 4410 ,
1682 4360 1781 4400 nec
1807 4344 1877 4400 de
1903 4355 2092 4400 natura

492 4437 659 4510 primi
691 4438 920 4493 hominis
939 4481 955 4506 ,
985 4453 1085 4492 nec
1111 4437 1177 4494 de
1205 4437 1586 4494 commixtione
1623 4452 1844 4491 sexuum
1863 4479 1878 4503 ,
1908 4451 2008 4492 nec
2025 4436 2094 4492 de

497 4539 765 4603 potestate
793 4531 1052 4586 diabolica
1072 4529 1125 4585 in
1143 4529 1410 4596 homines,
1441 4527 1626 4584 eadem
1650 4543 1768 4599 qua:
1791 4527 2090 4594 Manichaai,

487 4627 682 4682 ‘ilicere
722 4638 1046 4697 possumus;
1090 4624 1179 4695 qui
1221 4623 1356 4679 duas
1387 4631 1602 4677 naturas
1641 4630 1801 4692 atque
1841 4621 2092 4677 substan-

498 4722 634 4787 tias,
669 4735 827 4776 unam
851 4719 973 4774 boni
999 4760 1016 4786 ,
1047 4718 1270 4773 alteram
1300 4715 1463 4779 mali,
1497 4715 1613 4770 sine
1653 4713 1805 4769 initio
1837 4713 2094 4784 temporis

497 4813 874 4885 sempiternas,
905 4820 959 4868 et
982 4825 1046 4866 ex
1073 4809 1301 4882 quodam
1331 4807 1482 4863 initio
1501 4805 1758 4878 temporis
1773 4805 2093 4860 commixtas

499 4921 620 4963 esse
666 4922 770 4961 non
817 4905 1078 4970 dicimus;
1128 4903 1243 4958 ne”
1273 4902 1413 4956 inter
1449 4900 1616 4955 multa
1657 4898 1886 4955 absurda
1931 4907 2093 4970 atque

493 5011 694 5056 ‘vesana
715 5041 730 5065 ,
755 5000 916 5054 etiam
939 4997 1036 5054 Dei
1073 5004 1315 5050 naturam
1340 4991 1792 5062 coinquinabilem
1821 4991 2092 5061 corrupti-

503 5092 777 5160 bilemque
821 5089 1083 5149 dicamus.
1126 5085 1280 5154 Quod
1319 5091 1498 5138 autem
1527 5097 1613 5136 me
1652 5081 1825 5134 solum
1854 5079 2095 5135 aftirtnas

490 5181 688 5240 "dlccre
729 5180 896 5235 booas
941 5179 1151 5249 nuptias
1175 5218 1191 5243 ,
1243 5188 1497 5245 reamque
1535 5181 1780 5227 naturam
1812 5188 1824 5226 :
1858 5179 1916 5225 ut
1961 5170 2099 5226 alios

568 5341 586 5373 ³
620 5338 695 5386 Sic
715 5342 824 5385 Itss.
847 5342 902 5383 ιιι
922 5335 1084 5400 \'_igu.,
1126 5329 1305 5400 sentire
1341 5328 1484 5389 dicis,
1508 5325 1637 5390 quod
1661 5323 1847 5376 dicunt.

569 5403 591 5434 ³
623 5401 698 5448 sic
719 5405 827 5448 uss.
855 5404 904 5446 tu
922 5392 1082 5458 \_ign.,
1109 5392 1336 5453 denique.
1401 5450 1414 5458 _
1570 5457 1573 5458 ν
1676 5447 1687 5458 ,
1723 5455 1732 5458 _
1770 5447 1799 5458 Α,

477 5482 494 5493 ~
571 5463 592 5497 ³
623 5461 761 5520 editi,
788 5448 1192 5508 commiftioitem.
1231 5448 1286 5500 Et
1308 5450 1450 5520 paulo
1475 5457 1600 5520 post,
1637 5448 1823 5512 pietatis
1861 5448 2097 5520 tenebras.

505 5529 560 5574 ft
574 5526 699 5574 intra
725 5514 828 5584 pro,
847 5531 1074 5584 reamque
1092 5514 1348 5584 ηιιειςιγιηιἲ
1369 5514 1611 5584 ferebant,
1635 5523 1835 5584 eantque
1857 5519 2098 5584 naturam.

510 5573 657 5637 uiset
679 5573 784 5641 aliis
808 5573 858 5633 in
880 5583 972 5632 ista
989 5573 1314 5644 reSpousione
1338 5576 1456 5625 locis
1477 5573 1799 5623 emendantur
1822 5575 1881 5623 ad
1901 5581 2104 5628 veteres

510 5649 719 5698 codices.

573 5693 916 5773 ξ’ῖιῖἒὴίει-ίυε,
939 5704 1049 5757 ideo
1067 5712 1173 5755 esse
1197 5693 1494 5749 nuit-abilem.
1541 5695 1703 5760 Abest,
1739 5709 1858 5760 esse,
1883 5709 1913 5749 a
1937 5707 2103 5748 manu-

509 5781 925 5904 m:p$i;merius,
947 5843 1050 5887 nec.
1077 5835 1217 5886 διεδ-ν
1247 5829 1323 5868 ηε·

1167 352 1416 412 OPERlS
1452 351 1864 411 IMPERFECTI
1896 348 2171 408 CONTRA
2209 347 2570 421 JULIANUH,
2611 353 2671 411 S.
2711 351 3085 414 AUGUSTINI

2199 472 2402 521 taceam
2425 506 2441 530 ,
2469 465 2538 522 do
2563 466 2654 524 tibi
2684 467 2908 524 Paulum
2933 475 3230 540 apostolum
3249 510 3265 537 ,
3295 464 3456 542 quem
3478 479 3538 528 tu
3565 487 3774 546 quoque

2197 556 2527 616 laudatorem
2554 561 2812 631 praedicas
2830 563 3132 632 nuptiarum
3154 604 3172 631 ,
3216 562 3480 622 dicentem
3504 574 3682 622 tamen
3709 567 3776 622 de

2195 658 2401 706 natura:
2428 651 2703 723 originalis
2726 659 2744 690 ι
2791 662 2938 708 reatu
2957 695 2973 721 ,
3004 669 3197 726 corpus
3221 665 3488 712 mortuum
3517 671 3636 713 esse
3657 672 3781 728 pro-

2196 749 2318 811 pter
2355 753 2629 813 pcccatum
2660 743 2838 818 (Rom.
2868 761 2990 811 vin,
3023 746 3136 817 10).
3187 747 3266 802 Do
3294 747 3388 803 tibi
3424 748 3649 804 alterum
3679 749 3778 804 hu-

2191 833 2283 904 jus
2319 835 2702 892 intellectorem
2727 877 2743 904 ,
2790 853 3075 909 meumque
3113 838 3418 905 doctorem,
3458 840 3772 898 catholicum

2195 925 2538 982 Ambrosium
2564 969 2580 993 ,
2634 929 2725 1000 qui
2774 945 2896 985 cum
2953 929 3136 986 laudet
3184 931 3517 1003 conjugalem
3569 933 3768 1005 pudici-

2195 1020 2323 1075 tiam
2342 1061 2360 1087 ,
2405 1020 2535 1076 dicit
2557 1030 2735 1078 tamen
2768 1041 2782 1078 :
2821 1042 2841 1076 ι
2871 1022 3073 1080 Omnes
3099 1024 3202 1080 sub
3240 1034 3458 1095 peccato
3487 1026 3764 1096 nascimur,

2193 1124 2419 1180 quorum
2449 1111 2563 1182 ipse
2586 1121 2735 1168 ortus
2755 1113 2807 1168 in
2846 1113 2974 1169 vitio
2997 1123 3079 1170 est
3107 1132 3128 1168 ι
3161 1113 3266 1184 (De
3301 1113 3603 1170 Pwm'tentia
3625 1155 3642 1183 ,
3671 1117 3757 1170 lib.

2195 1201 2534 1274 i,cap.2oel
2561 1204 2640 1276 5).
2683 1205 3041 1274 Calumniose,
3077 1207 3408 1264 sententiose
3424 1209 3470 1276 ',
3514 1208 3768 1280 linguose,

2191 1293 2322 1364 quid
2343 1295 2541 1364 quaeris
2568 1297 2837 1368 amplius?

2266 1386 2455 1444 XXVI.
2500 1387 2619 1444 Jun.
2667 1389 2864 1446 Verum
2907 1389 3188 1446 adversum
3231 1389 3346 1446 haec
3378 1390 3602 1448 ludibria
3640 1395 3764 1449 satis

2193 1487 2373 1534 actum
2398 1489 2483 1535 est
2510 1498 2525 1536 :
2557 1481 2835 1537 veniamus
2862 1481 2930 1538 ad
2954 1497 3094 1549 eam,
3125 1498 3285 1554 quam
3309 1498 3469 1553 supra
3497 1483 3624 1549 dixi,
3653 1499 3764 1555 per-

2192 1570 2557 1642 plexissimam
2586 1575 2938 1644 quaestionem
2963 1617 2980 1643 ,
3021 1591 3141 1646 qua:
3179 1575 3353 1647 ipsum
3394 1587 3767 1648 praeceptorem

2193 1671 2342 1718 tuum
2379 1664 2463 1719 sui
2499 1665 2792 1722 subtilitate
2823 1665 3054 1737 decepit.
3085 1665 3418 1738 Oppositioni
3449 1668 3642 1739 quippe
3667 1685 3764 1724 no-

2191 1764 2319 1811 stra:
2337 1799 2353 1825 ,
2385 1756 2523 1813 haud
2549 1757 2866 1828 exponendo
2889 1799 2907 1826 ,
2935 1759 3030 1816 sed
3056 1759 3201 1814 aliud
3240 1757 3504 1815 difficilius
3529 1760 3768 1831 ponendo

2190 1856 2414 1905 conatus
2443 1864 2504 1905 es
2527 1863 2834 1906 occurrere.
2866 1850 3000 1907 Cum
3029 1851 3172 1908 enim
3198 1851 3498 1908 docuissem
3521 1893 3536 1916 .
3565 1854 3686 1924 quia
3715 1854 3764 1909 in

2191 1937 2496 1996 hominibus
2539 1941 2872 2011 perfectioris
2911 1942 3086 1996 :etatis
3125 1943 3320 1997 malum
3361 1953 3549 2014 suapte
3585 1944 3769 1999 volun-

2191 2039 2300 2088 tate
2341 2033 2363 2064 ⁸
2407 2035 2791 2104 operantibus,
2835 2044 2891 2092 et
2925 2035 3153 2092 innocua
3193 2044 3396 2091 natura:
3433 2036 3770 2093 laudarentur

2189 2125 2433 2195 exordia,
2458 2135 2517 2183 et
2538 2128 2808 2184 actionum
2831 2128 3143 2185 diverticula
3164 2128 3286 2200 jure
3313 2129 3766 2201 vituperarentur;

2189 2216 2404 2290 duoque
2444 2233 2582 2287 esse,
2632 2235 2754 2292 qua:
2802 2221 3008 2292 possint
3052 2222 3338 2276 contrariis
3381 2222 3666 2292 applicari;
3717 2223 3766 2277 in

2189 2311 2426 2381 parvulis
2454 2323 2632 2368 autem
2661 2329 2826 2368 unum
2850 2355 2867 2382 ,
2899 2312 2952 2369 id
2978 2323 3092 2379 est,
3121 2322 3364 2370 naturam
3384 2355 3400 2379 ,
3435 2315 3556 2384 quia
3584 2315 3768 2370 volun-

2191 2411 2273 2459 tas
2301 2419 2406 2458 non
2435 2413 2613 2471 esset;
2657 2405 2893 2475 illudque
2929 2421 3093 2461 unum
3135 2415 3228 2462 aut
3265 2407 3404 2473 Deo,
3431 2416 3522 2462 aut
3547 2406 3769 2463 dmmoni

2189 2509 2311 2552 esse
2336 2495 2690 2566 reputandum
2717 2513 2732 2550 :
2763 2497 3063 2568 collegique
3085 2495 3110 2529 ⁸
3133 2538 3148 2565 ,
3175 2505 3237 2552 ιιι
3263 2498 3308 2552 si
3354 2512 3449 2568 per
3484 2497 3646 2552 Deum
3675 2513 3769 2553 na-

2191 2596 2310 2644 tura
2363 2589 2724 2657 subsisteret,
2767 2605 2873 2646 non
2926 2599 3110 2662 posset
3152 2606 3274 2648 esse
3313 2593 3366 2647 in
3406 2606 3470 2648 ea
3523 2592 3771 2663 originale

2190 2680 2426 2748 malum;
2455 2681 2498 2736 si
2527 2691 2703 2737 autem
2726 2681 2940 2738 diabolo
2977 2683 3425 2740 transcriberetur
3453 2697 3548 2754 per
3574 2683 3772 2754 ingeni-

2190 2779 2302 2826 tum
2334 2772 2534 2851 malum
2557 2812 2572 2839 ,
2604 2772 2735 2828 nihil
2763 2781 2912 2830 esset
2938 2787 3033 2843 per
3057 2773 3198 2844 quod
3230 2773 3391 2828 homo
3425 2773 3602 2829 divino
3625 2774 3771 2844 operi

2191 2865 2556 2922 vindicaretur
2587 2885 2600 2921 :
2630 2881 2752 2922 cum
2781 2881 2911 2938 ergo
2949 2866 3017 2922 ad
3042 2882 3106 2922 ea
3136 2867 3469 2937 pervenisses
3494 2867 3605 2922 loca
3627 2909 3645 2934 ,
3683 2883 3772 2923 re-

2188 2957 2474 3029 spondisti,
2507 2957 2610 3014 ﬁde
2635 2959 2812 3027 solita,
2850 2972 2939 3014 me
2968 2959 3248 3029 collegisse
3272 2972 3492 3023 verum;
3519 2956 3614 3013 sed
3640 2967 3693 3012 et
3719 2957 3769 3012 in

2190 3050 2426 3122 parvulis
2451 3050 2560 3106 duo
2586 3066 2725 3117 esse,
2752 3049 2803 3105 id
2825 3059 2928 3117 est,
2958 3059 3200 3105 naturam
3229 3059 3283 3104 et
3305 3059 3601 3120 peccatum.
3621 3049 3769 3117 Quod

2193 3153 2369 3200 tamen
2399 3152 2672 3215 peccatum
2693 3185 2710 3210 ,
2751 3150 2811 3198 ut
2842 3143 3079 3214 priorum
3113 3142 3482 3198 definitionum
3525 3141 3768 3198 recorde-

2190 3235 2306 3302 ris,
2354 3235 2488 3290 nihil
2531 3243 2615 3290 est
2657 3234 2822 3302 aliud,
2877 3250 3036 3306 quam
3086 3235 3334 3290 voluntas
3383 3234 3642 3290 retinendi
3689 3235 3768 3290 vel

2191 3326 2504 3382 admittendi
2536 3326 2678 3397 quod
2705 3326 2910 3397 justitia
2940 3335 3082 3383 vetat
3107 3368 3122 3392 ,
3169 3335 3226 3382 et
3265 3327 3407 3382 unde
3437 3327 3655 3384 liberum
3691 3336 3771 3384 est

2190 3420 2482 3476 abstinere.
2512 3418 2816 3476 Constituto
2842 3434 2971 3490 ergo
2999 3428 3276 3491 peceatum
3303 3419 3433 3475 nihil
3461 3434 3587 3475 esse
3609 3419 3766 3484 aliud,

2191 3527 2350 3585 quam
2378 3527 2555 3583 prava:
2577 3512 2868 3567 voluntatis
2892 3511 3244 3578 electionem;
3276 3511 3616 3582 respondisti,
3643 3510 3770 3582 Epi~

2193 3621 2324 3661 cure
2351 3605 2519 3660 nostri
2551 3604 2829 3676 temporis,
2857 3604 2910 3660 in
2937 3605 3171 3674 parvulis
3198 3613 3470 3675 peccatum
3497 3617 3648 3670 esse,
3678 3618 3769 3659 ιο-

2193 3697 2451 3753 luntatem
2482 3713 2592 3752 non
2629 3712 2750 3752 esse
2779 3714 2793 3751 :
2825 3696 2966 3767 quod
3006 3697 3161 3766 cujus
3185 3698 3256 3752 sit
3279 3696 3556 3752 dedecoris
3577 3736 3594 3763 ,
3639 3695 3772 3754 liber

2189 3787 2299 3858 jam
2323 3799 2546 3860 quartus
2569 3787 2823 3845 ostendit.
2852 3787 2909 3843 in
2939 3787 3022 3843 his
3043 3803 3171 3859 ergo
3199 3787 3332 3844 locis
3356 3803 3475 3843 cum
3500 3787 3769 3853 dixissem,

2192 3880 2248 3936 Si
2275 3896 2341 3936 ex
2368 3882 2643 3936 voluntate
2678 3890 2761 3936 est
2805 3889 3080 3950 peccatum
3102 3921 3118 3945 ,
3163 3879 3304 3935 mala
3343 3879 3582 3934 voluntas
3603 3920 3620 3946 ,
3654 3892 3771 3949 qua:

2195 3980 2474 4043 peccatum
2505 3971 2660 4038 facit;
2692 3971 2739 4026 si
2763 3987 2830 4027 ex
2863 3979 3072 4038 natura,
3102 3971 3242 4026 mala
3271 3980 3478 4037 natura,
3507 3986 3624 4042 qua:
3648 3985 3771 4042 pec-

2195 4072 2372 4119 catum
2416 4061 2544 4119 facit
2575 4081 2589 4118 :
2621 4077 2683 4118 ea
2732 4063 3031 4134 quiestione
3063 4077 3126 4118 es
3161 4061 3293 4118 mihi
3329 4071 3552 4118 conatus
3585 4077 3771 4118 occur-

2195 4171 2353 4222 rere,
2383 4171 2541 4226 quam
2570 4170 2600 4208 a
2641 4165 2694 4212 te
2733 4155 3094 4227 excogitatam
3134 4170 3241 4211 non
3282 4168 3404 4210 esse
3435 4152 3768 4209 manifestum

2195 4259 2299 4307 est.
2331 4250 2465 4306 Nam
2495 4265 2618 4306 cum
2649 4256 2774 4305 ante
2797 4250 2898 4304 hos
2925 4263 3094 4304 annos
3118 4262 3360 4304 essemus
3388 4246 3714 4319 Carthagini,
3741 4262 3770 4301 a

2197 4343 2430 4414 quodam
2477 4341 2608 4396 mihi
2658 4341 2933 4398 llonorato
2981 4341 3196 4396 nomine
3240 4339 3262 4372 ⁵
3305 4339 3605 4395 necessario
3643 4344 3770 4402 tuo,

2197 4433 2492 4490 Manichreo
2519 4450 2706 4504 atque,
2752 4433 2894 4489 sicut
2920 4431 3162 4502 epistola:
3201 4441 3392 4486 vestrae
3424 4429 3686 4495 indicant,
3721 4429 3772 4485 id

2197 4527 2372 4598 ipsum
2404 4525 2734 4597 propositum
2760 4535 2862 4582 est.
2894 4523 3056 4595 Cujus
3082 4524 3157 4579 rei
3184 4523 3252 4578 ad
3283 4521 3384 4578 hoc
3413 4519 3774 4577 tantummodo

2197 4621 2300 4679 feci
2331 4621 2656 4678 mentionem
2674 4661 2690 4687 ,
2721 4629 2778 4676 ut
2805 4619 3036 4676 clareret
3073 4618 3210 4672 hanc
3247 4630 3369 4672 esse
3396 4613 3735 4686 quatsﬁonem
3753 4655 3771 4679 ,

2197 4731 2320 4788 quae
2345 4723 2402 4772 et
2438 4714 2644 4770 Manem
2673 4723 2728 4770 et
2765 4713 3091 4768 Marcionem
3118 4720 3243 4767 ante
3281 4718 3362 4766 tot
3389 4709 3580 4764 saecula
3608 4707 3765 4764 dece-

2199 4807 2385 4879 pisset.
2413 4805 2504 4863 Sic
2542 4820 2671 4876 ergo
2713 4804 2950 4875 loqueris
2973 4811 3162 4859 contra
3189 4801 3291 4857 hoc
3317 4799 3460 4872 quod
3497 4813 3596 4870 ego
3626 4797 3777 4854 dixe-

2197 4913 2335 4964 ram,
2361 4896 2416 4952 Si
2446 4903 2720 4967 peccatum
2748 4896 2801 4950 in
2832 4903 3096 4960 naturam,
3123 4891 3262 4948 mala
3292 4900 3478 4946 natura
3506 4904 3626 4960 qua:
3653 4901 3774 4958 pec-

2199 5000 2376 5046 catum
2406 4987 2532 5044 facit
2562 5005 2575 5042 :
2610 5006 2628 5040 ι
2661 4986 2859 5056 Quaero
2890 4985 2958 5042 ab
2986 4985 3076 5040 illo
3099 5025 3117 5054 ,
3147 4983 3191 5039 si
3223 4991 3398 5055 potest
3425 4979 3776 5053 respondeat,

2265 5143 2280 5174 ¹
2319 5148 2474 5192 Forte.
2495 5138 2738 5192 oriainalt'.

2265 5153 2280 5174 ι
2319 5153 2474 5202 Forte,
2495 5153 2738 5205 ongmau.
3673 5193 3685 5204 υ

2265 5205 2287 5236 ³
2319 5211 2457 5264 loco,
2482 5201 3062 5264 ‘contentioseﬂignierius
3083 5199 3416 5257 substituerat,
3435 5192 3782 5264 contumeliose.

2268 5267 2291 5299 ³
2322 5256 2469 5326 Εάίιῖ,
2487 5271 2657 5326 suapte
2679 5256 2873 5314 notia-ti
2899 5263 3070 5314 Verius
3085 5269 3224 5322 Mss,
3241 5256 3410 5324 suapte
3438 5256 3687 5309 υοιιαιιωε.

2265 5327 2288 5361 δ
2321 5334 2477 5389 Forte,
2495 5326 2773 5390 fcolligique,

2265 5392 2288 5424 ι
2324 5377 2713 5455 ΡΔὶιῆἾιοηοὶίαὼ
2756 5383 2963 5455 nomine.
2997 5394 3062 5436 Ac
3102 5383 3248 5448 paulo
3577 5377 3786 5455 epistolis

2201 5458 2381 5503 nostra:
2409 5449 2644 5514 indicant.
2682 5449 3006 5514 Emendautur
3039 5447 3118 5514 ex:
3136 5447 3486 5514 manuscriptis.
3510 5451 3788 5514 ‘Honeratus

2204 5513 2557 5578 porroamicus
2582 5513 2852 5578 Augustini,
2886 5509 3262 5578 quintitanichaeis
3304 5503 3556 5578 aliquando
3578 5503 3785 5578 inhaesit,

2205 5567 2485 5636 notissimus
2503 5581 2581 5623 est
2597 5567 2809 5622 cx'libro
2822 5567 2887 5636 de
2905 5567 3122 5636 Utilitate
3145 5567 3448 5636 credendiad
3469 5578 3580 5616 eum
3592 5567 3786 5636 scripto.

2205 5645 2341 5700 nunc
2370 5635 2592 5700 Julianus,
2607 5636 2725 5700 satis
2762 5634 2943 5700 indicat
2974 5634 3204 5700 eumdem
3240 5633 3399 5700 ipsum
3422 5641 3551 5700 esse,
3575 5633 3788 5700 qui

2207 5663 2341 5687 Ιιυιιυ
2370 5663 2588 5686 δυιιωιυθ
2607 5663 2725 5685 δαιιδ
2763 5663 2939 5684 υιυιωι
2974 5663 3204 5684 ῦιηιωῠιιι
3240 5663 3399 5696 Illam“
3422 5663 3534 5681 ww
3576 5663 3658 5690 ιιυι
3680 5663 3752 5674 u—

2207 5699 2408 5762 thagine
2427 5698 2779 5762 quaestionibus
2812 5697 2974 5762 missis
3016 5697 3074 5745 ad
3121 5696 3470 5762 (Augustinum,
3496 5663 3623 5762 illam
3645 5689 3706 5736 ab
3729 5699 3792 5762 eo

2206 5757 2374 5810 conira
2399 5757 2678 5823 Pelagianos
2690 5760 2950 5823 eximiam,
2974 5771 3086 5823 quae
3107 5757 3174 5808 de
3193 5757 3351 5808 Gratia
3361 5757 3474 5807 Novi
3496 5757 3790 5802 “testamenti

2209 5820 2784 5886 mscribitur,'epistolam
2811 5820 2898 5871 HO
2919 5820 3123 5884 accepit.
