4124 6544
319 418 458 476 N65

1659 404 1860 463 LIBER
1895 402 2215 476 QUINTUS.

3461 406 3598 464 μσς

318 531 455 587 sicut
487 526 823 582 manifestum
846 531 928 580 est
948 565 965 592 ,
992 537 1059 578 ex
1086 521 1356 576 voluntate
1383 517 1522 574 mala
1561 525 1815 588 tanquam
1841 532 1909 574 ex
2007 515 2214 588 justum
2243 520 2346 584 est,
2370 513 2572 572 bonum
2600 522 2684 570 est
2716 531 2730 570 :
2759 509 2959 571 bonum
2987 524 3072 573 est
3097 530 3230 590 ergo
3252 517 3599 590 supplicium.

319 621 513 677 arbore
538 616 677 673 mala
706 617 907 672 fructus
930 617 1047 684 ejus
1077 612 1190 668 fieri
1212 610 1390 667 omnia
1421 625 1585 681 opera
1611 612 1745 665 mala
1771 626 1786 674 ;
1829 609 1910 666 sic

322 713 490 784 ipsam
532 711 858 766 voluntatem
902 707 1132 775 malam,
1179 705 1230 760 id
1262 714 1380 771 est,
1431 705 1599 776 ipsam
1640 703 1907 760 fructuum

323 803 585 860 malorum
613 801 859 856 arborem
891 800 1084 854 malam
1117 797 1257 854 unde
1287 797 1428 853 dicat
1455 807 1720 854 exortam.
1754 797 1810 852 Si
1841 811 1908 852 ex

319 894 546 965 angelo;
573 893 700 963 quid
724 901 838 947 erat
863 891 976 962 ipse
996 891 1236 962 angelus,
1269 889 1367 944 nisi
1395 889 1590 944 bonum
1615 883 1750 959 opus
1779 887 1911 943 Dei?

318 984 376 1042 Si
408 1000 474 1040 ex
504 984 749 1049 homine;
779 983 905 1056 quid
930 991 1046 1039 erat
1073 983 1186 1054 ipse
1212 981 1395 1048 homo,
1427 981 1529 1037 nisi
1555 981 1750 1036 bonum
1776 994 1912 1051 opus

322 1075 462 1132 Dei?
509 1075 621 1130 lmo
661 1075 786 1146 quia
829 1075 1074 1130 voluntas
1110 1073 1247 1129 mala
1287 1089 1353 1130 ex
1381 1073 1570 1145 angelo
1608 1071 1819 1143 angeli,
1856 1081 1913 1128 et

320 1182 386 1222 ex
414 1167 629 1221 homine
655 1165 884 1221 hominis
909 1175 1028 1221 orta
1052 1173 1168 1231 est;
1200 1163 1324 1236 quid
1352 1173 1505 1220 erant
1531 1163 1644 1219 haec
1665 1163 1794 1226 duo,
1816 1179 1915 1218 an-

324 1268 536 1330 tequam
562 1258 614 1313 in
640 1258 720 1313 eis
750 1259 847 1313 ista
887 1258 1024 1312 mala
1061 1257 1364 1320 orirentur,
1397 1254 1499 1311 nisi
1541 1255 1738 1310 bonum
1778 1267 1914 1325 opus

325 1353 445 1419 Dei,
467 1362 519 1407 et
539 1352 674 1407 bona
686 1359 848 1423 atque
864 1351 1122 1406 laudanda
1139 1361 1324 1405 natura
1340 1349 1364 1404 ἳ
1382 1349 1520 1405 Ecce
1536 1362 1664 1420 ergo
1685 1363 1750 1403 ex
1770 1347 1915 1403 bono

321 1445 495 1499 oritur
515 1443 736 1510 malum,
769 1459 868 1499 nec
896 1442 995 1498 fuit
1013 1442 1232 1498 omnino
1259 1441 1400 1498 unde
1426 1441 1554 1497 oriri
1586 1452 1788 1512 posset,
1812 1441 1913 1497 nisi

322 1550 390 1590 ex
417 1534 590 1601 bono;
622 1535 788 1605 ipsam
819 1534 940 1588 dico
980 1534 1308 1589 voluntatem
1349 1531 1576 1600 malam,
1603 1547 1761 1603 quam
1791 1531 1914 1586 nul-

323 1629 435 1685 lum
481 1629 754 1700 prmcessit
800 1628 1031 1694 malum;
1064 1644 1170 1682 non
1210 1641 1373 1698 opera
1413 1627 1550 1681 mala
1575 1667 1591 1692 ,
1638 1641 1761 1696 qua:
1808 1640 1914 1679 non

321 1731 450 1779 sunt
475 1722 576 1778 nisi
604 1738 668 1777 ex
695 1722 966 1776 voluntate
986 1721 1145 1786 mala,
1173 1729 1421 1790 tanquam
1443 1735 1511 1775 ex
1535 1718 1729 1774 arbore
1751 1717 1912 1772 mala.

323 1816 437 1874 Nec
468 1817 587 1872 ideo
628 1825 804 1870 tamen
832 1831 896 1870 ex
928 1813 1068 1868 bono
1102 1812 1274 1885 potuit
1301 1811 1428 1866 oriri
1459 1811 1708 1866 voluntas
1737 1810 1914 1877 mala,

322 1909 445 1981 quia
493 1909 689 1963 bonum
739 1906 936 1961 factum
976 1915 1058 1960 est
1098 1919 1128 1959 a
1171 1903 1280 1958 Deo
1320 1902 1490 1968 bono;
1537 1901 1631 1957 sed
1675 1900 1797 1970 quia
1847 1899 1916 1956 de

322 2001 490 2056 nihilo
532 2000 724 2054 factum
756 2006 872 2062 est,
905 1995 1106 2051 nonde
1134 1993 1264 2050 Deo.
1305 1993 1443 2061 Quid
1486 2001 1570 2049 est
1611 2007 1739 2063 ergo
1772 1989 1915 2062 quod

321 2091 472 2154 dicit,
504 2088 560 2146 Si
589 2097 776 2143 natura
802 2102 936 2158 opus
965 2096 1048 2142 est
1076 2086 1189 2152 Dei,
1231 2102 1323 2156 per
1352 2099 1486 2156 opus
1515 2083 1607 2138 Dei
1635 2098 1770 2154 opus
1796 2082 1916 2137 dia-

319 2181 433 2238 boli
461 2181 691 2237 transire
721 2197 826 2234 non
845 2178 1072 2234 sinitur?
1095 2178 1281 2233 Nonne
1301 2193 1437 2250 opus
1457 2175 1678 2242 diaboli,
1703 2173 1916 2247 quando

321 2276 380 2330 in
414 2273 603 2345 angelo
631 2273 720 2342 qui
746 2271 991 2326 diabolus
1021 2270 1190 2326 factus
1220 2278 1306 2326 est
1327 2311 1344 2338 ,
1393 2269 1542 2341 prius
1579 2278 1756 2322 ortum
1798 2274 1912 2333 est,

323 2367 379 2423 in
409 2383 569 2437 opere
595 2365 689 2420 Dei
713 2374 888 2419 ortum
918 2364 1045 2421 est?
1069 2363 1404 2434 Quapmpter
1443 2363 1487 2417 si
1535 2361 1732 2415 malum
1772 2357 1915 2430 quod

321 2457 546 2512 omnino
574 2470 832 2525 nusquam
859 2463 976 2510 erat
1005 2454 1056 2508 in
1087 2468 1252 2524 Opere
1291 2451 1384 2508 Dei
1415 2451 1544 2506 oriri
1575 2449 1778 2520 potuit;
1817 2464 1918 2504 cur

322 2547 523 2603 malum
559 2544 700 2617 quod
729 2545 920 2601 alicubi
947 2544 1058 2615 jam
1085 2553 1200 2599 erat
1219 2585 1236 2609 ,
1279 2559 1374 2614 per
1402 2557 1536 2613 opus
1565 2541 1654 2596 Dei
1689 2540 1917 2595 transire

323 2653 431 2694 non
471 2637 682 2709 potuit?
723 2636 987 2708 Numquid
1027 2635 1274 2690 homines
1315 2649 1421 2689 non
1462 2640 1587 2689 sunt
1611 2647 1746 2703 opus
1777 2629 1918 2686 Dei?

322 2731 648 2788 Pcrtransiit
675 2745 804 2802 ergo
835 2740 1109 2800 peccatum
1144 2745 1237 2800 per
1266 2727 1531 2791 homines,
1557 2726 1658 2782 hoc
1677 2735 1780 2793 est,
1803 2725 1918 2779 dia-

327 2821 441 2878 boli
470 2838 606 2893 epus
637 2837 731 2892 per
759 2835 894 2890 Opus
922 2821 1050 2883 Dei;
1091 2828 1251 2888 atque
1282 2827 1340 2872 ut
1369 2818 1475 2871 alio
1502 2816 1660 2872 modo
1687 2815 1916 2886 idipsum

319 2913 499 2969 dicam
521 2953 537 2978 ,
581 2927 715 2982 opus
745 2911 838 2965 Dei
876 2924 972 2978 per
1009 2923 1144 2977 opus
1171 2907 1352 2977 operis
1382 2907 1474 2962 Dei
1511 2924 1531 2959 ι
1573 2905 1675 2980 (De
1705 2903 1918 2976 Nuptiis

321 3015 374 3060 et
395 3003 644 3070 Concup.,
675 3002 763 3054 lib.
785 3000 838 3063 2,
868 3017 922 3053 η.
949 2997 1060 3070 48).
1087 2997 1212 3052 llam
1232 3007 1337 3052 tam
1365 2998 1551 3063 multa,
1583 3013 1701 3068 qua:
1721 2996 1788 3052 de
1815 2997 1920 3053 tuis

321 3093 665 3150 sermonibus
695 3092 885 3162 posui,
931 3097 1258 3161 aperuerunt
1299 3088 1516 3143 omnino
1560 3088 1729 3158 ipsum
1761 3095 1920 3157 caput

321 3193 383 3241 et
412 3183 608 3239 fontem
638 3183 836 3238 erroris
865 3180 1068 3251 antiqui
1101 3198 1114 3234 :
1146 3179 1276 3234 nihil
1302 3180 1353 3234 in
1382 3178 1539 3234 dictis
1565 3178 1668 3233 tuis
1687 3179 1916 3244 acutius,

321 3278 460 3334 nihil
493 3277 545 3330 in
574 3275 889 3330 disserendo
918 3273 1224 3345 perplexius
1262 3272 1522 3339 attulisti;
1561 3281 1674 3327 toto
1700 3271 1920 3327 omnino

320 3387 518 3442 campo
545 3368 921 3440 disputationis
949 3368 1199 3440 agitatus,
1223 3381 1286 3421 ac
1308 3366 1374 3422 de
1400 3365 1544 3421 omni
1567 3365 1707 3431 loco,
1741 3365 1791 3419 in
1814 3377 1921 3433 quo

325 3469 634 3518 tcntaveras
659 3461 951 3516 subsistere
970 3501 986 3525 ,
1016 3457 1181 3513 armis
1223 3457 1430 3513 infesta:
1465 3457 1707 3513 veritatis
1733 3453 1923 3526 expul-

324 3569 446 3619 sus,
479 3553 770 3624 pervenisti
804 3549 1016 3606 tandem
1047 3549 1114 3604 ad
1141 3549 1289 3605 illum
1320 3564 1565 3619 specum,
1594 3562 1753 3619 quem
1783 3547 1922 3600 inter

323 3661 496 3718 Opaca
551 3646 905 3717 qmnstionum
955 3642 1276 3697 Manichmus
1335 3639 1564 3696 federal.
1621 3637 1922 3696 Reddidisti

328 3739 683 3812 propositioni
715 3738 838 3792 huic
877 3735 1242 3791 testimonium
1281 3731 1613 3790 difficultatis
1637 3747 1749 3788 sum
1773 3771 1789 3798 ,
1834 3731 1921 3786 di-

327 3848 462 3889 cens
485 3874 500 3898 ,
535 3851 554 3884 ι
590 3831 783 3899 Quaero
808 3829 876 3884 ab
903 3829 994 3883 illo
1014 3870 1029 3894 ,
1060 3836 1119 3882 ut
1141 3826 1189 3882 si
1219 3835 1394 3897 potest
1421 3824 1744 3896 respondeat
1772 3842 1786 3880 :
1821 3842 1840 3876 ι
1869 3830 1926 3879 ει

330 3923 454 3980 ideo
482 3923 730 3994 quoniam
771 3919 1022 3975 convenit
1063 3918 1202 3974 inter
1241 3927 1526 3988 utrumque
1562 3925 1802 3971 nostrum
1845 3914 1926 3969 lo-

331 4031 457 4072 cum
482 4030 604 4071 esse
632 4013 926 4080 difficilem,
955 4021 1012 4067 ut
1041 4019 1152 4067 toto
1174 4011 1354 4065 animo
1379 4009 1518 4064 adsit
1541 4009 1710 4065 lector
1735 4007 1925 4063 admo-

332 4124 460 4166 neo.
505 4107 880 4164 Distinctiones
909 4121 1004 4177 pro
1033 4107 1110 4160 rei
1141 4103 1448 4160 conditione
1489 4105 1714 4160 subtiles
1735 4145 1750 4170 ,
1791 4117 1926 4174 quas

334 4202 620 4272 adjuvante
640 4200 855 4256 Christo
874 4199 1086 4254 confido
1107 4199 1474 4270 pinguescere,
1499 4198 1646 4268 prius
1666 4198 1924 4266 intentus,

338 4307 468 4347 mox
500 4305 720 4348 securus
747 4290 1009 4361 sequitur.
1038 4288 1288 4358 Quaesisti
1317 4304 1481 4360 ergo,
1514 4287 1654 4344 unde
1681 4288 1875 4344 malum
1908 4304 1924 4343 :

340 4383 652 4453 interrogo,
695 4381 837 4453 quod
879 4382 1076 4440 malum
1105 4381 1290 4449 dicas;
1331 4397 1614 4437 commune
1652 4382 1794 4438 enim
1825 4379 1930 4436 hoc

341 4490 542 4530 nomen
571 4483 652 4529 est
679 4472 850 4542 culpa:
876 4481 931 4527 et
955 4471 1237 4537 vindictae;
1264 4481 1520 4528 caeterum
1545 4472 1765 4528 abusive
1795 4487 1927 4543 sup-

338 4565 556 4635 plicium
579 4563 776 4618 malum
801 4573 1042 4627 vocatur,
1064 4579 1184 4618 cum
1211 4563 1471 4634 gravitate
1495 4563 1612 4634 ejus
1632 4580 1739 4634 quo
1764 4562 1929 4620 infer-

343 4665 433 4711 tur
455 4657 638 4726 judicii
676 4657 992 4712 vindicetur.
1031 4655 1379 4727 Respondes,
1419 4655 1486 4712 de
1511 4666 1731 4728 peccato
1760 4666 1810 4712 te
1847 4655 1931 4712 di-

337 4765 485 4816 cere,
515 4765 619 4806 non
645 4751 712 4806 de
741 4749 1022 4821 supplicio.

412 4842 547 4898 Anc.
579 4842 844 4911 Aperuisti
873 4840 1091 4895 omnino
1119 4839 1400 4894 stultitiam
1445 4847 1589 4894 tuam
1614 4879 1630 4904 ,
1672 4848 1930 4910 quantum

340 4931 581 5006 potuisti,
607 4931 697 5003 qui
725 4932 923 4986 malum
951 4929 1223 4986 confiteris
1243 4945 1363 4985 esse
1391 4944 1630 5000 peccare,
1655 4939 1710 4984 ει
1730 4929 1928 4984 malum

342 5039 450 5082 non
476 5041 596 5080 esse
623 5025 789 5090 dicis,
817 5024 912 5080 sed
939 5023 1156 5079 abusive
1186 5023 1383 5077 malum
1410 5022 1586 5078 vocari
1611 5063 1626 5086 ,
1657 5023 1920 5094 supplicio

341 5119 651 5190 sempiterni
673 5119 808 5190 ignis
835 5117 1045 5172 ardere.
1073 5116 1178 5172 Sed
1208 5127 1366 5171 tanta:
1396 5116 1744 5172 absurditatis
1765 5118 1930 5172 ratio-

341 5226 466 5266 nem
489 5209 666 5265 reddis
695 5211 964 5280 egregiam
993 5225 1006 5262 :
1041 5227 1062 5261 ι
1099 5207 1352 5275 Abusive,
1391 5227 1411 5260 ι
1449 5207 1644 5280 inquis,
1679 5227 1698 5261 ι
1733 5209 1933 5278 suppli-

339 5303 483 5358 cittm
510 5302 705 5356 malum
737 5310 973 5364 vocatur,
1005 5315 1124 5356 cum
1149 5300 1407 5371 gravitate
1431 5299 1549 5370 ejus
1577 5315 1682 5370 quo
1709 5299 1934 5356 infertur

343 5391 525 5463 judieii
555 5393 873 5448 vindicetur.
919 5411 938 5446 ι
979 5392 1034 5446 Si
1064 5407 1193 5463 ergo
1215 5433 1231 5458 ,
1267 5400 1324 5446 ut
1352 5391 1455 5447 hoc
1483 5392 1631 5447 dicas
1652 5433 1667 5458 ,
1696 5392 1932 5447 damnati

345 5502 557 5558 poenam
603 5502 732 5541 non‘
764 5503 828 5541 ex
885 5485 1098 5540 miseria
1154 5484 1423 5556 patientis,
1477 5483 1570 5540 sed
1615 5499 1681 5539 ex
1727 5483 1930 5554 justitia

343 5577 648 5635 damnantis
677 5577 969 5646 appendis;
1000 5575 1086 5631 dic
1111 5575 1350 5645 apertius
1371 5615 1386 5640 ,
1414 5575 1614 5630 bonum
1643 5590 1764 5630 esse
1801 5590 1931 5645 sup-

344 5671 561 5742 plicium
585 5711 601 5734 ,
649 5668 790 5741 quod
829 5667 1050 5724 abusive
1076 5666 1208 5722 dicis
1248 5665 1445 5720 malum
1475 5666 1674 5720 vocari.
1711 5665 1929 5736 Suppli-

333 5761 482 5817 cium
503 5769 585 5816 cst
611 5760 756 5816 enim
780 5773 932 5829 pcena
961 5758 1182 5830 peccati,
1211 5766 1264 5812 et
1282 5755 1424 5826 justa
1452 5764 1536 5811 est
1561 5757 1740 5827 utique
1772 5772 1928 5827 poena

340 5852 548 5921 peccati
577 5869 592 5907 :
620 5851 825 5924 justum
846 5861 925 5907 cst
947 5851 1122 5922 itaque
1148 5847 1502 5921 supplicium;
1531 5859 1583 5904 et
1604 5863 1762 5906 omne
1783 5850 1926 5920 quod

2013 609 2204 666 Nonne
2228 610 2403 665 cernis
2423 651 2439 676 ,
2468 610 2570 666 nisi
2599 611 2670 667 ita
2699 610 3009 669 damnatum
3036 629 3066 668 a
3091 612 3379 672 damnante
3403 615 3599 672 distin-

2014 715 2165 772 guas,
2194 709 2256 755 ut
2277 700 2446 771 ipsam
2476 701 2894 769 damnationem,
2923 703 3063 776 quod
3087 705 3406 776 supplicium
3434 717 3516 762 est
3543 716 3602 764 et

2015 807 2173 864 poena
2225 792 2469 864 peccati,
2529 791 2726 849 bonum
2775 793 2992 866 quidem
3035 811 3172 866 Opus
3221 813 3341 853 esse
3387 813 3598 856 asseras

2014 884 2338 953 damnantis,
2380 885 2476 942 sed
2519 885 2757 942 damnati
2798 888 3014 943 exitium
3053 889 3251 944 malum
3282 907 3296 943 :
3325 905 3431 945 non
3456 932 3474 959 ,
3514 891 3602 946 in-

2015 993 2198 1048 quam,
2227 977 2425 1048 cernis,
2457 978 2562 1034 nisi
2592 979 2707 1036 haec
2733 995 2796 1036 ea
2828 981 3032 1036 ratione
3060 981 3377 1052 distinguas,
3405 983 3473 1039 ad
3502 984 3605 1040 hoc

2018 1076 2070 1122 te
2094 1067 2308 1150 perduci
2335 1079 2392 1125 ut
2418 1068 2587 1136 dicas,
2612 1069 2855 1126 homines
2876 1071 3031 1127 malis
3057 1073 3306 1142 operibus
3328 1075 3460 1140 suis,
3496 1091 3604 1129 non

2015 1160 2084 1215 ad
2111 1161 2246 1215 mala
2276 1177 2395 1230 qua:
2423 1163 2692 1233 patiantur
2711 1165 2980 1234 graviora,
3005 1165 3146 1235 quod
3171 1181 3357 1222 verum
3383 1177 3484 1230 est,
3509 1167 3603 1223 sed

2018 1251 2086 1308 ad
2123 1251 2262 1307 bona
2291 1253 2470 1325 potius
2502 1256 2817 1324 pervenire,
2857 1256 3000 1328 quod
3029 1266 3136 1312 tam
3164 1257 3355 1314 falsum
3384 1270 3508 1325 est,
3549 1269 3606 1314 et

2019 1353 2166 1400 tanta
2193 1346 2426 1402 vanitate
2451 1345 2648 1403 dicitur
2670 1388 2686 1413 ,
2728 1355 2786 1402 ut
2808 1347 2905 1402 ista
2937 1363 3128 1420 sapere
3159 1357 3363 1405 tantum
3389 1351 3459 1405 sit
3487 1365 3606 1404 ma-

2019 1438 2150 1501 lum,
2179 1448 2436 1510 quantum
2467 1449 2550 1496 est
2569 1441 2730 1496 etiam
2757 1441 2938 1497 cordis
2959 1443 3087 1498 caici
3114 1444 3430 1515 supplicium
3453 1444 3479 1499 ἲ
3509 1444 3607 1514 Igi-

2021 1539 2108 1585 tur
2136 1547 2242 1585 non
2270 1530 2490 1588 abusive
2517 1543 2738 1592 vocatur
2765 1534 2999 1601 malum;
3029 1535 3122 1591 sed
3151 1553 3374 1608 prorsus
3403 1539 3603 1594 malum

2019 1631 2106 1678 est
2131 1623 2348 1692 patienti
2377 1641 2393 1679 :
2433 1625 2631 1680 bonum
2661 1635 2744 1682 est
2769 1635 2945 1682 autem
2982 1626 3228 1692 facienti,
3256 1630 3376 1700 quia
3402 1630 3607 1701 justum

2020 1726 2104 1772 est
2140 1731 2352 1788 pinnam
2385 1717 2620 1790 irrogare
2646 1720 2911 1791 peecanti.
2961 1719 3017 1776 Si
3053 1719 3286 1778 delirare
3331 1737 3438 1777 non
3480 1722 3561 1778 vis
3587 1761 3606 1787 ,

2021 1808 2121 1866 ista
2151 1810 2437 1880 distingue.
3266 1801 3272 1810 ’

2093 1899 2309 1956 XXVII.
2359 1900 2476 1957 Jun.
2509 1900 2716 1974 Quatris
2755 1917 2885 1974 ergo
2930 1903 3070 1960 unde
3111 1903 3182 1959 sit
3223 1903 3328 1961 hoc
3364 1905 3561 1962 malum
3587 1947 3606 1972 ,

2020 1995 2162 2066 quod
2194 1995 2384 2052 merito
2411 1995 2608 2051 malum
2633 2005 2854 2052 vocatur
2875 2038 2892 2064 ,
2936 1996 2988 2052 id
3013 2007 3132 2064 est,
3171 2006 3474 2069 peccatum.
3496 1998 3609 2054 lle-

2020 2085 2281 2156 spondeo,
2309 2087 2558 2158 imperite
2589 2087 2749 2143 nimis
2777 2088 2951 2159 rogari
2979 2088 3240 2159 originem
3267 2089 3341 2144 rei
3367 2130 3384 2155 ,
3413 2087 3482 2145 de
3507 2103 3609 2144 cu-

2015 2178 2104 2250 jus
2142 2178 2320 2234 adhuc
2354 2177 2664 2235 definitione
2698 2194 2808 2236 non
2852 2180 3113 2236 constitit.
3145 2180 3434 2236 Videamus
3471 2195 3603 2251 ergo

2020 2269 2168 2340 prius
2197 2277 2372 2324 utrum
2399 2269 2488 2338 sit,
2513 2280 2639 2324 tunc
2663 2269 2789 2341 quid
2810 2269 2901 2337 sit,
2929 2271 3173 2325 ultimum
3205 2271 3346 2328 unde
3363 2271 3451 2326 sit.
3477 2269 3608 2327 Feci

2021 2357 2124 2413 hoc
2149 2359 2363 2429 quidem
2392 2359 2444 2413 in
2467 2359 2640 2430 primo
2663 2359 2944 2429 praesentis
2967 2361 3147 2430 operis
3171 2360 3376 2424 libello,
3415 2359 3509 2416 sed
3535 2360 3608 2416 ibi

2021 2463 2089 2505 ex
2128 2447 2308 2519 aliqua
2356 2459 2505 2520 parte
2541 2463 2759 2506 securus
2790 2451 3131 2522 :atnbigatur
3169 2467 3300 2523 ergo
3331 2462 3510 2510 utrum
3539 2453 3614 2508 sit

1989 2610 1994 2614 ν
2020 2541 2242 2598 malum.

2092 2636 2228 2692 AUG.
2261 2631 2318 2690 Si
2349 2642 2404 2690 tu
2432 2647 2553 2690 esse
2577 2632 2776 2690 malum
2799 2632 3010 2691 diceres
3029 2676 3046 2702 ,
3089 2647 3191 2706 ego
3224 2642 3403 2691 autem
3448 2649 3612 2707 nega-

2022 2739 2136 2780 rem
2162 2741 2178 2790 ;
2207 2733 2333 2780 tunc
2359 2725 2499 2781 inter
2525 2740 2622 2780 nos
2648 2725 2873 2796 quwstio
2898 2734 3196 2781 verteretur
3216 2767 3233 2794 ,
3265 2735 3441 2782 utrum
3466 2735 3612 2783 esset

2021 2817 2222 2874 malum
2243 2859 2261 2888 ,
2306 2819 2357 2873 in
2387 2833 2490 2888 qua
2528 2819 2825 2890 quaestione
2853 2818 3156 2889 susciperes
3183 2818 3468 2874 ostendere
3493 2833 3611 2873 ma-

2023 2908 2134 2964 lum
2158 2923 2300 2973 esse,
2333 2909 2456 2980 quia
2487 2907 2538 2962 id
2568 2925 2596 2961 a
2625 2924 2712 2964 me
2743 2919 2992 2977 negatum
3021 2917 3164 2964 esset
3195 2925 3210 2962 :
3239 2923 3364 2963 cum
3398 2924 3530 2964 vero
3559 2907 3613 2964 id

2023 3008 2214 3056 neuter
2244 3008 2482 3054 nostrum
2505 3007 2682 3070 neget,
2713 3009 2902 3054 neuter
2927 2999 3050 3053 hine
3075 2998 3338 3070 ambigat;
3365 2999 3490 3070 quid
3519 3015 3615 3069 po-

2023 3091 2130 3146 scis
2158 3099 2215 3145 ut
2239 3089 2538 3161 ambigatur
2562 3090 2702 3145 unde
2727 3105 2836 3144 non
2863 3091 3152 3161 ambigitur
3170 3131 3187 3158 ,
3230 3091 3331 3146 nisi
3361 3091 3616 3162 loquendi

2024 3182 2278 3248 libidine;
2307 3191 2365 3237 ut
2391 3197 2497 3238 non
2532 3183 2814 3239 verborum
2845 3197 3088 3237 meorum
3117 3182 3451 3238 convictione
3473 3223 3489 3249 ,
3517 3181 3616 3238 sed
3641 3209 3668 3232 κ

2024 3275 2280 3333 librorum
2313 3285 2523 3331 tuorum
2548 3274 2881 3331 multitudine
2904 3275 3188 3346 glorieris?

2098 3367 2338 3424 XXVIII.
2367 3367 2488 3424 JUL.
2516 3369 2586 3422 At
2614 3366 2666 3423 id
2694 3381 2814 3422 esse
2839 3375 3102 3422 testantur
3125 3367 3455 3438 frequentata
3484 3365 3617 3422 vitia

2026 3468 2082 3516 et
2108 3475 2293 3516 severa
2312 3459 2512 3530 judicia
2543 3475 2560 3514 :
2588 3457 2828 3514 constitit
2851 3473 2980 3530 ergo
2999 3473 3120 3514 esse
3141 3469 3438 3529 peccatum.
3459 3458 3619 3528 Qua:-

2028 3551 2198 3608 rimus
2223 3550 2350 3622 quid
2392 3551 2494 3617 sit;
2545 3559 2723 3604 utrum
2761 3563 2960 3620 corpus
2988 3549 3202 3620 aliquod
3227 3549 3335 3615 sit,
3379 3549 3518 3619 quod
3549 3563 3618 3605 ex

2030 3645 2212 3700 multis
2239 3645 2255 3676 ⁸
2282 3644 2638 3714 compositum
2663 3642 2938 3708 videatur;
2962 3657 3028 3698 an
3055 3641 3319 3713 singulare
3338 3641 3616 3714 quiddam,

2028 3737 2168 3792 sicut
2194 3751 2361 3791 unum
2387 3735 2603 3805 aliquod
2631 3734 2978 3800 elementum,
3009 3735 3094 3790 vel
3125 3751 3220 3806 per
3243 3734 3619 3806 cogitationem

2029 3845 2061 3886 a
2085 3830 2404 3901 reliquorum
2433 3829 2810 3886 communione
2839 3837 3138 3899 purgatum.
3166 3829 3332 3883 Porro
3357 3827 3488 3882 nihil
3514 3829 3618 3882 ho-

2029 3941 2149 3982 rum
2175 3934 2278 3981 est.
2310 3923 2448 3994 Quid
2477 3933 2559 3979 est
2591 3923 2759 3994 ergo?
2786 3923 3068 3994 Appetitus
3093 3921 3277 3977 liberae
3305 3917 3616 3987 voluntatis,

2031 4032 2192 4088 quem
2235 4015 2483 4086 prohibet
2513 4014 2718 4085 justitia
2749 4031 2761 4068 :
2791 4014 2910 4080 vel,
2958 4023 3015 4068 ut
3051 4013 3363 4068 definitione
3405 4023 3624 4068 utamur

2031 4110 2233 4182 priore,
2264 4108 2524 4163 Voluntas
2551 4105 2777 4162 faciendi
2807 4105 2948 4177 quod
2971 4105 3175 4176 justitia
3203 4115 3367 4172 vetat,
3395 4114 3451 4160 et
3479 4104 3622 4160 unde

2033 4199 2261 4255 liberum
2304 4208 2387 4254 est
2423 4198 2712 4254 abstinere.
2752 4197 3043 4252 Considera
3069 4212 3220 4271 ergo,
3253 4207 3430 4251 utrum
3471 4207 3624 4251 extra

2035 4292 2292 4349 terminos
2330 4291 2654 4346 definitionis
2683 4289 2843 4361 hujus
2883 4298 3157 4361 peccatum
3203 4299 3432 4360 nequeat
3472 4291 3620 4346 inve-

2035 4384 2162 4448 niri,
2194 4399 2261 4439 ne
2288 4383 2414 4438 alibi
2441 4391 2696 4454 vagetur,
2727 4381 2869 4452 quod
2910 4397 3006 4437 nos
3041 4383 3486 4451 comprehensum
3519 4399 3621 4453 pn-

2038 4484 2229 4531 tumus.
2257 4474 2612 4531 Consulamus
2637 4489 2766 4546 ergo
2787 4474 3046 4545 justitiam
3068 4474 3379 4546 judicantis,
3408 4485 3465 4530 ut
3488 4485 3544 4530 ει
3569 4475 3628 4531 il-

2036 4567 2138 4623 lius
2168 4567 2476 4624 testimonio
2507 4568 2743 4633 clareat,
2777 4577 2952 4622 utrum
2994 4567 3131 4623 bene
3175 4569 3406 4623 cinetmn
3441 4567 3511 4622 sit
3539 4567 3624 4622 bis

2037 4660 2293 4715 limitibus
2317 4674 2485 4730 genus
2510 4675 2670 4714 omne
2694 4660 2715 4690 '
2743 4659 2966 4727 peccati.
2995 4659 3291 4730 lmputatne
3317 4657 3458 4714 Deus
3477 4658 3622 4728 quod

2035 4751 2139 4807 scit
2167 4766 2274 4806 non
2302 4765 2458 4822 posse
2486 4749 2682 4805 vitari?
2711 4751 2781 4804 At
2807 4749 2949 4804 nulla
2971 4750 3173 4819 justitia
3202 4757 3306 4816 est,
3337 4758 3392 4804 et
3415 4763 3626 4804 summa

2036 4843 2350 4900 deformitas
2381 4861 2395 4898 :
2425 4843 2533 4898 imo
2567 4843 2611 4897 si
2639 4841 2741 4897 hoc
2770 4841 2882 4908 fiat,
2911 4857 3016 4899 non
3049 4842 3342 4910 puniuntur
3369 4851 3581 4913 peccata
3605 4885 3623 4910 ,

2037 4934 2131 4991 sed
2155 4942 2424 4992 crescunt.
2452 4935 2496 4989 Α
2523 4934 2666 5004 justo
2691 4933 2834 4990 enim
2857 4932 3038 5004 judice
3056 4932 3212 5005 culpa
3242 4934 3416 5004 puniri
3444 4934 3580 4990 solet
3607 4954 3623 4992 :

2037 5043 2101 5084 ea
2132 5028 2176 5083 si
2199 5027 2252 5082 in
2285 5028 2455 5097 ipsum
2483 5028 2741 5082 arbitrum
2770 5025 2792 5057 ³
2812 5025 3036 5094 justitia:
3063 5027 3407 5097 corruptione
3435 5043 3626 5099 perva-

2039 5118 2150 5186 dat,
2191 5117 2456 5173 vindicata
2483 5117 2663 5174 estde
2699 5117 2882 5188 judice
2906 5159 2922 5185 ,
2972 5133 3078 5172 non
3111 5119 3314 5188 punita.
3353 5118 3469 5176 Non
3496 5136 3629 5192 ergo

2039 5213 2262 5282 imputat
2284 5212 2490 5282 justitia
2519 5213 2570 5267 in
2602 5220 2878 5283 peceatum
2904 5253 2921 5280 ,
2951 5211 3052 5266 nisi
3098 5212 3243 5268 unde
3277 5213 3504 5270 liberum
3541 5223 3625 5269 est

2037 5305 2327 5360 abstinere.
2358 5304 2607 5358 Liberum
2637 5313 2814 5360 autem
2843 5302 2948 5358 dici
2977 5319 3086 5359 non
3117 5312 3326 5374 potest,
3356 5306 3457 5361 nisi
3481 5305 3624 5377 quod

2038 5398 2155 5453 sine
2196 5397 2373 5466 aliquo
2418 5395 2706 5452 inevitabili
2756 5395 3078 5451 naturalium
3130 5406 3361 5466 coactu,
3409 5395 3462 5451 in
3505 5397 3628 5467 jure

2037 5487 2382 5557 emancipato
2424 5486 2726 5542 constiterit
2763 5487 3071 5543 voluntatis.
3121 5486 3334 5559 Optime
3373 5502 3501 5557 ergo
3538 5494 3624 5541 est

2038 5582 2242 5637 finitum
2284 5591 2338 5636 et
2384 5581 2538 5651 plene
2589 5596 2604 5633 :
2647 5579 2930 5636 Peccatum
2976 5589 3060 5637 est
3104 5581 3349 5636 voluntas
3395 5577 3620 5635 faciendi

2101 5735 2117 5768 ι
2153 5735 2226 5783 sic
2249 5741 2353 5782 Mss.
2381 5739 2436 5781 At
2457 5732 2594 5790 etliti,
2613 5745 2678 5784 ea:
2701 5732 2939 5786 omnibus.

2097 5799 2120 5829 ³
2151 5797 2223 5843 Sic
2241 5802 2343 5844 Mss.
2371 5802 2417 5843 tn
2445 5796 2600 5854 Vign.,
2625 5794 2793 5844 omnis.

2104 5859 2125 5892 ³
2157 5857 2295 5918 Editi,
2319 5856 2584 5907 arbitrium.
2613 5859 2777 5908 Melius
2799 5864 2926 5916 3155.,
2951 5869 2991 5906 a:
3008 5855 3200 5906 bitrum.
