4150 6498
577 334 716 395 “67

575 445 723 518 quod
747 443 951 516 justitia
988 450 1155 510 vetat,
1200 452 1255 504 et
1302 440 1443 502 unde
1489 440 1713 505 liberum
1753 450 1836 495 est
1872 439 2164 494 abstinere.

580 538 683 598 llis
710 552 839 610 ergo
867 535 1109 608 partibus
1131 534 1411 599 absolutis,
1443 541 1715 607 qna-ratur
1744 530 1885 589 unde
1910 529 2001 597 sit,
2027 527 2169 599 quod

579 614 1047 703 perturbatissime
1075 636 1198 684 ante
1232 627 1329 682 bas
1356 624 1696 683 deﬁnitiones
1736 623 1909 678 fuerat
1943 620 2172 692 inquisi-

581 731 721 777 tum.
747 719 901 778 Unde
925 729 1009 776 est
1031 734 1160 791 ergo
1186 717 1499 793 peccatum?
1523 712 1863 785 Respondeo,
1895 712 1974 769 De
2004 711 2173 768 libera

578 814 856 871 voluntate
879 809 1142 868 facientis.

588 948 591 953 .
657 910 792 964 Anc.
825 905 972 965 Itane
988 920 1114 963 vero
1133 902 1201 963 de
1221 901 1384 956 libera
1396 898 1667 955 voluntate
1685 897 1928 955 facientis
1957 904 2061 966 est,
2083 896 2177 952 ubi

586 998 812 1065 dicitur,
844 996 1085 1051 Siaulem
1103 992 1239 1065 quod
1253 991 1370 1046 uolo
1396 1009 1507 1063 ego,
1538 991 1633 1045 hoc
1648 991 1803 1061 facio,
1821 991 1938 1060 jam
1961 1006 2063 1044 non
2085 1004 2176 1060 ego

586 1105 767 1159 operor
786 1085 1041 1151 illud,scd
1063 1083 1199 1152 quod
1222 1083 1413 1137 habitat
1428 1082 1483 1136 in
1500 1098 1579 1136 me
1603 1090 1862 1153 peccatum
1880 1078 2056 1152 (Rom.
2077 1094 2174 1145 vn,

592 1178 717 1246 20)?
745 1179 974 1237 Videsne
1002 1192 1122 1231 cum
1148 1175 1345 1246 quaeris
1374 1174 1518 1229 unde
1558 1173 1628 1229 sit
1671 1180 1947 1243 peccatum
1969 1213 1983 1238 ,
2015 1180 2178 1241 atque

586 1271 910 1345 respondes,
948 1289 966 1323 ι
1003 1270 1077 1325 De
1105 1269 1270 1324 libera
1300 1266 1572 1321 voluntate
1601 1264 1876 1329 facientis,
1909 1282 1929 1316 ι
1965 1261 2094 1319 illud
2127 1270 2178 1318 te

581 1366 817 1434 cogitare
846 1371 1143 1432 peccatum,
1160 1357 1303 1430 quod
1335 1375 1440 1413 non
1462 1366 1546 1413 est
1564 1356 1724 1412 etiam
1748 1371 1904 1426 poma
1926 1353 2128 1433 peccati
2158 1369 2175 1407 :

587 1458 691 1512 hoc
727 1464 902 1509 autem
948 1452 1038 1508 ubi
1079 1453 1201 1507 facit
1237 1450 1398 1505 homo
1428 1449 1570 1521 quod
1607 1465 1713 1504 non
1742 1449 1888 1515 vult,
1917 1456 1971 1503 et
1997 1455 2178 1501 tamen

586 1557 861 1620 peceatum
900 1561 1019 1602 esse
1049 1544 1338 1615 Apostolus
1369 1542 1600 1606 clamat,
1628 1540 1696 1596 ad
1726 1539 1863 1601 hanc
1906 1547 2047 1592 tuam
2087 1552 2178 1593 re-

585 1639 927 1708 sponsionem
968 1637 1187 1691 miuime
1227 1634 1535 1705 pertinere,
1560 1642 1659 1687 nec
1700 1631 1769 1689 ad
1813 1630 1957 1684 illam
1990 1627 2181 1683 deﬁni-

583 1733 814 1794 tionem,
860 1745 1021 1801 quam
1064 1725 1498 1783 commemorasti
1539 1723 1755 1788 dicens,
1798 1721 2080 1778 Peccatum
2125 1718 2178 1785 id

583 1837 735 1889 esse,
765 1821 907 1892 quod
945 1828 1029 1875 est
1054 1820 1298 1874 voluntas
1326 1815 1553 1872 faciendi
1591 1814 1737 1886 quod
1771 1813 1974 1884 justitia
2003 1818 2177 1878 vetat,

584 1923 639 1968 et
661 1912 802 1968 unde
823 1912 1047 1967 liberum
1070 1919 1153 1966 est
1171 1906 1479 1964 abstinere?
1498 1905 1776 1975 Quomodo
1790 1905 1933 1961 enim
1953 1904 2179 1958 liberum

572 2016 668 2060 est
703 2005 1003 2071 abstinere,
1048 2002 1139 2058 ubi
1181 2000 1472 2067 clamatur,
1504 1997 1655 2066 Quod
1699 1995 1853 2063 nolo,
1886 1995 1981 2050 hoc
2011 1993 2182 2066 facio?

590 2096 762 2152 Aliter
790 2110 920 2166 ergo
949 2104 1140 2152 natura
1170 2091 1401 2147 humana
1425 2089 1700 2163 peccavit,
1732 2086 1946 2158 quando
1970 2086 2019 2140 ei
2047 2084 2181 2140 libe-

582 2203 703 2242 rum
730 2186 826 2241 fuit
858 2185 1129 2241 abstinere
1155 2199 1185 2238 a
1208 2166 1475 2255 peccato:
1507 2179 1663 2235 aliter
1688 2193 1829 2234 nunc
1852 2185 2035 2248 peccat
2059 2191 2182 2246 per-

586 2280 695 2333 dita
726 2278 988 2343 libertate,
1009 2264 1223 2345 quando
1246 2283 1369 2345 eget
1394 2272 1697 2327 liberatoris
1716 2271 1933 2325 auxilio.
1958 2270 2026 2323 Et
2051 2267 2182 2322 illud

587 2368 955 2423 tantummodo
975 2375 1251 2439 peccatum
1263 2372 1411 2428 erat:
1429 2363 1534 2429 hoc
1552 2373 1726 2422 autem
1743 2361 1902 2417 etiam
1923 2368 2009 2421 est
2024 2373 2182 2431 pana

586 2459 812 2526 peccati.

664 2548 858 2604 XXIX.
886 2548 1007 2605 ιω..
1038 2547 1146 2604 Sed
1179 2546 1488 2614 videamus,
1516 2553 1695 2601 utrum
1735 2543 1874 2603 istud
1913 2542 2056 2614 quod
2084 2542 2186 2598 de-

591 2642 763 2697 finitio
798 2641 1073 2712 praemissa
1106 2638 1365 2702 confecit,
1388 2636 1628 2691 omnium
1662 2637 1979 2691 assensione
2006 2633 2186 2689 ﬁrme-

589 2743 697 2787 tur.
737 2730 896 2787 Certe
935 2745 1037 2786 nec
1080 2728 1313 2800 prudens
1351 2728 1478 2784 hinc
1523 2728 1666 2783 ullus
1715 2734 1925 2797 potest,
1957 2740 2057 2781 nec
2094 2739 2187 2788 ca-

589 2824 821 2886 tholicus
859 2823 1135 2890 dubitare,
1173 2822 1227 2877 id
1272 2829 1393 2887 est,
1436 2835 1535 2876 nec
1586 2829 1863 2891 peccatum
1912 2834 2034 2875 esse
2080 2819 2185 2875 nisi

588 2916 731 2988 quod
772 2900 949 2987 potest
982 2914 1191 2981 caveri,
1220 2927 1323 2969 nec
1358 2912 1620 2984 justitiam
1652 2927 1773 2969 esse
1809 2912 1910 2967 nisi
1936 2924 2057 2983 quae
2082 2909 2188 2967 hoc

587 3008 814 3078 imputet
840 3006 917 3061 illi
942 3019 1102 3076 quem
1136 3004 1309 3076 punit,
1341 3003 1483 3074 quod
1513 3003 1680 3058 libera
1706 2997 1977 3058 voluntate
2005 3017 2103 3073 per
2125 3016 2187 3058 se

586 3098 706 3169 ipse
724 3097 1014 3164 commisit,
1037 3111 1157 3152 cum
1186 3096 1448 3170 potuisset
1475 3109 1687 3151 cavere.

540 3187 553 3198 ’
661 3192 798 3246 Anc.
843 3188 958 3244 Hoc
1008 3188 1325 3259 imputatum
1368 3194 1450 3242 est
1503 3184 1679 3260 primo
1737 3184 1988 3253 homini,
2042 3182 2186 3249 quod

589 3293 773 3353 posset
825 3297 1052 3348 cavere,
1105 3280 1152 3335 si
1208 3279 1367 3336 vellet
1417 3296 1433 3334 :
1479 3278 1578 3335 sed
1621 3276 1740 3350 ejus
1796 3286 2017 3348 peccato
2061 3276 2185 3331 uni-

585 3389 744 3431 versa
795 3374 956 3429 etiam
1007 3373 1061 3428 in
1135 3371 1366 3444 posteris
1416 3382 1607 3428 natura
1659 3371 1843 3426 vitiata
1904 3366 2186 3426 Salvatore

588 3482 725 3537 opus
755 3466 912 3522 habet
939 3508 954 3531 ,
988 3475 1043 3520 ut
1072 3465 1242 3542 possit
1268 3479 1462 3521 cavere
1492 3473 1708 3541 peccata
1727 3506 1743 3531 ,
1772 3463 1990 3536 quando
2024 3465 2186 3519 etiam

587 3569 720 3613 ωιειε
755 3558 1072 3625 accesserit,
1099 3572 1203 3627 qua
1243 3556 1317 3611 uti
1359 3556 1528 3626 possit
1556 3556 1779 3610 rationis
1808 3554 1986 3609 oflicio
2015 3571 2028 3609 :
2060 3564 2187 3611 ante

590 3651 731 3706 hanc
755 3665 882 3705 vero
908 3661 1120 3706 aetatem
1149 3650 1290 3705 inest
1315 3662 1382 3705 ex
1408 3648 1614 3718 origine
1640 3657 1820 3703 reatus
1844 3642 2189 3718 generatione

588 3750 932 3806 contractus,
986 3746 1396 3811 regeneratione
1448 3738 1831 3794 detrahendus.
1885 3739 2039 3807 Quod
2090 3754 2187 3794 vos

590 3830 877 3901 negando,
912 3830 1251 3900 apertissime
1297 3829 1477 3885 dicitis
1526 3829 1797 3885 Christum
1851 3829 2035 3885 .lesum
2078 3845 2187 3887 non

591 3937 712 3976 esse
737 3919 924 3975 Jesum
967 3918 1241 3989 parvulis;
1265 3920 1355 3989 qui
1401 3928 1682 3990 propterea
1714 3929 1851 3975 teste
1879 3919 2088 3990 Angelo
2111 3921 2189 3977 sic

593 4020 852 4079 vocatur,
888 4013 1010 4082 quia
1051 4010 1250 4067 saluum
1283 4013 1433 4084 faciet
1473 4011 1725 4084 populum
1766 4029 1915 4068 suum
1944 4013 2041 4087 (in
2081 4028 2188 4084 quo

594 4104 792 4175 populo
839 4104 1086 4175 parvulos
1134 4119 1256 4162 esse
1289 4118 1398 4160 non
1435 4104 1647 4176 vultis)
1684 4122 1718 4160 a
1754 4106 1972 4178 peccatis
2011 4121 2189 4161 eorum

595 4196 812 4268 (Matth.
840 4193 1029 4270 1,2l).
1738 4196 1757 4269 ς

666 4288 837 4345 XXX.
859 4288 981 4345 Jun.
1009 4287 1115 4344 Sed
1142 4296 1201 4343 ut
1223 4287 1378 4344 nobis
1392 4287 1503 4359 jam
1525 4288 1627 4345 ista
1656 4304 1764 4345 non
1795 4288 2056 4345 lubricam
2075 4332 2091 4351 ,
2114 4289 2188 4345 ita

596 4396 628 4437 a
653 4380 944 4436 Manicher
977 4389 1031 4436 et
1055 4378 1393 4435 Traduciauo
1421 4378 1640 4450 paribus
1680 4380 1872 4435 animis
1912 4380 2188 4450 repellun-

603 4484 708 4529 tur.
740 4473 1027 4529 Videamus
1046 4487 1175 4542 ergo
1199 4471 1324 4543 quid
1353 4472 1453 4543 ipsi
1481 4472 1681 4528 dicant.
1704 4473 2030 4528 Manichacus
2050 4474 2189 4529 scri-
2250 4478 2255 4481 “

599 4566 677 4621 hit
699 4563 940 4620 naturale
966 4577 1086 4618 esse
1112 4571 1387 4633 peccatum
1418 4579 1433 4616 :
1462 4563 1651 4618 annuit
1675 4563 2002 4633 Augustinus
2030 4572 2188 4619 natu-

594 4659 706 4715 rale
727 4672 849 4714 esse
873 4664 1168 4728 peccatum.
1190 4655 1364 4711 Ambo
1393 4670 1521 4727 ergo
1546 4655 1614 4711 ab
1634 4670 1718 4721 ea,
1745 4670 1903 4726 quam
1929 4655 2193 4726 praemisi-

591 4767 746 4818 mus,
768 4750 1080 4808 definitione
1111 4749 1472 4814 dissentiunt,
1502 4748 1804 4820 habentque
1835 4749 1886 4804 in
1927 4748 2191 4817 naturalis

593 4848 794 4917 peccati
813 4845 1209 4917 nuncupatione
1228 4843 1840 4916 coilegium.Videamus
1859 4842 1986 4914 quid
2010 4843 2191 4898 dicant

593 4939 753 4993 etiam
797 4937 866 4992 de
909 4950 1109 5008 genere
1148 4934 1383 5006 peccati,
1417 4932 1472 4990 id
1510 4943 1622 4997 est,
1647 4933 1790 5004 quod
1842 4941 2027 5004 putant
2066 4947 2191 4990 esse

596 5036 869 5096 peccatum
889 5070 903 5092 ,
933 5026 1077 5098 quod
1106 5027 1266 5082 ambo
1295 5024 1540 5081 naturale
1567 5027 1888 5087 confirmant
1910 5066 1924 5089 ,
1958 5041 2025 5079 ne
2054 5024 2192 5080 forte

598 5119 681 5171 vel
706 5119 756 5171 in
788 5129 1047 5189 sequente
1069 5117 1239 5188 gradu
1274 5115 1611 5173 dissentiant.
1639 5115 1777 5183 Quid
1808 5117 1997 5172 scribit
2020 5116 2191 5171 Mani-

598 5207 784 5261 chacus
824 5194 892 5263 ad
940 5208 1667 5279 filiam?Concupiscentiam
1709 5209 1920 5274 carnis,
1952 5218 2008 5263 et
2046 5208 2191 5263 illam

601 5299 927 5368 voluptatem
955 5299 972 5331 ¹
1001 5299 1339 5355 fecunditatis
1376 5300 1525 5370 operi
1568 5300 1886 5356 destinatam
1913 5343 1928 5369 ,
1962 5317 2056 5370 per
2091 5301 2194 5358 hoc

606 5390 819 5461 probari
870 5390 1184 5446 diabolicam
1213 5433 1230 5459 ,
1256 5407 1352 5462 per
1395 5393 1537 5465 quod
1588 5410 1723 5463 opus
1771 5396 1888 5463 ejus
1921 5394 2190 5467 publicum

607 5484 735 5537 vitet
775 5491 1071 5553 aspectum.
1099 5482 1236 5550 Quid
1266 5485 1638 5558 Augustinus?
1669 5486 1814 5542 Idem
1845 5470 2144 5557 peremnia
2175 5505 2190 5542 :

611 5595 631 5629 ι
680 5577 770 5632 Illa
833 5574 1263 5647 concupiscentia
1326 5578 1502 5633 carnis
1570 5578 1747 5634 frutex
1803 5590 1887 5636 est
1950 5580 2191 5649 diaboli;

674 5735 694 5772 ο
726 5732 845 5800 thtt
885 5730 1022 5791 loco,
1058 5728 1376 5800 uotuptatem,
1409 5732 1737 5794 substituunt,
1767 5747 1967 5800 operam
2008 5747 2196 5800 :refu-

614 5793 877 5855 gnantihus
897 5793 1251 5858 mulseriptis.

1235 327 1479 386 OPERIS
1515 328 1933 394 [MPERF'ECTI
1967 317 2241 388 CONTRA
2278 323 2639 389 JULIANUM,
2678 322 2737 380 S.
2781 320 3153 382 AUGUSTINI

3742 330 3889 388 “63

2285 454 2305 487 ι
2350 449 2511 491 causa
2538 475 2555 503 ,
2584 433 2666 490 lex
2699 435 2898 504 μεωειί
2917 474 2936 501 ,
2963 448 3081 506 quae
3110 433 3302 502 evitat,
3331 452 3351 487 ι
3383 434 3589 507 inquit,
3625 456 3647 491 ι
3675 436 3885 508 ubique

2284 545 2306 580 ι
2342 535 2769 597 conspectum,et
2789 528 2980 596 quaerit
3001 526 3249 596 pudendo
3275 539 3573 584 secretum»
3591 529 3882 602 (De‘Nup-

2280 619 2363 675 tiis
2408 627 2456 674 et
2500 616 2917 690 Concupisceutia
2943 660 2959 686 ,
2988 618 3074 673 lib.
3108 619 3128 674 l
3160 658 3176 684 ,
3203 636 3257 673 η.
3285 618 3357 676 26
3383 662 3397 686 ,
3428 632 3478 677 et
3498 639 3553 678 ιι.
3580 623 3617 679 8
3644 624 3686 693 ).
3737 625 3887 695 Ergo

2284 729 2389 770 nec
2412 713 2481 769 de
2506 713 2686 784 priore
2703 753 2720 777 .
2752 728 2853 771 nec
2878 712 2945 768 de
2973 722 3232 788 sequente
3257 715 3380 769 mali
3418 716 3629 773 ratione
3663 716 3885 774 discor-

2282 805 2433 862 dant.
2480 804 2619 874 Quid
2670 804 2921 865 tertiutn‘l
2970 804 3105 860 Cum
3154 805 3268 876 jam
3319 810 3579 877 quaeritur
3624 809 3768 866 unde
3810 811 3890 867 sit

2284 897 2484 953 malum
2508 915 2524 965 ;
2556 898 2878 957 Manichmns
2904 940 2919 965 ,
2946 898 3022 954 De
3048 906 3234 954 natura
3254 939 3270 965 ,
3297 899 3500 972 inquit,
3529 901 3881 959 tenebrarum

2285 995 2506 1046 acterna.
2534 989 2669 1058 Quid
2707 989 3072 1060 Augustinus?
3100 989 3307 1057 Nimie,
3334 989 3501 1062 inquit
3529 1032 3545 1057 ,
3577 992 3722 1049 istud
3762 1011 3888 1050 ma-

2283 1083 2449 1154 gister
2475 1098 2648 1149 meus,
2677 1085 2764 1155 qui
2792 1092 2943 1155 putat
2967 1085 3164 1140 malum
3190 1101 3461 1157 nunquam
3479 1088 3713 1158 cmpissc
3732 1107 3749 1144 ;
3770 1105 3890 1146 emo

2288 1175 2367 1245 pit
2396 1191 2491 1245 per
2524 1176 2682 1247 primi
2710 1175 2942 1231 hominis
2967 1176 3294 1232 voluntatem
3321 1219 3337 1245 ,
3366 1178 3475 1233 imo
3510 1178 3621 1249 jam
3654 1195 3751 1251 per
3787 1196 3888 1235 suo

2287 1271 2515 1340 perioris
2563 1280 2768 1326 natura:
2798 1312 2814 1337 ,
2867 1271 2919 1327 id
2968 1275 3446 1344 est,'angelica:;
3497 1273 3639 1330 sed‘
3695 1290 3764 1330 ex
3818 1290 3889 1331 eo

2290 1369 2534 1433 tempore
2607 1363 2802 1418 factum
2874 1371 2959 1419 est
3035 1365 3294 1420 naturale.
3374 1364 3672 1421 Everberat
3757 1382 3888 1422 eum

2289 1452 2540 1508 nimirum
2571 1464 2869 1523 pra-ceptor
2906 1471 3070 1520 suus,
3097 1464 3153 1510 et
3188 1455 3239 1509 in
3262 1455 3348 1525 jus
3376 1457 3888 1512 auctoritatissime'

2287 1544 2469 1600 trahit.
2493 1545 2628 1623 Quid
2650 1546 2986 1615 judicaturus
3011 1557 3095 1602 est
3123 1547 3261 1601 inter
3286 1546 3388 1610 hos
3414 1548 3755 1604 catholicus?
3773 1548 3890 1604 Ma-

2286 1634 2551 1693 nicharum
2591 1636 2805 1705 quidem
2832 1637 2949 1691 sine
2971 1636 3135 1698 dubio
3156 1632 3560 1697 stolidissimum
3581 1680 3598 1705 ,
3624 1638 3717 1708 qui
3737 1648 3894 1709 putet

2289 1729 2535 1790 naturale
2563 1738 2875 1801 peccatum;
2903 1726 2997 1785 sed
3024 1742 3144 1782 cum
3175 1728 3453 1798 Augustini
3486 1729 3702 1799 ingenio
3730 1745 3891 1791 com-

2289 1818 2519 1888 positum
2548 1860 2565 1885 ,
2596 1827 2907 1888 peracutum
2944 1818 3136 1873 videri.
3172 1818 3377 1887 Quibus
3419 1818 3563 1876 enim
3601 1821 3896 1883 conveniat

2287 1909 2529 1964 naturale
2572 1924 2692 1965 esse
2725 1918 3027 1980 peccatum,
3078 1919 3240 1979 atque
3266 1908 3371 1965 hoc
3409 1921 3684 1981 peccatum
3729 1913 3895 1968 unius

2258 2000 2484 2073 ‘Speciei
2524 2018 2645 2059 esse
2687 2002 2974 2068 fateantur,
2999 2019 3029 2057 a
3052 2018 3161 2074 quo
3198 2018 3358 2059 omne
3396 2019 3567 2074 genus
3606 2004 3892 2063 hominum

2289 2094 2556 2165 possideri
2600 2098 2819 2164 putent?
2845 2093 2953 2151 Sed
2985 2104 3104 2165 post
3132 2094 3251 2150 hanc
3277 2094 3459 2151 dicere
3485 2095 3687 2151 audere
3720 2096 3892 2155 disci-

2290 2184 2495 2255 pulum,
2523 2184 2575 2242 in
2603 2200 2710 2240 uno
2734 2193 2936 2239 tantum
2970 2202 3074 2239 non
3102 2200 3223 2241 esse
3249 2186 3514 2253 naturale,
3540 2186 3683 2258 quod
3711 2189 3896 2246 omni-

2289 2274 2391 2330 bus
2436 2275 2667 2331 fateatur
2701 2276 3030 2346 ingenitum;
3058 2276 3353 2348 puerilibus
3395 2278 3514 2334 sine
3554 2278 3895 2337 dubitatione

2289 2366 2605 2425 verberibus
2635 2367 2985 2433 infamatum,
3014 2350 3244 2422 subdant
3268 2382 3390 2426 eum
3416 2370 3672 2438 magistro
3697 2385 3898 2426 conse-

2290 2458 2541 2529 quentius
2568 2458 2976 2536 blaspltemanti.
3006 2457 3111 2514 Sed
3144 2469 3427 2528 utrumque
3445 2459 3625 2524 simul,
3647 2459 3893 2531 discipu-

2291 2548 2401 2608 lum
2425 2557 2481 2615 et
2501 2550 2835 2623 magistrum,
2855 2565 2884 2602 a
2903 2559 3167 2615 conventu
3196 2550 3627 2615 cxterminahunt
3654 2552 3889 2623 piorum.

2292 2639 2429 2695 Vide
2473 2655 2603 2713 ergo
2646 2640 2775 2711 quid
2822 2638 3217 2710 indulgeamus.
3244 2639 3361 2696 Non
3395 2641 3489 2701 tibi
3534 2642 3712 2712 placet
3744 2644 3893 2713 quod

2291 2729 2422 2786 dicit
2467 2731 2826 2798 Manichacus,
2871 2731 3069 2784 malum
3099 2745 3222 2786 esse
3264 2730 3553 2787 naturale'
3584 2746 3600 2786 :
3642 2732 3731 2788 die
3759 2748 3894 2808 ergo

2293 2822 2563 2877 neminem
2606 2837 2757 2877 reum
2803 2821 2992 2887 nasci,
3021 2830 3078 2876 et
3119 2821 3368 2887 evasisti,
3400 2836 3607 2892 negans
3649 2823 3893 2895 profecto

2291 2912 2553 2983 originale
2598 2921 2896 2982 peccatum.
2940 2910 3047 2967 Sed
3090 2926 3199 2966 non
3243 2911 3720 2978 dicis;coniiteris
3760 2929 3894 2988 ergo

2293 3019 2394 3079 nec
2422 3019 2451 3058 a
2495 3004 2751 3075 magistro
2779 3011 2831 3058 te
2861 3002 3000 3059 velle
3025 3002 3286 3060 desistere
3307 3044 3329 3073 ,
3356 3018 3456 3060 nec
3488 3003 3767 3062 catholicis
3792 3021 3892 3063 co-

2292 3095 2491 3168 pulari.
3530 3084 3541 3087 ⁷

2364 3186 2501 3242 Anc.
2544 3184 2813 3256 Numquid
2857 3194 3141 3256 propterea
3186 3184 3373 3242 dicere
3421 3201 3529 3242 non
3584 3186 3849 3243 debemus
3873 3230 3891 3255 ,

2292 3277 2435 3350 quod
2485 3278 2657 3333 bonus
2697 3278 2838 3332 Deus
2864 3277 3049 3333 fecerit
3086 3276 3342 3332 mundum
3366 3318 3383 3345 ,
3415 3277 3540 3348 quia
3585 3277 3689 3333 hoc
3729 3280 3902 3333 etiam

2293 3369 2424 3430 dicit
2448 3368 2814 3424 Mauichmus?
2841 3368 2947 3425 Sed
2973 3384 3094 3423 cum
3121 3369 3381 3440 quaeritur
3408 3368 3551 3425 unde
3578 3368 3788 3435 fecerit,
3820 3370 3895 3425 ibi

2292 3460 2669 3523 discernimur.
2691 3460 2800 3518 Nos
2825 3462 2966 3516 enim
2981 3460 3228 3529 dicimus,
3247 3460 3328 3516 Ex
3354 3460 3439 3517 his
3453 3476 3572 3533 qua:
3587 3477 3697 3517 non
3712 3474 3891 3530 erant;

2293 3552 2545 3623 quoniam
2604 3553 2718 3622 ipse
2745 3552 2897 3619 dixit,
2928 3560 2985 3608 et
3008 3552 3143 3611 facta
3173 3561 3299 3620 sunt
3326 3552 3498 3625 (Psal.
3533 3569 3757 3620 cxtvut,
3787 3554 3846 3625 5)
3877 3572 3894 3610 :

2294 3643 2383 3699 ille
2411 3652 2612 3710 autem,
2644 3643 2723 3698 Ex
2750 3643 2958 3698 duabus
2980 3644 3185 3698 naturis
3206 3684 3222 3708 ,
3255 3644 3383 3707 boni
3415 3643 3623 3701 scilicet
3648 3655 3704 3700 ct
3724 3646 3854 3700 mali
3874 3687 3892 3712 ,

2293 3752 2414 3808 qua:
2452 3752 2559 3791 non
2597 3736 2773 3792 solum
2810 3735 2921 3807 jam
2961 3742 3149 3802 erant,
3177 3735 3271 3791 sed
3312 3750 3527 3816 semper
3559 3744 3733 3793 erant.
3765 3736 3897 3802 Hau:

2294 3845 2421 3900 ergo
2437 3845 2557 3900 quae
2575 3844 2681 3883 non
2699 3829 2855 3883 simul
2872 3828 3230 3892 dicimus,non
3256 3829 3441 3884 sinunt
3465 3845 3584 3885 esse
3600 3845 3700 3885 nos
3715 3831 3896 3888 socios

2293 3937 2481 3976 eorum
2521 3908 2585 3977 ex
2633 3921 2726 3975 illo
2769 3920 2913 3991 quod
2956 3920 3114 3975 simul
3152 3920 3401 3976 dicimus.
3434 3921 3567 3977 item
3591 3922 3637 3976 si
3663 3921 3897 3978 interro-

2292 4028 2481 4084 gentur
2498 4014 2682 4066 utrum
2704 4011 2774 4067 sit
2802 4011 2943 4067 Deus
2963 4025 2979 4076 ;
3012 4019 3068 4067 et
3096 4026 3196 4066 nos
3221 4019 3278 4067 et
3298 4011 3574 4067 Manichmi
3602 4013 3896 4083 responde-

2293 4121 2436 4170 mus,
2468 4104 2563 4159 Est
2591 4104 2735 4160 Deus
2766 4123 2780 4159 :
2811 4112 2868 4159 et
2904 4104 2959 4158 in
2990 4103 3091 4160 hoc
3126 4104 3339 4176 utrique
3368 4121 3681 4177 separamur
3703 4105 3772 4161 ah
3798 4106 3897 4162 illo

2294 4198 2464 4252 stulto
2488 4239 2504 4263 ,
2536 4197 2629 4268 qui
2670 4196 2801 4253 dixit
2829 4198 2883 4251 in
2925 4197 3078 4252 corde
3113 4213 3237 4263 suo,
3267 4196 3390 4253 Non
3423 4209 3496 4254 est
3526 4198 3663 4254 Deus
3689 4198 3709 4270 (
3742 4198 3892 4255 Psal.

2295 4306 2416 4359 xm,
2448 4289 2503 4363 1)
2533 4308 2547 4346 :
2578 4289 2673 4346 sed
2722 4305 2843 4345 cum
2871 4290 3130 4360 qumritur
3156 4290 3329 4361 qualis
3354 4290 3428 4347 sit
3453 4292 3593 4347 Deus
3613 4333 3629 4358 ,
3658 4307 3689 4346 a
3718 4291 3894 4347 Mani-

2294 4389 2568 4443 chaeorum
2613 4383 2813 4440 nefaria
2861 4384 3287 4456 fabula,magna
3328 4385 3653 4442 discretione
3698 4386 3896 4443 distin-

2293 4478 2526 4549 guimur.
2552 4476 2663 4532 Nos
2687 4477 2829 4532 enim
2868 4477 3098 4537 dicimus
3124 4478 3583 4547 incorruptibilem
3610 4486 3772 4549 atque
3795 4480 3897 4535 de-

2295 4568 2598 4630 fendimus:
2627 4568 2703 4623 illi
2733 4583 2865 4624 vero
2910 4568 3214 4630 fabulantur
3259 4568 3659 4639 corruptibilem
3702 4569 3895 4625 Deum.

2296 4660 2375 4716 De
2398 4659 2513 4731 ipsa
2539 4676 2750 4731 quoque
2774 4660 3034 4715 Trinitate
3056 4661 3387 4731 interrogati,
3410 4659 3621 4732 utrique
3640 4655 3893 4727 dicimus,

2296 4753 2508 4810 Patrem
2557 4763 2613 4808 et
2663 4753 2854 4807 Filium
2885 4762 2938 4807 et
2967 4753 3225 4822 Spiritum
3270 4762 3511 4809 sanctum
3557 4751 3717 4808 unius
3754 4753 3899 4823 ejus-

2296 4846 2528 4916 demque
2555 4859 2677 4905 esse
2718 4853 2924 4899 natura:
2952 4862 2966 4898 :
2995 4860 3093 4901 nec
3124 4844 3246 4907 ideo
3282 4854 3457 4901 tamen
3478 4845 3561 4899 vel
3587 4858 3687 4899 nos
3710 4860 3899 4903 sumus

2296 4936 2575 4993 Manichaei
2599 4977 2620 5014 ,_
2647 4937 2731 4991 vel
2780 4936 2880 5006 ipsi
2931 4935 3216 5001 catholici;
3258 4936 3443 4991 dicunt
3484 4936 3629 4999 enim
3678 4936 3783 4991 alia
3831 4936 3901 4991 de

2300 5030 2456 5101 Patre
2484 5038 2539 5084 et
2568 5027 2703 5083 Filio
2739 5037 2794 5084 et
2815 5016 3022 5104 Spiritu
3061 5039 3270 5093 sancto,
3302 5028 3355 5082 in
3383 5027 3576 5098 quibus
3602 5026 3671 5081 ab
3710 5028 3789 5082 eis
3815 5028 3899 5082 di-

2297 5124 2601 5196 versissimi.
2626 5124 2809 5194 eisque
2837 5114 3203 5177 adversissimi
3231 5134 3435 5176 sumus.
3469 5119 3621 5176 Unde
3651 5121 3753 5175 ista
3780 5137 3900 5191 qua

2300 5216 2461 5270 simul
2488 5214 2717 5271 dicimus
2740 5255 2756 5280 ,
2781 5214 3045 5281 adversus
3077 5213 3305 5281 aliorum
3349 5227 3564 5266 errores
3587 5212 3679 5281 qui
3718 5225 3781 5267 ea
3806 5226 3904 5267 ne-

2299 5316 2449 5381 gant,
2474 5306 2701 5361 fidenter
2722 5305 3015 5360 asserimus
3047 5322 3062 5359 :
3096 5319 3196 5360 nec
3213 5304 3465 5358 timemus
3494 5318 3561 5370 ne
3577 5302 3908 5361 Manichaeos

2301 5412 2403 5452 nos
2427 5396 2699 5468 appellent
2716 5437 2732 5463 ,
2759 5405 2814 5467 et
2841 5411 2899 5451 se
2926 5394 3054 5452 inde
3080 5394 3369 5467 praeferant
3406 5393 3563 5451 nobis
3579 5434 3598 5462 ,
3624 5393 3749 5469 quia
3777 5407 3908 5457 cum

2368 5600 2383 5631 ι
2422 5597 2714 5660 vignierius,
2734 5596 2795 5648 si.
2820 5606 2947 5658 MSS»,
2970 5596 3078 5650 sed.

2369 5663 2389 5693 ⁸
2421 5665 2470 5708 In
2487 5659 2625 5719 Mss...
2648 5659 2995 5711 auctorissime.

2308 5725 2494 5843 ωἷυῑῖο
2515 5728 2621 5773 uss.
2647 5729 2694 5772 In
2721 5723 2878 5788 Vign.,
2919 5722 3045 5791 dicit,
3059 5721 3368 5789 Manichacus.
3407 5720 3632 5784 animi:
3670 5735 3915 5791 ακμα-
