4150 6498
337 418 473 476 1669

334 532 638 589 Manichaeis
661 532 906 599 dicimus,
929 532 1070 604 quod
1096 532 1195 601 ipsi
1222 531 1470 601 quoniam
1498 529 1687 585 nolunt
1711 531 1918 595 dicere,

334 634 612 696 propterea
659 624 1050 696 redarguuntur
1090 639 1122 679 a
1152 624 1325 679 nobis.
1357 623 1505 679 Sicut
1533 638 1662 694 ergo
1692 622 1921 678 Arianus

334 715 453 770 ideo
498 722 585 770 est
629 714 912 770 hzereticus
943 756 959 781 ,
987 715 1110 785 quia
1153 715 1430 770 nobiscum
1466 730 1570 770 non
1600 714 1729 770 dicit
1758 728 1919 769 unam

330 806 605 862 Trinitatis
632 808 922 863 essentiam
943 848 960 875 ,
985 807 1131 878 quod
1157 807 1436 863 nobiscum
1466 808 1596 863 dicit
1621 808 1781 862 etiam
1811 806 1922 861 Ma-

329 893 584 965 nichmus;
597 899 666 954 ita
685 892 740 954 et
755 913 850 954 vos
867 898 1102 954 haeretici
1118 899 1379 965 estis,non
1396 898 1622 954 dicendo
1639 899 1917 954 nobiscum

330 990 574 1047 naturale
601 1002 881 1061 peccatum
902 1032 918 1057 ,
944 991 1087 1063 quod
1119 992 1395 1047 nobiscum
1416 990 1547 1046 dicit
1569 992 1730 1046 etiam
1745 990 1917 1045 Mani-

325 1080 506 1136 clueus
524 1081 646 1137 :sed
670 1097 778 1137 non
800 1082 922 1138 ideo
939 1098 1124 1137 sumus
1143 1082 1438 1149 Manichaai;
1457 1083 1600 1154 quod
1621 1082 1763 1138 enim
1789 1082 1919 1137 dicit

324 1166 483 1227 etiam
506 1171 619 1238 ille,
635 1189 741 1229 non
768 1174 839 1229 ita
861 1174 1087 1230 dicimus
1099 1176 1239 1233 sicut
1261 1175 1365 1231 ille.
1381 1174 1488 1230 Nos
1502 1175 1644 1230 enim
1672 1183 1914 1229 naturam

324 1271 563 1319 nostram
594 1266 786 1320 bonam
819 1266 1119 1321 voluntario
1146 1275 1368 1340 peccato
1402 1266 1548 1322 illius
1573 1282 1639 1321 ex
1667 1282 1775 1337 quo
1804 1266 1912 1321 nati

324 1362 529 1417 sumus,
544 1354 768 1410 dicimus
780 1370 902 1411 esse
927 1356 1184 1420 vitiatam,
1210 1357 1351 1412 unde
1370 1372 1562 1413 omnes
1576 1357 1676 1411 sub
1695 1365 1914 1427 peccato

322 1447 614 1507 nascimur.
645 1456 699 1504 et
724 1448 838 1518 ipse
859 1458 1043 1503 noster
1068 1460 1219 1504 ortus
1243 1450 1296 1504 in
1321 1450 1450 1504 vitio
1470 1457 1554 1503 est
1572 1490 1587 1515 ,
1612 1448 1754 1518 quod
1782 1448 1915 1504 dicit

324 1538 640 1595 Ambrosius
684 1537 807 1613 (De
851 1539 1191 1608 Pcenitentia,
1215 1540 1304 1595 lib.
1329 1541 1355 1596 l
1385 1581 1402 1606 ,
1430 1557 1548 1611 cap.
1583 1539 1620 1594 2
1666 1542 1742 1596 vel
1779 1540 1856 1612 5)
1892 1558 1908 1595 :

324 1631 413 1686 ille
456 1641 636 1687 autem
683 1641 926 1688 naturam
969 1633 1166 1689 malam
1209 1633 1364 1689 nobis
1394 1633 1909 1704 portat‘alienam,

321 1725 473 1795 cujus
518 1739 619 1780 nos
663 1723 896 1780 afﬁrmat
934 1725 1318 1781 commixtione
1360 1740 1605 1795 peccare.
1631 1724 1910 1795 Denique,

320 1830 422 1883 pos
447 1815 699 1871 sanandae
728 1826 928 1871 nostra!
955 1816 1116 1871 etiam
1142 1817 1390 1887 parvulos
1415 1815 1691 1872 offerimus
1718 1814 1908 1872 Salva-

320 1909 422 1965 tori
456 1924 475 1963 :
504 1909 593 1964 ille
622 1920 800 1966 autem
829 1910 1101 1965 Christum
1133 1926 1238 1965 non
1270 1910 1393 1966 idco
1419 1910 1688 1966 existimat
1715 1924 1906 1965 ncces-

318 2000 519 2054 sarium
542 2041 558 2066 ,
588 2009 646 2054 ut
688 2009 932 2056 naturam
970 2011 1207 2056 nostram
1238 2011 1389 2056 sanet
1424 2001 1481 2056 in
1503 2001 1658 2056 nobis
1681 2039 1698 2067 ,
1725 1999 1821 2056 sed
1850 2007 1909 2055 ut

317 2090 547 2145 alienam
596 2091 841 2161 sejungat
880 2107 909 2145 a
953 2092 1128 2147 nobis.
1161 2090 1351 2146 Cernis
1391 2106 1619 2163 nempe,
1651 2100 1707 2147 et
1746 2091 1800 2146 iu
1840 2105 1908 2146 eo

316 2182 457 2252 quod
489 2191 763 2252 peccatum
789 2184 1030 2239 naturale
1055 2184 1214 2239 simul
1239 2184 1490 2250 dicimus,
1513 2193 1711 2253 quanta
1731 2182 1909 2238 diver-

314 2275 471 2329 sitate
491 2273 772 2330 distemus.
801 2274 1059 2331 Similiter
1077 2284 1131 2331 et
1153 2275 1205 2329 in
1226 2290 1293 2331 eo
1313 2276 1453 2345 quod
1475 2276 1633 2330 simul
1653 2275 1902 2340 dicimus,

313 2367 509 2445 malam
537 2382 658 2423 esse
679 2369 1166 2439 concupiscentiam
1196 2368 1394 2434 carnis,
1425 2383 1529 2438 qua
1554 2382 1681 2423 caro
1709 2382 1908 2422 concu-

313 2458 470 2528 piscit
497 2459 755 2515 adversus
779 2460 1060 2529 spiritum,
1086 2475 1209 2514 cum
1237 2461 1499 2531 quaeritur
1526 2459 1670 2515 unde
1708 2459 1811 2515 hoc
1834 2461 1905 2515 sit

310 2540 511 2606 inalum
539 2594 555 2618 ,
592 2551 959 2614 discretissimi
1011 2553 1310 2622 reperimur
1329 2556 1372 2606 '.
1419 2552 1527 2609 Nos
1579 2554 1725 2608 enim
1778 2567 1902 2608 cum

310 2644 598 2701 Ambrosio
617 2646 865 2713 dicimus,
897 2647 1036 2702 hanc
1062 2646 1259 2705 fmdam
1288 2646 1613 2707 discordiam
1636 2646 1816 2701 carnis
1849 2653 1906 2699 et

311 2736 532 2805 spiritus
550 2753 645 2807 per
665 2737 1157 2806 pnevaricationem
1171 2738 1327 2806 primi
1346 2738 1576 2792 hominis
1594 2737 1645 2791 in
1664 2745 1902 2792 nostram

307 2827 538 2883 vertisse
563 2837 809 2881 naturam
836 2828 855 2897 (
879 2826 994 2881 Lib.
1021 2829 1054 2882 7
1077 2829 1132 2881 in
1157 2826 1285 2881 Luc.
1306 2844 1403 2894 xu,
1431 2827 1537 2893 53)
1567 2846 1581 2882 :
1610 2828 1700 2883 ille
1721 2837 1900 2882 autem

304 2934 428 2974 cum
464 2918 576 2972 suis
605 2917 760 2982 dicit,
785 2927 843 2972 ut
876 2918 1103 2973 invicem
1131 2917 1488 2973 adversentur
1513 2932 1641 2973 caro
1664 2926 1720 2972 et
1744 2918 1904 2987 spiri-

306 3020 415 3076 tus,
445 3010 673 3065 alienam
696 3009 872 3076 nobis,
900 3025 1019 3080 quae
1044 3024 1258 3080 semper
1281 3010 1418 3065 mala
1449 3009 1545 3064 fuit
1564 3051 1579 3074 ,
1607 3009 1901 3065 adhmsisse

306 3111 574 3156 naturam.
625 3099 778 3156 Unde
829 3116 931 3156 nos
978 3100 1247 3171 poscimus
1293 3099 1621 3157 Salvatorcm
1648 3141 1665 3167 ,
1699 3111 1756 3156 ut
1799 3100 1900 3156 hoc

305 3195 494 3257 vitium
536 3202 782 3249 nostrum
811 3203 1031 3249 sanetur
1059 3212 1073 3249 :
1104 3194 1192 3249 ille
1214 3208 1364 3259 vero,
1387 3202 1446 3248 ut
1469 3194 1683 3249 a-nobis
1723 3194 1899 3251 aliena

306 3299 497 3343 natura
526 3330 542 3355 ,
579 3304 700 3359 qua:
740 3288 919 3343 sanari
964 3288 1185 3343 omnino
1229 3303 1336 3343 non
1376 3296 1573 3359 p0test,
1602 3288 1895 3344 auferatur.

306 3364 483 3437 Etiam
513 3383 598 3437 hic
625 3397 722 3437 cur
745 3396 852 3437 non
882 3382 1135 3446 attendis,
1166 3382 1219 3436 in
1239 3396 1306 3437 eo
1327 3382 1468 3452 quod
1494 3382 1671 3436 carnis
1696 3397 1897 3437 concu-

303 3472 619 3543 piscentiam
644 3470 852 3542 spiritui
878 3472 1216 3527 resistentem
1243 3472 1399 3526 simul
1421 3472 1615 3526 malam
1645 3472 1893 3539 dicimus,

302 3563 502 3633 quanta
526 3550 962 3619 dissimilitudine
991 3563 1335 3633 separemur?
1359 3562 1468 3619 Cur
1496 3579 1601 3619 non
1628 3565 1856 3619 attendis
1875 3606 1893 3633 ,

303 3669 405 3739 nec
432 3669 533 3709 nos
558 3670 680 3711 esse
718 3654 1040 3709 Manichaeos
1058 3697 1074 3722 ,
1096 3656 1219 3725 quia
1240 3655 1262 3688 ³
1290 3670 1411 3710 cum
1441 3656 1521 3710 eis
1544 3656 1723 3727 aliqua
1765 3656 1911 3712 dici--

305 3759 454 3811 mus;
475 3753 531 3803 et
558 3759 652 3800 vos
677 3761 797 3801 esse
822 3744 1126 3811 hereticus,
1150 3747 1400 3816 quoniam
1421 3761 1542 3801 cum
1572 3747 1651 3801 eis
1676 3747 1763 3802 illa
1784 3763 1890 3801 non

302 3836 517 3891 dicitis?
543 3837 599 3892 Si
622 3836 764 3892 enim
794 3852 915 3892 cum
944 3837 1049 3893 illis
1074 3836 1324 3892 diceretis
1349 3852 1468 3893 esse
1496 3838 1754 3893 naturalia
1777 3852 1895 3893 ma-

304 3927 351 3982 la
373 3970 388 3995 ,
412 3938 467 3983 et
497 3927 774 3984 nobiscum
791 3936 996 3985 .contra
1026 3928 1149 3984 illos
1173 3928 1424 3984 diceretis
1449 3928 1592 3986 unde
1619 3930 1726 3985 sint
1754 3930 1854 3986 ista
1874 3970 1891 3996 ,

301 4018 426 4088 quia
462 4034 569 4074 non
594 4027 721 4075 sunt
751 4019 818 4079 de
845 4020 1014 4075 aliena
1053 4028 1241 4075 natura
1266 4020 1375 4075 Deo
1402 4029 1666 4081 ceteterna
1696 4061 1713 4086 ,
1742 4020 1897 4077 Pela-

299 4110 440 4179 giani
463 4109 816 4166 hmreticinon
837 4111 1028 4166 essetis
1047 4129 1063 4166 :
1083 4127 1225 4167 nunc
1240 4112 1888 4182 veroconcupiscentiam,

300 4192 403 4269 qua
431 4215 557 4255 caro
580 4202 907 4277 concupiscit
925 4210 1107 4258 contra
1127 4203 1396 4274 spiritum,
1426 4203 1670 4275 negando
1697 4204 1892 4260 malam

300 4304 423 4345 esse
441 4332 456 4356 ,
478 4291 620 4346 etde
639 4292 820 4346 vitiata
850 4301 1038 4348 natura
1068 4298 1249 4348 nostra
1275 4308 1398 4349 esse
1416 4335 1431 4360 ,
1457 4293 1628 4350 facitis
1647 4304 1705 4350 ut
1730 4295 1804 4351 illi
1825 4310 1890 4351 ex

298 4381 471 4445 aliena
502 4397 624 4439 esse
650 4385 1006 4450 concludant;
1031 4401 1095 4442 ac
1118 4386 1196 4442 sic
1218 4397 1273 4442 et
1298 4387 1537 4444 haeretici
1566 4388 1689 4445 novi
1719 4389 1853 4445 estis
1872 4431 1890 4458 ,

297 4483 354 4527 et
375 4472 656 4529 haereticos
681 4482 912 4542 veteres,
929 4491 1065 4546 quos
1082 4492 1333 4547 perverse
1362 4478 1563 4548 fugitis,
1580 4480 1888 4551 adjuvatis".

300 4565 500 4620 Desine
526 4581 656 4635 ergo
684 4565 813 4620 mihi
854 4581 1129 4636 opponere
1157 4571 1468 4640 magistrum
1499 4571 1849 4627 Manicha'um
1870 4613 1886 4640 ,

301 4655 397 4710 scd
443 4669 652 4709 mecum
687 4655 865 4727 potius
902 4670 1127 4725 sequere
1168 4659 1551 4723 Ambrosium;
1579 4669 1634 4716 et
1662 4662 1891 4719 Arianos

297 4746 528 4811 intuere,
556 4759 755 4816 eosque
784 4745 835 4800 in
861 4760 928 4801 eo
953 4747 1163 4811 saltem,
1187 4748 1331 4819 quod
1358 4758 1410 4803 te
1438 4749 1629 4805 melius
1654 4752 1887 4825 sapiunt,

296 4836 528 4901 imitare;
558 4836 648 4905 qui
679 4851 777 4891 nos
803 4836 1123 4891 hlanichaaos
1140 4852 1261 4893 esse
1282 4852 1387 4893 non
1412 4838 1617 4906 dicunt,
1646 4843 1890 4910 quamvis

296 4941 417 4982 cum
431 4927 739 4983 Manichteis
755 4926 997 4983 dicamus
1025 4943 1187 4983 unam
1216 4929 1389 4984 Patris
1413 4938 1469 4985 et
1495 4928 1616 4984 Filii
1645 4938 1699 4985 et
1716 4931 1889 5000 Spiri-

295 5002 383 5073 tus
411 5018 580 5073 sancti
614 5033 735 5075 esse
762 5028 1008 5077 naturam
1031 5060 1049 5088 ,
1074 5019 1166 5075 ubi
1204 5019 1362 5085 nobis
1399 5021 1890 5079 contentiosissime

295 5108 693 5179 contradicunt.

364 5197 559 5254 XXXI.
586 5200 706 5257 Jun.
727 5200 926 5258 Verum
951 5200 1325 5277 vehementem
1350 5202 1705 5284 objectionem
1732 5212 1890 5261 nuta-

358 5398 376 5439 !
413 5402 572 5457 Forte,
595 5394 843 5458 imponat.

354 5460 378 5525 ξ
409 5460 484 5525 sic
527 5467 632 5525 uss.
668 5457 969 5525 Editi_vero,
1002 5457 1344 5525 discum
1373 5459 1659 5525 reperimus.

357 5512 379 5591 .‘
412 5520 704 5591 Yiﬁeierius.
724 5518 823 5591 σῇ.
998 5520 1131 5585 quia.

355 5581 379 5617 ⁸
412 5580 566 5653 ιῐίιίιί,Δ
591 5583 710 5653 quos
736 5580 929 5653 fugitis,
953 5580 1482 5653 perverse‘adjuvatis.
1519 5593 1576 5653 Att
1604 5590 1734 5647 mss,
1772 5599 1890 5652 quos

292 5656 516 5712 perverse
537 5645 736 5707 fngitis;
761 5645 806 5712 id
832 5650 927 5712 est,
953 5645 1002 5693 in
1025 5645 1313 5712 perversum
1334 5648 1582 5712 tendendo
1606 5645 1743 5712 :rquo
1766 5645 1889 5698 s'en-

292 5704 352 5769 su
378 5718 440 5754 ex
469 5704 834 5773 libremsecundo
875 5705 941 5773 de
978 5704 1161 5768 Nuptiis
1199 5715 1253 5757 et
1272 5704 1685 5773 concupiscentia,
1729 5725 1777 5759 n.
1804 5711 1886 5773 38,

290 5765 454 5835 supra,
473 5780 577 5835 cap.
591 5766 671 5827 9.3,
690 5766 885 5835 dicitur,
906 5765 956 5817 iu
981 5765 1268 5835 perversum
1280 5765 1707 5835 ritare'conamm‘;
1726 5782 1778 5824 et
1796 5765 1891 5835 ibi;

210 5856 219 5864 .
293 5829 408 5905 gem
435 5828 576 5901 lauto
602 5836 723 5890 post,
750 5828 799 5879 in
826 5828 1102 5891 perrefsmu
1126 5829 1316 5899 fngitis.
1690 5828 1699 5835 ’
1810 5828 1820 5843 ⁵

1658 415 1857 472 LIBER
1896 413 2215 483 QUINTUS.

3490 428 3625 491 “70

2030 530 2121 596 sti,
2150 538 2208 585 ut
2252 529 2459 587 diceres
2495 531 2638 589 unde
2673 533 2726 587 in
2768 533 2885 603 ipso
2928 532 3102 604 primo
3131 536 3145 569 ί
3173 534 3391 594 homine
3432 540 3518 594 vel
3571 540 3626 596 in

2028 621 2242 678 diabolo
2268 624 2356 694 qui
2381 625 2604 695 angelus
2622 624 2797 682 factus
2819 626 3009 695 fuerat,
3035 629 3173 685 mala
3203 630 3498 687 exstitisset
3524 646 3622 695 vo-

2027 711 2243 769 luntas:
2273 729 2430 785 quam
2471 724 2650 772 tamen
2692 717 2772 771 ais
2813 717 2935 773 ideo
2975 733 3097 775 esse
3138 729 3312 776 ortam
3360 720 3413 776 in
3458 736 3623 793 opere

2029 802 2154 867 Dei,
2184 804 2233 859 id
2260 815 2342 860 est
2361 847 2378 871 ,
2406 806 2490 861 vel
2522 806 2576 861 in
2602 808 2793 876 angelo
2812 850 2826 872 ,
2860 809 2941 865 vel
2974 809 3026 865 in
3065 810 3314 878 homine,
3344 828 3453 868 non
3496 814 3621 885 quia

2025 892 2123 950 Dei
2165 909 2302 963 opus
2328 904 2477 962 crat,
2505 896 2599 952 sed
2640 897 2763 966 quia
2791 897 2860 954 de
2900 898 3067 957 nihilo
3104 899 3277 957 factus
3320 911 3455 957 erat.
3487 902 3620 969 Vide

2022 996 2152 1053 ergo
2193 1000 2261 1039 ne
2294 993 2350 1040 et
2395 996 2448 1039 tu
2490 1002 2586 1057 per
2608 987 2805 1043 alteras
2842 990 2956 1044 vias
2984 999 3243 1046 aeternam
3273 991 3421 1047 dicas
3452 992 3618 1047 fuisse

2023 1074 2149 1131 ntali
2191 1078 2586 1133 necessitatem.
2616 1078 2749 1134 Nam
2777 1081 2822 1135 si
2859 1079 2974 1136 lucc
3008 1081 3107 1137 fuit
3145 1098 3303 1138 causa
3334 1084 3613 1141 exoriendi

2024 1166 2151 1221 mali
2177 1167 2229 1224 in
2257 1184 2421 1238 opere
2448 1170 2578 1238 Dei,
2607 1174 2861 1241 quoniam
2886 1172 2955 1228 de
2981 1173 3150 1235 nihilo
3178 1174 3230 1229 id
3260 1174 3454 1231 factum
3494 1192 3616 1238 esse

2012 1257 2305 1314 consuibat
2331 1276 2346 1325 ;
2373 1270 2658 1331 antequam
2701 1262 2852 1318 licret
2900 1273 3080 1320 autem
3117 1265 3258 1334 quod
3307 1275 3489 1332 esset,
3515 1266 3615 1321 hoc

2019 1350 2245 1411 nihilum
2271 1368 2486 1423 semper
2513 1355 2640 1422 fuit,
2671 1356 2721 1409 id
2748 1365 2861 1423 est,
2891 1366 3177 1426 antequam
3205 1357 3356 1416 fieret
3386 1357 3437 1412 id
3468 1359 3610 1429 quod

2018 1454 2194 1511 esset,
2227 1462 2497 1516 nunquam
2535 1448 2735 1519 aliquid
2772 1448 2904 1516 fuit,
2930 1461 2984 1505 et
3023 1450 3125 1507 huc
3165 1451 3304 1522 quod
3340 1466 3611 1523 nunquam

2018 1533 2151 1602 fuit,
2183 1536 2315 1591 nihil
2358 1538 2521 1594 fuisse
2558 1539 2754 1595 dicitur
2781 1559 2795 1594 :
2825 1540 2893 1596 ab
2936 1552 3137 1601 :eterno
3174 1558 3303 1614 ergo
3338 1559 3609 1614 nunquam

2016 1623 2136 1689 fuit,
2167 1627 2308 1696 quod
2339 1642 2446 1683 non
2475 1628 2574 1684 fuit
2597 1639 2880 1701 antequam
2912 1633 3063 1690 ﬁeret
3084 1651 3112 1686 a
3148 1633 3276 1698 Deo,
3304 1635 3458 1703 cujus
3481 1636 3612 1689 sub-

2000 1717 2212 1783 stantia
2250 1718 2364 1773 sola
2408 1719 2527 1775 sine
2572 1721 2831 1793 principio
2859 1733 2941 1779 ρει
2971 1741 2983 1777 :
3015 1723 3115 1781 hoc
3160 1739 3288 1795 ergo
3330 1726 3520 1790 inane,
3554 1727 3606 1785 id

2014 1816 2121 1875 est,
2151 1808 2305 1876 nihil,
2333 1818 2621 1882 antequam
2653 1828 2749 1889 per
2776 1829 2954 1869 rerum
2982 1812 3225 1871 finiretur
3246 1816 3604 1883 existentium,

2014 1914 2232 1972 semper
2270 1900 2392 1958 fuit.
2426 1902 2544 1959 Non
2584 1918 2714 1975 ergo
2741 1903 2933 1961 factum
2972 1905 3182 1966 esthoc
3212 1906 3433 1962 nihilum
3466 1925 3481 1960 :
3510 1909 3606 1964 sed

2012 1990 2168 2048 facta;
2192 2004 2318 2050 sunt
2345 2005 2696 2062 creaturam
2722 1997 2849 2052 illud
2880 1997 3011 2058 nihil
3039 2014 3159 2055 esse
3187 2001 3428 2055 cessavit.
3463 2000 3519 2055 In
3540 2016 3604 2064 ea

2011 2100 2141 2156 ergo
2169 2094 2574 2159 creatura,qu:e
2597 2088 2731 2145 facta
2759 2088 2827 2145 de
2858 2089 3023 2143 nihilo
3051 2098 3153 2154 est,
3186 2100 3242 2146 tu
3266 2090 3383 2146 ideo
3403 2092 3603 2161 malum

2010 2181 2390 2235 commentaris
2415 2191 2688 2250 exortum,
2720 2183 2967 2252 quoniam
2993 2182 3061 2237 de
3087 2183 3256 2239 nihilo
3282 2183 3422 2239 facta
3449 2195 3587 2250 erat.

2008 2266 2205 2325 Malum
2232 2286 2362 2341 ergo
2401 2273 2456 2326 iu
2490 2271 2709 2327 homine
2744 2282 2988 2328 exortum
3020 2275 3211 2344 origini
3252 2276 3598 2347 reputavisti;

2009 2369 2169 2430 atque
2191 2361 2362 2432 origo,
2390 2362 2442 2418 id
2468 2372 2551 2418 est
2573 2404 2589 2430 ,
2615 2363 2861 2431 nihilum,
2888 2363 3083 2419 dicitur
3110 2382 3139 2419 a
3173 2373 3225 2420 te
3250 2381 3407 2421 causa
3439 2364 3603 2422 fuisse

2014 2452 2240 2520 peccati.
2273 2451 2389 2506 Non
2419 2453 2595 2519 enim,
2619 2452 2824 2522 inquis,
2854 2463 3133 2522 pmpterea
3161 2455 3214 2509 in
3245 2454 3463 2511 homine
3490 2471 3604 2512 ma-

2007 2540 2119 2595 lum
2164 2551 2410 2597 exortum
2436 2553 2547 2608 est,
2580 2543 2832 2613 quoniam
2861 2560 2892 2598 a
2925 2544 3037 2598 Deo
3065 2544 3236 2600 factus
3266 2545 3473 2612 fuerat;
3505 2549 3600 2605 sed

2007 2633 2130 2703 quia
2171 2632 2242 2690 de
2283 2634 2454 2690 nihilo
2508 2634 2681 2690 factus
2725 2635 2916 2691 fuerat.
2956 2635 3013 2692 Si
3060 2652 3191 2709 ergo
3239 2638 3359 2695 ideo
3402 2640 3601 2694 malum
3684 2632 3693 2635 ’

2008 2732 2253 2779 exortum
2304 2736 2436 2795 est,
2480 2726 2604 2795 quia
2656 2727 2894 2782 conditio
2947 2727 3100 2782 nihili
3154 2730 3502 2800 praecedentis
3548 2731 3603 2787 id

2005 2815 2223 2885 exegit;
2252 2814 2357 2883 hoc
2385 2825 2563 2883 autem
2594 2817 2817 2881 nihilum
2844 2827 3105 2879 mternum
3134 2821 3232 2876 fuit
3261 2839 3276 2876 :
3309 2822 3602 2887 immutatis

2004 2906 2210 2989 semitis
2247 2906 2478 2962 incidisti
2502 2909 2545 2973 ',
2570 2918 2623 2963 et
2652 2909 2855 2978 pendes
2890 2910 3112 2975 omnino
3149 2911 3203 2967 in
3246 2914 3599 2984 prmceptoris

2005 2997 2081 3052 tui
2102 2997 2315 3068 laqueo,
2340 3008 2397 3057 ut
2426 2999 2622 3053 malum
2652 3001 2811 3060 ambo
2836 3000 2906 3054 ab
2928 3010 3132 3055 mtcrno
3157 3017 3277 3057 esse
3302 3002 3595 3067 fateamini.

2003 3088 2109 3145 Sed
2151 3090 2203 3144 in
2248 3090 2350 3146 hoc
2390 3107 2605 3161 quoque
2648 3092 2738 3147 ille
2780 3092 3416 3164 prudentior:inducens
3451 3099 3595 3158 enim

2002 3179 2248 3236 naturale
2274 3189 2549 3251 peccatum
2571 3223 2587 3249 ,
2610 3180 2745 3237 dixit
2767 3192 3023 3238 aaternam
3050 3182 3214 3240 fuisse
3242 3185 3595 3248 substantiam

2003 3271 2380 3338 tenebrarum,
2410 3288 2530 3342 qua:
2571 3272 2690 3328 sine
2733 3273 3007 3330 voluntate
3052 3276 3350 3351 peccatoris
3392 3276 3595 3340 malum

2001 3364 2106 3421 hoc
2135 3366 2312 3424 inesse
2340 3365 2709 3435 compelleret.
2740 3366 2837 3426 Rei
2869 3382 2996 3438 ergo
3016 3410 3031 3435 ,
3060 3368 3215 3440 cujus
3242 3368 3471 3425 faciebat
3494 3385 3595 3427 ne—

1998 3456 2327 3521 cessitatem,
2353 3466 2627 3517 auctorem
2660 3456 2830 3524 dedit,
2858 3468 2918 3513 ut
2944 3458 3140 3513 malum
3173 3459 3313 3530 quod
3340 3461 3592 3516 substan-

2000 3550 2103 3605 tias
2130 3548 2471 3620 pervadebat,
2500 3549 2771 3605 videretur
2793 3549 2992 3608 habere
3017 3560 3295 3622 cogentem
3331 3571 3345 3606 :
3379 3562 3434 3608 tu
3461 3568 3592 3608 vero

2002 3640 2219 3712 plumbo
2250 3640 2445 3711 ingenii
2477 3657 2582 3695 non
2624 3640 2866 3708 ferendo,
2892 3641 3180 3703 confirmas
3216 3645 3591 3702 necessitatem

1998 3734 2164 3801 ntali,
2193 3733 2288 3789 sed
2320 3749 2483 3804 negas
2523 3734 2858 3792 necessitatis
2900 3748 3193 3791 auctorem.
3235 3736 3307 3811 Et
3351 3737 3490 3793 sicut
3535 3739 3591 3796 in

1998 3826 2265 3896 parvulis,
2293 3826 2363 3880 ita
2410 3826 2461 3880 iu
2503 3826 2620 3898 ipso
2667 3826 2847 3897 priore
2892 3827 3099 3899 peccati
3136 3838 3419 3899 operatore
3450 3844 3590 3901 opus

1997 3916 2306 3987 relinquis;
2354 3932 2420 3972 ac
2491 3917 2625 3973 dicis
2688 3917 2871 3977 nescio
2932 3917 3060 3989 quid
3122 3934 3373 3990 magnum
3433 3934 3593 3992 posse

1997 4006 2253 4085 intelligi,
2282 4017 2341 4064 ut
2369 4008 2498 4065 illud
2526 4009 2657 4067 nihil
2688 4009 2919 4069 valuerit
2949 4010 3235 4085 plurimum
3256 4053 3273 4081 ,
3304 4028 3427 4068 cum
3453 4013 3591 4070 nihil

1995 4108 2161 4163 βδὸθιο

2065 4190 2204 4253 Aue.
2245 4189 2386 4249 Nihil
2416 4191 2585 4259 vales,
2627 4190 2725 4247 sed
2770 4200 2847 4261 tu,
2892 4191 3184 4248 asserenda
3230 4192 3371 4264 quod
3418 4194 3587 4262 nihil,

1996 4297 2118 4349 cum
2162 4282 2233 4338 sit
2281 4282 2433 4348 nihil,
2480 4284 2654 4342 valeat
2698 4284 2897 4357 aliquid
2939 4301 2954 4338 :
3001 4299 3101 4340 nec
3144 4284 3418 4356 intelligis,
3462 4301 3586 4342 cum

1997 4372 2193 4429 dicitur
2230 4374 2372 4430 Deus
2418 4373 2488 4430 de
2531 4375 2699 4431 nihilo
2747 4376 2937 4431 fecisse
2980 4391 3100 4447 quae
3149 4375 3292 4441 fecit,
3338 4394 3443 4432 uon
3483 4378 3590 4435 dici

1995 4465 2161 4534 aliud,
2192 4466 2292 4521 nisi
2319 4467 2442 4538 quia
2468 4466 2538 4525 de
2564 4483 2623 4524 se
2649 4469 2767 4539 ipso
2793 4485 2899 4525 non
2931 4468 3059 4526 fecit
3089 4488 3102 4525 :
3135 4486 3241 4526 non
3271 4472 3413 4527 enim
3441 4482 3590 4529 ante-

1995 4571 2154 4635 quam
2201 4557 2400 4629 aliquid
2452 4558 2683 4625 faceret,
2730 4569 3071 4621 coarternum
3107 4561 3180 4617 illi
3229 4572 3344 4618 erat
3389 4564 3589 4635 aliquid

1994 4645 2194 4715 facere.
2225 4648 2301 4702 De
2341 4650 2507 4703 nihilo
2537 4659 2620 4705 est
2648 4666 2774 4722 ergo
2793 4694 2809 4720 ,
2840 4653 2983 4729 quod
3012 4668 3116 4708 non
3147 4662 3232 4709 est
3267 4654 3335 4709 de
3363 4655 3542 4724 aliquo
3569 4674 3586 4711 :

1994 4741 2117 4809 quia
2145 4741 2244 4795 etsi
2282 4739 2405 4796 fecit
2435 4741 2578 4797 Deus
2616 4742 2791 4812 aliqua
2832 4742 2901 4804 de
2926 4744 3046 4797 aliis
3082 4744 3245 4800 rebus
3267 4786 3283 4812 ,
3316 4744 3412 4799 has
3443 4748 3588 4815 ipsas

1994 4828 2064 4897 de
2090 4828 2281 4899 quibus
2311 4845 2373 4892 ea
2415 4831 2569 4894 fecit,
2600 4830 2668 4886 de
2709 4832 2869 4893 nullis
2916 4833 3114 4889 fecerat
3142 4834 3323 4889 rebus.
3354 4834 3590 4894 Peccare

1995 4929 2175 4995 autem
2204 4920 2347 4985 nulla
2378 4936 2466 4978 res
2497 4932 2695 4992 posset,
2723 4924 2767 4979 si
2799 4923 2867 4979 de
2897 4933 3084 4979 natura
3118 4925 3211 4981 Dei
3242 4924 3378 4981 facta
3404 4938 3585 4991 esset;

1995 4999 2097 5067 nec
2132 5012 2243 5082 jam
2295 5013 2428 5075 facta
2470 5024 2617 5069 esset
2639 5014 2682 5082 ³,
2725 5015 2821 5072 sed
2864 5015 2933 5072 de
2972 5015 3064 5071 illo
3106 5028 3285 5085 esset,
3330 5017 3589 5090 quidquid

1994 5114 2172 5168 esset,
2203 5102 2404 5174 ethoc
2443 5105 2586 5177 quod
2617 5105 2705 5165 ille
2747 5116 2930 5163 esset:
2962 5107 3100 5163 sicut
3141 5118 3225 5165 est
3253 5107 3277 5141 ⁸
3317 5110 3506 5179 Filius,
3542 5125 3598 5171 et

1994 5194 2227 5264 Spiritus
2251 5205 2489 5263 sanctus,
2516 5199 2766 5269 quoniam
2795 5198 2863 5255 de
2892 5199 2984 5255 illo
3012 5209 3157 5265 sunt,
3192 5200 3294 5258 hoc
3321 5202 3465 5276 quod
3503 5206 3594 5264 ille

1994 5296 2155 5369 sunt,
2198 5287 2337 5344 alius
2375 5289 2675 5358 nascendo,
2717 5291 2854 5347 alius
2891 5292 3269 5362 procedendo;
3312 5306 3473 5368 atque
3521 5299 3593 5355 ita

2060 5461 2085 5536 '_
2113 5463 2468 5537 \fignieriusdu
2490 5463 2594 5531 ipso
2613 5464 2821 5520 Ιιοπιίηε.
2837 5468 3128 5533 Adjecimus,
3147 5469 3322 5536 primo,
3335 5484 3399 5523 ex
3424 5484 3594 5522 manu-

1994 5532 2298 5662 ωῗῗῗὴᾳε.
2321 5589 2607 5662 addidimus,
2630 5590 2865 5662 incidisti.

2059 5649 2081 5681 ³
2104 5656 2200 5720 ηρο
2222 5652 2340 5720 item
2364 5650 2469 5702 loco
2490 5649 2781 5706 auctoritate
2791 5656 3241 5720 manuscriptorum
3264 5656 3583 5720 restituimus.

1994 5720 2083 5820 :c‘c
2115 5713 2227 5772 jam
2264 5713 2397 5774 facta
2415 5723 2571 5778 esset;
2614 5728 2671 5767 ac
2694 5718 2837 5782 paulo
2881 5727 3008 5782 post,
3030 5713 3077 5771 ἐι
3115 5717 3206 5777 hoc
3241 5718 3372 5790 quod
3408 5715 3491 5769 ιλιι
3513 5713 3586 5769 θεέ·

1996 5785 2033 5821 δ’
2047 5785 2080 5866 ιέ
2114 5841 2275 5905 ξυιίο,
2297 5845 2359 5897 ct.
