4124 6570
619 555 744 600 simt
773 544 840 600 de
869 543 992 609 illo,
1027 551 1088 599 ut
1115 559 1386 615 nunquam
1421 543 1582 600 fuerit
1625 544 1738 612 ipse
1784 542 1934 614 prior
1979 541 2104 596 illis.
2155 541 2221 595 Et

620 638 740 694 ideo
787 637 886 692 ista
919 645 1106 692 natura
1151 652 1256 692 non
1307 645 1487 707 potest
1515 637 1734 692 omnino
1777 649 2042 705 peccare;
2091 634 2216 704 quia

615 747 725 786 non
773 739 948 800 potest
990 744 1052 785 se
1099 729 1212 800 ipsa
1256 729 1544 789 deserere.
1589 743 1690 784 nec
1732 727 2012 783 meliorem
2057 726 2218 780 habet

613 823 702 878 cui
733 823 926 878 debeat
955 821 1216 877 inhaerere
1234 862 1251 889 ,
1281 830 1336 876 et
1360 821 1516 892 cujus
1544 819 1713 890 possit
1740 818 2048 874 desertione
2087 831 2216 888 pec-

613 933 761 972 care.
791 914 900 970 Nec
939 921 1118 971 tamen
1163 914 1232 970 ita
1261 914 1541 969 rationalis
1568 922 1652 968 est
1681 912 1818 968 facta
1845 919 2123 974 creatura,
2155 917 2216 964 ut

613 1008 840 1064 haberet
871 1006 1124 1076 peccandi
1168 1007 1542 1062 necessitatem
1572 1021 1586 1058 :
1619 1003 1716 1060 sed
1746 1019 1846 1061 nec
1883 1001 2212 1074 possibilita-

615 1112 724 1156 tem
753 1099 968 1156 haberet
995 1142 1010 1166 ,
1043 1099 1087 1155 si
1119 1109 1306 1154 natura
1337 1099 1431 1154 Dei
1471 1108 1654 1164 esset;
1683 1097 1938 1169 quoniam
1977 1095 2070 1152 Dei
2109 1109 2212 1150 na-

616 1205 732 1250 tura
766 1209 986 1264 peccare
1015 1210 1114 1250 nec
1139 1193 1252 1248 vult
1277 1209 1435 1264 posse
1455 1235 1471 1256 ,
1500 1207 1600 1248 nec
1627 1200 1802 1262 potest
1832 1190 1992 1246 velle.

685 1284 905 1340 XXXII.
945 1285 1065 1342 Jun.
1107 1285 1218 1340 Hoc
1256 1286 1399 1341 enim
1440 1284 1610 1350 nihil,
1651 1284 1720 1339 de
1759 1299 1868 1355 quo
1908 1281 2047 1337 facta
2085 1288 2212 1336 sunt

614 1379 815 1443 omnia,
841 1377 1078 1433 afﬁrmas
1101 1392 1318 1433 causam
1347 1376 1513 1433 fuisse
1539 1376 1762 1447 peccati.
1794 1375 2022 1430 Tantum
2051 1373 2211 1444 igitur

615 1469 741 1526 facit
767 1469 904 1538 apud
947 1478 998 1524 te
1039 1468 1189 1524 nihili
1235 1468 1394 1540 hujus
1439 1468 1710 1539 potentia,
1756 1476 2016 1537 quantum
2065 1464 2206 1537 apud

615 1560 960 1616 Manichmum
985 1561 1241 1632 principis
1267 1561 1632 1618 tenebrarum.
1657 1561 1832 1616 Ambo
1854 1575 1981 1630 ergo
2005 1558 2204 1625 dicitis,

616 1658 773 1710 etiam
815 1655 971 1726 primi
1017 1657 1146 1712 niali
1189 1657 1568 1712 necessitatem
1611 1655 1780 1712 fuisse
1809 1673 1822 1711 :
1855 1655 1951 1712 sed
1979 1655 2073 1711 dat
2115 1655 2207 1712 ille

611 1747 929 1802 soliditatem
963 1748 1043 1804 vel
1081 1748 1316 1816 malam;
1364 1758 1419 1804 tu
1461 1749 1806 1814 inanitatem,
1837 1763 1990 1820 mque
2023 1757 2204 1804 tamen

609 1841 845 1894 malam:
889 1841 982 1897 ille
1023 1857 1155 1916 ergo
1198 1843 1330 1898 dicit
1365 1843 1659 1900 violentam
1703 1843 2098 1908 substantiam;
2147 1851 2204 1899 tu

607 1931 895 1986 violentum
925 1949 1115 2004 :cque,
1146 1933 1244 1990 sed
1285 1935 1532 1990 nihilum.
1565 1934 1700 1992 Vide
1741 1950 1872 2006 ergo
1905 1935 2204 2007 syllogismi

609 2025 680 2078 tui
713 2023 872 2081 linem
901 2045 914 2080 :
945 2027 1175 2083 nihilum
1219 2044 1446 2101 nempe,
1477 2045 1599 2084 eum
1637 2028 1866 2084 necdum
1911 2028 2202 2099 quidquam

606 2127 748 2172 esset
784 2128 1024 2174 creatum
1043 2159 1060 2186 ,
1089 2130 1308 2176 αξιοι-ηαξ
1337 2131 1453 2176 erat
1481 2121 1754 2176 inanitatis
1780 2120 2033 2176 indicium
2059 2137 2075 2187 ;
2103 2119 2200 2176 sed

607 2205 708 2263 hoc
737 2209 910 2279 ipsum
959 2210 1216 2275 nihilum.
1248 2211 1301 2267 id
1331 2219 1447 2276 est,
1481 2213 1710 2268 inanitas
1733 2255 1748 2278 ,
1789 2213 2086 2268 orientibus
2117 2220 2204 2268 est

609 2299 752 2354 tinita
783 2303 1044 2358 creaturis
1072 2319 1086 2356 :
1116 2302 1308 2359 desivit
1338 2303 1480 2360 enim
1513 2303 1644 2358 nihil
1689 2319 1845 2371 esse,
1876 2319 2000 2360 cum
2037 2303 2204 2375 coepit

607 2389 802 2461 aliquid
848 2407 989 2450 esse.
1043 2393 1220 2463 Ipsum
1248 2409 1378 2465 ergo
1421 2393 1646 2450 nihilum
1692 2395 1854 2450 etiam
1893 2409 2016 2451 eum
2059 2403 2202 2461 erat,

611 2495 716 2536 non
744 2491 899 2547 erat;
931 2485 1185 2554 quoniam
1218 2495 1342 2540 tunc
1371 2485 1682 2556 intelligitur
1707 2484 1894 2551 fuisse,
1923 2501 2045 2541 cum
2073 2503 2202 2544 nec-

610 2569 736 2626 dum
766 2572 968 2643 aliquid
1005 2585 1144 2631 erat.
1175 2575 1364 2631 Postea
1391 2592 1519 2632 vero
1545 2592 1705 2648 quam
1735 2577 1889 2633 facta:
1923 2594 2011 2634 res
2053 2589 2199 2648 sunt,

611 2663 713 2722 hoc
736 2667 1008 2725 inanitatis
1045 2669 1296 2725 indicium
1323 2671 1370 2738 ‘,
1400 2670 1452 2726 id
1477 2680 1559 2726 est
1577 2712 1592 2736 ,
1625 2670 1880 2737 nihilum,
1910 2673 2048 2727 sicut
2070 2673 2202 2728 sub-

611 2761 863 2815 stantiam
909 2778 1179 2834 nunquam
1228 2763 1510 2829 habuerat,
1561 2765 1632 2819 ita
1679 2766 1841 2821 etiam
1881 2765 2200 2822 vocabulum

612 2864 767 2906 suum
797 2853 1062 2922 perdidit;
1109 2853 1414 2926 factumque
1456 2863 1566 2922 est,
1605 2855 1833 2928 utquod
1876 2855 1928 2911 in
1969 2871 2030 2912 re
2059 2871 2201 2912 nun-

611 2959 770 3014 quam
795 2947 1072 3014 extiterat,
1101 2949 1260 3004 etiam
1291 2949 1463 3020 ipsum
1493 2965 1686 3007 nomen
1713 2951 2002 3008 amitteret.
2031 2951 2202 3022 Ilujus

610 3051 737 3107 ergo
779 3047 832 3091 tu
861 3039 1116 3094 violentia
1155 3041 1354 3096 malum
1393 3053 1448 3098 et
1475 3041 1528 3098 in
1572 3041 1762 3115 angelo
1791 3052 1847 3100 et
1889 3043 1943 3100 in
1985 3042 2204 3101 homine

608 3131 988 3188 commentaris
1028 3144 1271 3188 exortum
1301 3152 1316 3189 :
1345 3149 1452 3206 quo
1491 3135 1622 3206 quid
1663 3135 1915 3191 furiosius
1953 3135 2060 3192 dici
2107 3153 2204 3208 po-

607 3229 709 3276 test
727 3220 754 3275 ?

680 3315 816 3370 Anc.
859 3313 938 3370 Tn
967 3316 1145 3386 potius
1173 3315 1528 3373 maledicendi
1566 3317 1746 3374 studio
1774 3317 1954 3375 furere
1979 3317 2202 3376 videris.

607 3403 721 3477 Ego
752 3423 856 3462 non
886 3407 994 3463 dixi
1024 3409 1314 3464 violentum
1349 3411 1480 3466 nihil
1509 3428 1523 3464 :
1557 3427 1663 3466 non
1694 3411 1836 3468 enim
1867 3423 1950 3469 est
1976 3412 2200 3484 aliquid,

608 3499 746 3568 quod
783 3500 950 3569 possit
978 3516 1100 3557 esse
1129 3503 1442 3557 violentum.
1475 3501 1586 3558 Nec
1625 3505 1847 3576 angelus
1867 3547 1883 3572 ,
1912 3521 2014 3561 nec
2039 3505 2205 3562 homo

607 3587 656 3641 vi
686 3589 862 3660 aliqua
909 3607 1136 3662 peccare
1161 3594 1184 3624 ¹
1211 3594 1518 3664 compulsus
1559 3603 1680 3662 est;
1728 3611 1828 3650 nec
1865 3607 2202 3667 peccassent,

607 3681 650 3734 si
692 3697 917 3750 peccare
961 3684 1292 3750 noluissent,
1334 3686 1424 3756 qui
1465 3687 1626 3742 etiam
1671 3688 1812 3744 nolle
1853 3689 2200 3760 potuissent:

603 3785 790 3828 verum
819 3783 874 3828 et
914 3791 1071 3845 posse
1099 3791 1320 3846 peccare
1353 3793 1463 3833 non
1501 3778 1556 3834 in
1595 3778 1680 3835 bis
1721 3789 1899 3846 esset,
1928 3781 1973 3836 si
2011 3792 2204 3837 natura

608 3861 698 3918 Dei
725 3875 928 3923 essent.

685 3955 927 4010 XXXIII.
957 3957 1079 4013 Jun.
1107 3959 1376 4030 Magnam,
1403 3961 1602 4032 inquis,
1628 3963 1737 4018 vim
1765 3964 1948 4022 habuit
1971 3982 2058 4024 res
2083 3983 2206 4039 qua:

615 4061 720 4100 non
751 4055 890 4114 erat,
915 4049 981 4103 ob
1009 4049 1112 4105 hoc
1136 4051 1331 4116 solum,
1355 4054 1478 4122 quia
1508 4072 1778 4127 nunquam
1806 4059 1993 4128 fuerat,
2018 4077 2203 4117 verum

617 4150 726 4194 tum
757 4156 916 4212 posse
951 4143 1236 4212 plurimum
1267 4147 1431 4217 cmpit
1450 4189 1464 4214 ,
1495 4159 1774 4220 postquam
1808 4162 1862 4206 ct
1899 4153 2072 4224 ipsum
2103 4169 2203 4210 no-

615 4247 739 4288 men
765 4235 982 4303 amisit;
1029 4239 1385 4311 sortitumque
1426 4249 1510 4296 est
1552 4241 1655 4299 hoc
1692 4245 1914 4300 nihilum
1957 4263 2204 4318 magnam

612 4323 1053 4396 dominationem,
1094 4339 1375 4402 postquam
1416 4334 1578 4390 etiam
1617 4337 1905 4407 appellatio
1947 4339 2066 4411 ejus
2117 4341 2206 4396 in-

611 4420 776 4476 teriit.

684 4516 821 4571 Avo.
862 4513 918 4571 Si
949 4515 1001 4572 id
1028 4517 1168 4588 quod
1199 4517 1332 4574 nihil
1359 4527 1475 4588 est,
1511 4521 1712 4592 aliquid
1751 4533 1929 4593 esset,
1967 4527 2106 4596 apud
2150 4536 2205 4584 te

610 4605 881 4663 diceretur
904 4609 1154 4665 sortitum
1195 4627 1441 4683 magnam
1471 4614 1890 4672 dominationem
1921 4636 1934 4672 :
1963 4619 2206 4690 quando-

609 4699 821 4769 quidem
852 4700 1088 4770 vanitas,
1121 4703 1236 4760 sive
1273 4703 1475 4760 falsitas
1495 4749 1510 4775 ,
1543 4707 1613 4762 ita
1646 4708 1736 4764 tibi
1777 4710 2116 4780 dominatur,
2147 4723 2208 4771 ut

608 4793 806 4848 tamdiu
834 4803 885 4850 te
911 4795 1008 4851 ista
1036 4796 1210 4852 inania
1237 4799 1440 4870 garrire
1467 4803 1774 4872 compellat.

674 4886 918 4943 XXXIV.
959 4887 1080 4944 JUL.
1121 4889 1293 4948 Macte
1337 4893 1534 4950 virtute
1576 4895 1886 4966 sapientiae,
1919 4899 2010 4970 qui
2051 4915 2206 4956 novze

604 4987 658 5031 et
692 4993 724 5033 a
758 4988 810 5034 te
844 4977 866 5009 ³
902 4979 1132 5036 inventa:
1175 4983 1409 5052 primum
1439 4985 1813 5056 disputationis
1855 4993 2083 5062 regulis,
2117 5007 2208 5048 se-

608 5068 781 5122 cunda
810 5071 1102 5140 primorum
1135 5075 1418 5144 negatione
1454 5077 1860 5146 complecteris,
1888 5091 1943 5136 et
1976 5097 2206 5152 corpora

611 5157 876 5228 capitibus
917 5169 1105 5216 trunca
1135 5165 1436 5234 componis.
1466 5164 1582 5220 Non
1611 5167 1906 5227 invidemus
1934 5173 2206 5229 subtilita-

613 5247 755 5302 tibus
786 5248 888 5302 tuis
919 5267 931 5302 :
973 5252 1100 5319 quin
1145 5252 1252 5308 imo
1290 5255 1582 5309 christiana
1613 5254 1945 5318 humanitate
1985 5264 2209 5320 misera-

615 5353 765 5404 tnur,
790 5341 932 5411 quod
969 5345 1186 5416 dignum
1219 5349 1466 5419 reperisti
1497 5349 1698 5405 exitum
1727 5352 1960 5425 dogmati
1995 5366 2118 5412 tuo.
2151 5367 2210 5414 ut

616 5429 888 5498 protectus
913 5447 945 5490 a
973 5436 1289 5496 criminibus
1328 5440 1698 5512 innocentum,
1726 5445 1792 5502 ad
1819 5447 2046 5508 nihilum
2075 5465 2204 5524 per-

613 5535 846 5580 ventres.

682 5743 700 5811 ξ
735 5745 808 5811 sic
829 5751 938 5796 uss.
963 5753 1012 5797 In
1036 5748 1196 5811 vtgm,
1219 5749 1472 5805 indictum.

681 5804 706 5882 ξ
831 5815 934 5882 Mss.
956 5816 1006 5882 In
1024 5804 1193 5882 ego;
1222 5811 1272 5862 in
1311 5804 1478 5879 aliqua
1501 5829 1723 5882 peccare.

685 5864 706 5898 ³
741 5870 896 5932 um,
920 5864 1234 5938 ωιαιεῖιιεὲ..
1256 5883 1300 5928 ct
1322 5864 1439 5932 an.

1299 429 1549 488 OPBRIS
1575 427 1986 486 LIIPEBFECTI
2022 425 2294 484 CONTRA
2335 426 2698 498 JULIANUM,
2737 432 2792 488 S.
2835 433 3198 491 AL'GUSTINI

3752 437 3887 496 H72

2402 541 2536 598 Avo.
2577 542 2658 598 Ad
2687 543 2906 600 nihilum
2939 557 2992 600 tu
3021 551 3196 618 potius
3225 555 3538 622 pervenisti,
3563 557 3702 626 quod
3731 569 3782 616 te
3819 564 3888 622 ita

2325 629 2592 706 delectat,
2623 645 2680 691 ut
2722 636 2846 692 inde
2874 639 3159 707 recedere,
3191 644 3274 700 vel
3301 645 3476 704 redire
3509 648 3680 706 adhuc
3707 655 3840 708 nolis
3871 673 3886 710 :

2323 727 2412 798 qui
2442 743 2530 782 me
2562 739 2840 799 propterea
2869 731 3004 788 dicis
3030 734 3080 790 id
3109 735 3250 806 quod
3277 738 3404 794 nihil
3427 749 3529 804 est,
3559 741 3750 798 dixisse
3771 759 3887 802 esse

2323 819 2545 889 aliquid,
2577 831 2633 876 ut
2659 831 2766 877 tam
2797 824 3018 880 multum
3047 837 3106 882 tu
3132 827 3342 886 diceres
3369 831 3522 888 nihil.

2393 911 2616 969 XXXV.
2655 913 2775 970 Jun.
2815 914 2862 972 0
2895 918 3203 986 sanitatem,
3229 936 3264 976 ο
3287 922 3600 992 elegantiam
3623 925 3882 996 disputan-

2320 1004 2427 1061 tis!
2463 1025 2484 1059 ι
2514 1005 2632 1062 Non
2661 1007 2782 1062 ideo
2803 1048 2822 1074 ,
2855 1026 2876 1062 ι
2911 1009 3117 1080 inquit,
3149 1029 3172 1064 σ
3205 1013 3402 1070 malum
3438 1025 3672 1074 exortum
3715 1031 3792 1076 est
3827 1021 3874 1075 in

2319 1095 2558 1164 homine,
2591 1098 2714 1169 quia
2749 1114 2793 1156 ia
2833 1101 2943 1156 Deo
2989 1101 3186 1160 factum
3229 1114 3332 1172 est,
3375 1107 3468 1162 sed
3511 1108 3628 1166 ideo
3661 1110 3776 1180 quia
3815 1111 3876 1167 clo

2317 1189 2486 1244 nihilo
2518 1209 2538 1244 ι
2577 1189 2683 1262 (De
2707 1189 2921 1262 Nuptiis
2945 1203 2994 1248 et
3019 1193 3439 1267 Concupiscth
3457 1241 3474 1265 ,
3501 1198 3586 1256 lib.
3605 1202 3668 1264 2,
3691 1219 3740 1256 η.
3759 1203 3872 1262 ιε».

2316 1279 2664 1338 Ostendimus
2682 1283 2794 1352 jam
2822 1299 3068 1350 acumen,
3093 1301 3201 1357 quo
3227 1287 3305 1342 vis
3329 1291 3554 1346 maxima
3583 1292 3696 1346 huic
3721 1293 3874 1348 nihilo

2315 1372 2600 1444 subrogata
2650 1384 2735 1428 est
2779 1390 2795 1428 :
2839 1390 2980 1430 nunc
3031 1377 3160 1433 illud
3209 1378 3504 1446 admoneo,
3552 1383 3686 1451 quod
3725 1385 3871 1440 etiam

2315 1464 2561 1532 superior
2587 1465 2872 1522 conﬂictus
2901 1465 3026 1522 fecit
3063 1468 3316 1541 intelligi,
3348 1486 3446 1527 nec
3475 1473 3490 1504 ¹
3525 1474 3738 1542 primum
3763 1491 3868 1530 ma-

2313 1555 2424 1611 lum
2465 1557 2733 1626 peccantis
2781 1558 2946 1618 fuisse
2987 1561 3260 1618 voluntate
3301 1575 3628 1635 susceptum,
3669 1569 3712 1624 si
3751 1569 3870 1628 illud

2313 1649 2460 1704 nasci
2489 1650 2728 1706 conditio
2757 1652 3024 1710 venientis
3047 1653 3118 1710 de
3147 1655 3314 1712 nihilo
3335 1659 3515 1727 stirpis
3539 1661 3723 1729 exegit.

2387 1740 2522 1797 Aes.
2561 1739 2680 1796 Non
2707 1744 2888 1814 exegit
2915 1757 3190 1813 peccatum
3221 1750 3364 1804 nasci
3391 1749 3490 1804 ulla
3519 1751 3740 1806 conditio
3759 1754 3873 1808 stir-

2312 1831 2396 1902 pis
2423 1831 2491 1889 de
2519 1833 2690 1890 nihilo
2711 1837 2976 1892 venientis
2999 1855 3016 1894 :
3041 1838 3466 1909 quandoquidem
3494 1841 3618 1898 illud
3641 1845 3868 1915 exigitur,

2311 1924 2455 1996 quod
2483 1928 2828 1998 compellitur
2863 1929 3014 1986 reddi
3055 1931 3142 1988 vel
3185 1931 3298 1988 ﬁeri
3329 1951 3342 1986 :
3373 1933 3614 2004 angelum
3639 1951 3762 1992 vero
3795 1939 3870 1998 vel

2313 2015 2619 2084 hominem,
2669 2035 2699 2075 a
2745 2021 2940 2092 quibus
2979 2031 3035 2080 et
3073 2024 3126 2079 in
3167 2025 3359 2094 quibus
3402 2028 3566 2096 prima
3609 2037 3728 2084 sunt
3761 2039 3872 2088 orta

2311 2121 2532 2181 peccata
2556 2153 2570 2179 ,
2600 2129 2826 2184 peccare
2855 2116 3004 2171 nulla
3031 2133 3119 2174 res
3145 2119 3436 2189 compulit;
3483 2119 3574 2176 sed
3599 2121 3758 2178 libera
3783 2137 3870 2179 vo-

2311 2202 2518 2259 luntate
2547 2218 2841 2275 peecarunt
2869 2226 2884 2263 :
2915 2208 3058 2278 quod
3083 2219 3142 2266 et
3183 2211 3324 2266 nolle
3360 2220 3606 2281 possent,
3641 2215 3756 2284 quia
3781 2230 3872 2271 nec

2309 2296 2637 2365 cogebantur
2679 2306 2739 2352 ut
2766 2299 3002 2363 vellent;
3047 2311 3104 2356 et
3145 2309 3320 2358 tamen
3347 2303 3482 2360 velle
3509 2319 3609 2358 non
3649 2314 3870 2374 possent,

2310 2385 2358 2442 si
2401 2386 2472 2443 de
2513 2388 2626 2444 Deo
2665 2397 2912 2450 naturam
2953 2390 3240 2460 haberent,
3287 2407 3394 2450 non
3443 2393 3510 2451 de
3557 2395 3716 2450 nihilo
3759 2395 3872 2452 t‘aeti

2309 2489 2516 2536 essent.

2380 2570 2624 2630 XXXVI.
2643 2571 2766 2630 Jun.
2785 2573 2989 2630 Dedisti
3011 2573 3172 2646 igitur
3192 2585 3247 2632 et
3270 2575 3422 2646 primi
3436 2578 3458 2610 ³
3486 2586 3714 2632 naturam
3734 2577 3870 2646 mali,

2309 2663 2406 2720 sed
2433 2665 2732 2722 inaniorcm
2775 2682 2938 2738 quam
2965 2666 3304 2734 Manichacus,
3332 2684 3480 2740 teque
3523 2679 3692 2725 tamen
3729 2679 3872 2726 reter-

2309 2770 2460 2812 nam.
2501 2756 2854 2828 Pugnandum
2879 2773 3041 2830 super
3071 2760 3172 2816 hoc
3197 2777 3303 2816 non
3331 2770 3416 2818 est
3445 2781 3458 2816 :
3488 2763 3647 2818 claret
3671 2763 3873 2816 omnino

2307 2848 2432 2920 quia
2456 2857 2670 2905 maneat
2695 2850 2838 2908 inter
2866 2866 2965 2908 vos
2989 2851 3162 2907 fmdns
3181 2893 3196 2916 ,
3227 2854 3368 2923 quod
3405 2853 3652 2909 naturalis
3683 2853 3800 2908 mali
3821 2861 3872 2908 et

2309 2944 2494 2998 aeterni
2523 2943 2648 2998 mali
2685 2953 2878 3000 eatena
2901 2945 3186 3002 connectit.

2381 3034 2519 3090 Ave.
2559 3032 2942 3102 Insulsissime,
2975 3052 3082 3093 non
3109 3045 3286 3107 potest
3323 3047 3574 3094 internum
3603 3054 3716 3096 esse
3740 3037 3870 3110 quod

2309 3127 2442 3182 nihil
2487 3135 2591 3193 est,
2633 3143 2742 3182 non
2789 3140 2965 3198 petest
3009 3139 3268 3188 aeternum
3297 3146 3418 3190 esse
3443 3131 3578 3202 quod
3622 3131 3755 3188 nulla
3793 3147 3872 3188 res

2311 3227 2396 3274 est
2417 3259 2436 3284 ,
2507 3227 2782 3289 postremo
2841 3237 2950 3278 non
3021 3231 3198 3293 potest
3255 3237 3375 3280 esse
3433 3232 3682 3280 aeternum
3737 3221 3872 3294 quod

2310 3325 2418 3366 non
2463 3321 2566 3366 est.

2382 3400 2652 3460 XXXVII.
2675 3402 2800 3460 ιω..
2825 3403 2922 3476 Egi
2951 3413 3118 3472 certe,
3149 3415 3208 3461 ut
3229 3405 3386 3462 Iidem
3409 3405 3765 3478 disputationis
3785 3405 3874 3462 de-

2311 3492 2508 3560 cebat;
2551 3495 2788 3568 illudque
2839 3497 2984 3568 quod
3013 3507 3070 3554 tu
3097 3499 3514 3569 argumentando
3537 3500 3794 3564 edocens,
3821 3497 3874 3554 id

2311 3595 2396 3641 est
2419 3625 2435 3652 ,
2465 3585 2587 3641 ideo
2613 3589 2667 3644 in
2697 3603 2862 3659 opere
2885 3590 2980 3646 Dei
3009 3601 3180 3646 ortam
3206 3593 3526 3648 voluntatem
3553 3593 3732 3648 malam
3757 3593 3872 3663 quia

2311 3675 2506 3733 fuisset
2531 3677 2694 3734 homo
2717 3690 2933 3738 creatus
2955 3698 3022 3738 ex
3051 3683 3236 3750 nihilo,
3263 3685 3396 3738 ratio
3419 3694 3730 3754 perscrutata
3753 3699 3876 3740 con-

2313 3769 2495 3835 trivit;
2537 3771 2830 3830 ostendens
2873 3774 3158 3842 videlicet,
3203 3785 3256 3832 te
3301 3777 3586 3832 immutatis
3623 3775 3876 3831 vocabulis

2312 3858 2454 3916 idem
2483 3861 2684 3920 dixisse
2705 3904 2723 3932 ,
2753 3865 2896 3934 quod
2925 3866 3250 3922 Manichmus
3281 3868 3428 3924 tinxit
3458 3876 3513 3924 et
3551 3867 3796 3932 credidit,
3823 3867 3872 3921 id

2312 3962 2416 4020 est,
2449 3955 2679 4023 primum
2708 3972 2922 4028 quoque
2969 3969 3244 4029 peceatum
3287 3971 3601 4022 mternarum
3643 3961 3876 4018 tenebra-

2312 4060 2432 4100 rum
2463 4047 2712 4103 violentia
2735 4051 3000 4120 genitum.

2385 4137 2525 4196 Atto.
2565 4139 2685 4196 Jatn
2717 4149 2769 4196 te
2795 4143 3044 4213 superius
3073 4143 3474 4212 admonuimus,
3504 4155 3750 4201 aeternum
3777 4159 3878 4197 non

2313 4242 2474 4299 posse
2499 4245 2642 4297 esse,
2669 4233 2812 4302 quod
2852 4249 2958 4290 non
2987 4243 3072 4292 est
3098 4253 3113 4290 :
3143 4237 3270 4307 quid
3299 4246 3385 4292 est
3419 4253 3545 4308 ergo
3571 4237 3704 4309 quod
3725 4236 3876 4302 dicis,

2315 4320 2438 4378 ideo
2475 4338 2564 4379 me
2601 4327 3018 4396 comparandum
3063 4343 3185 4385 esse
3230 4329 3546 4396 Manichwo,
3577 4331 3694 4402 quia
3721 4330 3880 4383 Mani-

2314 4410 2498 4468 chaeus
2521 4423 2845 4472 aeternorum
2873 4420 3212 4476 tenebrarum
3237 4423 3480 4478 violentia
3507 4423 3732 4492 genitum
3755 4421 3882 4490 disit

2315 4504 2548 4573 primum
2592 4522 2713 4564 esse
2761 4513 3080 4578 peccatum?
3117 4513 3311 4583 quibus
3357 4515 3584 4569 tenebris
3623 4513 3764 4569 dedit
3797 4513 3882 4567 ille

2315 4597 2672 4654 substantiam
2698 4616 2714 4665 ;
2745 4617 2846 4672 ego
2871 4613 3050 4658 autem
3082 4603 3248 4660 nihilo
3271 4605 3398 4660 dare
3424 4605 3756 4660 substantiam
3781 4619 3880 4657 non

2315 4689 2496 4756 potui,
2527 4699 2586 4744 ut
2611 4691 2681 4746 ob
2709 4692 2810 4748 hoc
2843 4703 2898 4750 et
2921 4711 3021 4766 ego
3051 4697 3201 4766 quasi
3241 4697 3612 4752 consumerem
3651 4695 3883 4750 tenebras

2314 4789 2570 4846 mternas,
2609 4791 2871 4842 aeternum
2919 4787 3123 4844 scilicet
3168 4787 3320 4842 nihil.
3365 4785 3512 4843 Sicut
3549 4799 3718 4842 autem
3761 4785 3882 4840 sub-

2316 4873 2592 4938 stantiam,
2625 4875 2698 4930 ita
2726 4877 3038 4934 violentiam
3068 4879 3152 4935 vel
3195 4881 3541 4936 aeternitatem
3581 4880 3702 4934 dare
3727 4879 3885 4934 nihilo

2316 4979 2424 5019 non
2463 4967 2655 5037 potui:
2687 4969 2834 5025 nullo
2873 4970 3071 5042 quippe
3111 4971 3310 5038 modo,
3351 4971 3432 5028 vel
3473 4971 3780 5033 violentum,
3806 4971 3884 5024 vel

2315 5067 2576 5114 aeternum
2602 5101 2618 5126 ,
2647 5061 2788 5118 sicut
2821 5063 2932 5132 jam
2967 5063 3229 5130 diximus,
3260 5073 3434 5136 potest
3457 5079 3577 5120 esse
3601 5063 3737 5133 quod
3763 5062 3888 5117 nihil

2316 5157 2419 5205 est.
2471 5149 2690 5206 Frustra
2739 5153 2900 5223 igitur
2943 5153 3202 5212 adversus
3241 5171 3330 5212 me
3371 5157 3578 5212 voluisti
3629 5156 3889 5226 disputare

2315 5241 2456 5313 quod
2487 5243 2616 5298 nihil
2646 5253 2749 5301 est.

2388 5335 2673 5392 XXXVIII.
2713 5337 2837 5396 ιω..
2883 5339 3080 5396 Verum
3121 5357 3188 5398 ne
3229 5351 3282 5398 tu
3311 5342 3576 5399 detectum
3621 5351 3780 5397 tentet
3809 5341 3890 5394 in-

2316 5429 2578 5498 spiciens,
2633 5432 2723 5487 illo
2771 5442 2948 5490 tentes
2993 5450 3279 5505 erumpere
3304 5477 3319 5503 ,
3361 5445 3418 5491 ut
3461 5435 3656 5490 releras
3695 5449 3799 5488 non
3843 5442 3894 5486 te

2317 5519 2536 5584 dixisse,
2563 5522 2687 5578 Ideo
2715 5525 2913 5579 malum
2942 5536 3117 5581 ortum
3143 5535 3226 5582 est
3250 5526 3302 5581 in
3325 5541 3484 5596 opere
3512 5525 3624 5590 Dei,
3647 5525 3890 5595 quoniam

2315 5625 2380 5668 ex
2409 5613 2578 5669 nihilo
2605 5615 2800 5674 factum
2831 5627 2956 5682 est;
3001 5617 3096 5680 sed
3115 5659 3132 5686 ,
3165 5619 3290 5675 Ideo
3319 5618 3485 5690 potuit
3519 5615 3712 5676 aboriri
3731 5657 3746 5683 ,
3773 5615 3895 5687 quia

2327 5828 2338 5838 .
2375 5769 2399 5841 ,¹
2421 5777 2650 5841 ,ἒῖεξονηιθι
2669 5779 2913 5824 Portarum
2927 5773 3080 5826 codex
3103 5775 3412 5841 praecedente
3437 5775 3688 5839 conjuncta
3731 5771 3898 5836 rabo,

2320 5830 2618 5894 uitelligisne.

2385 5895 2404 5926 ³
2436 5901 2484 5943 ιιι
2505 5894 2664 5959 editis,
2684 5894 2913 5959 primum.
