  <div class='ocr_page' id='page_1' title='image "/cluster/home/n/w/nwhite01/storage/ocr_20150623/44-45/uc1.31175026792435/746.png"; bbox 0 0 4124 6528; ppageno 0'>
   <div class='ocr_carea' id='block_1_1' title="bbox 215 355 344 412">
    <p class='ocr_par' dir='ltr' id='par_1_1' title="bbox 215 355 344 412">
     <span class='ocr_line' id='line_1_1' title="bbox 215 355 344 412; baseline -0.016 0"><span class='ocrx_word' id='word_1_1' title='bbox 215 355 344 412; x_wconf 74' lang='lat' dir='ltr'><strong>N73</strong></span> 
     </span>
    </p>
   </div>
   <div class='ocr_carea' id='block_1_2' title="bbox 215 459 1794 529">
    <p class='ocr_par' dir='ltr' id='par_1_2' title="bbox 215 459 1794 529">
     <span class='ocr_line' id='line_1_2' title="bbox 215 459 1794 529; baseline -0.009 -5"><span class='ocrx_word' id='word_1_2' title='bbox 215 485 276 525; x_wconf 86' lang='lat' dir='ltr'><strong>ex</strong></span> <span class='ocrx_word' id='word_1_3' title='bbox 306 464 468 521; x_wconf 79' lang='lat' dir='ltr'><strong>nihilo</strong></span> <span class='ocrx_word' id='word_1_4' title='bbox 496 463 689 518; x_wconf 76' lang='lat' dir='ltr'><strong>factum</strong></span> <span class='ocrx_word' id='word_1_5' title='bbox 715 469 801 518; x_wconf 86' lang='lat' dir='ltr'><strong>est</strong></span> <span class='ocrx_word' id='word_1_6' title='bbox 827 479 840 516; x_wconf 91' lang='lat'><strong>:</strong></span> <span class='ocrx_word' id='word_1_7' title='bbox 882 461 1268 517; x_wconf 78' lang='lat' dir='ltr'><strong>ostendendum</strong></span> <span class='ocrx_word' id='word_1_8' title='bbox 1296 468 1378 514; x_wconf 86' lang='lat' dir='ltr'><strong>est</strong></span> <span class='ocrx_word' id='word_1_9' title='bbox 1400 500 1414 523; x_wconf 94' lang='lat'><strong>,</strong></span> <span class='ocrx_word' id='word_1_10' title='bbox 1446 469 1644 529; x_wconf 90' lang='lat' dir='ltr'><strong>quanto</strong></span> <span class='ocrx_word' id='word_1_11' title='bbox 1676 459 1794 510; x_wconf 84' lang='lat' dir='ltr'><strong>vio-</strong></span> 
     </span>
    </p>
   </div>
   <div class='ocr_carea' id='block_1_3' title="bbox 216 548 1799 624">
    <p class='ocr_par' dir='ltr' id='par_1_3' title="bbox 216 548 1799 624">
     <span class='ocr_line' id='line_1_3' title="bbox 216 548 1799 624; baseline -0.011 -11"><span class='ocrx_word' id='word_1_12' title='bbox 216 554 518 613; x_wconf 83' lang='lat' dir='ltr'><strong>lentiorihus</strong></span> <span class='ocrx_word' id='word_1_13' title='bbox 549 553 753 624; x_wconf 81' lang='lat' dir='ltr'><strong>laqueis</strong></span> <span class='ocrx_word' id='word_1_14' title='bbox 780 553 1018 624; x_wconf 84' lang='lat' dir='ltr'><strong>illigeris.</strong></span> <span class='ocrx_word' id='word_1_15' title='bbox 1049 552 1108 607; x_wconf 98' lang='lat' dir='ltr'><strong>Si</strong></span> <span class='ocrx_word' id='word_1_16' title='bbox 1137 553 1279 607; x_wconf 85' lang='lat' dir='ltr'><strong>enim</strong></span> <span class='ocrx_word' id='word_1_17' title='bbox 1308 550 1505 604; x_wconf 79' lang='lat' dir='ltr'><strong>dixeris</strong></span> <span class='ocrx_word' id='word_1_18' title='bbox 1530 548 1799 619; x_wconf 74' lang='lat' dir='ltr'><strong>possibili-</strong></span> 
     </span>
    </p>
   </div>
   <div class='ocr_carea' id='block_1_4' title="bbox 216 641 1791 709">
    <p class='ocr_par' dir='ltr' id='par_1_4' title="bbox 216 641 1791 709">
     <span class='ocr_line' id='line_1_4' title="bbox 216 641 1791 709; baseline -0.007 -3"><span class='ocrx_word' id='word_1_19' title='bbox 216 659 369 706; x_wconf 86' lang='lat' dir='ltr'><strong>tatem</strong></span> <span class='ocrx_word' id='word_1_20' title='bbox 397 655 448 701; x_wconf 89' lang='lat' dir='ltr'><strong>te</strong></span> <span class='ocrx_word' id='word_1_21' title='bbox 476 646 632 705; x_wconf 90' lang='lat' dir='ltr'><strong>mali.</strong></span> <span class='ocrx_word' id='word_1_22' title='bbox 663 660 767 701; x_wconf 91' lang='lat' dir='ltr'><strong>non</strong></span> <span class='ocrx_word' id='word_1_23' title='bbox 798 645 1170 701; x_wconf 74' lang='lat' dir='ltr'><strong>necessitatem</strong></span> <span class='ocrx_word' id='word_1_24' title='bbox 1192 685 1208 709; x_wconf 94' lang='lat'><strong>,</strong></span> <span class='ocrx_word' id='word_1_25' title='bbox 1241 643 1430 698; x_wconf 62' lang='lat' dir='ltr'><strong>aeterni</strong></span> <span class='ocrx_word' id='word_1_26' title='bbox 1471 643 1612 698; x_wconf 89' lang='lat' dir='ltr'><strong>illius</strong></span> <span class='ocrx_word' id='word_1_27' title='bbox 1641 641 1791 696; x_wconf 86' lang='lat' dir='ltr'><strong>nihili</strong></span> 
     </span>
    </p>
   </div>
   <div class='ocr_carea' id='block_1_5' title="bbox 211 734 1796 809">
    <p class='ocr_par' dir='ltr' id='par_1_5' title="bbox 211 734 1796 809">
     <span class='ocr_line' id='line_1_5' title="bbox 211 734 1796 809; baseline -0.004 -14"><span class='ocrx_word' id='word_1_28' title='bbox 211 740 408 795; x_wconf 83' lang='lat' dir='ltr'><strong>viribus</strong></span> <span class='ocrx_word' id='word_1_29' title='bbox 442 739 733 808; x_wconf 86' lang='lat' dir='ltr'><strong>imputasse</strong></span> <span class='ocrx_word' id='word_1_30' title='bbox 763 756 777 793; x_wconf 93' lang='lat'>:</span> <span class='ocrx_word' id='word_1_31' title='bbox 817 753 918 794; x_wconf 88' lang='lat' dir='ltr'><strong>nos</strong></span> <span class='ocrx_word' id='word_1_32' title='bbox 951 738 1265 801; x_wconf 79' lang='lat' dir='ltr'><strong>referimus,</strong></span> <span class='ocrx_word' id='word_1_33' title='bbox 1295 736 1437 809; x_wconf 87' lang='lat' dir='ltr'><strong>quod</strong></span> <span class='ocrx_word' id='word_1_34' title='bbox 1469 735 1638 806; x_wconf 90' lang='lat' dir='ltr'><strong>potuit</strong></span> <span class='ocrx_word' id='word_1_35' title='bbox 1665 734 1796 789; x_wconf 91' lang='lat' dir='ltr'><strong>oriri</strong></span> 
     </span>
    </p>
   </div>
   <div class='ocr_carea' id='block_1_6' title="bbox 214 828 1796 897">
    <p class='ocr_par' dir='ltr' id='par_1_6' title="bbox 214 828 1796 897">
     <span class='ocr_line' id='line_1_6' title="bbox 214 828 1796 897; baseline -0.004 -11"><span class='ocrx_word' id='word_1_36' title='bbox 214 832 346 886; x_wconf 88' lang='lat' dir='ltr'><strong>mala</strong></span> <span class='ocrx_word' id='word_1_37' title='bbox 372 829 616 886; x_wconf 73' lang='lat' dir='ltr'><strong>voluntas</strong></span> <span class='ocrx_word' id='word_1_38' title='bbox 643 829 697 884; x_wconf 93' lang='lat' dir='ltr'><strong>in</strong></span> <span class='ocrx_word' id='word_1_39' title='bbox 727 829 962 893; x_wconf 81' lang='lat' dir='ltr'><strong>homine,</strong></span> <span class='ocrx_word' id='word_1_40' title='bbox 991 845 1097 884; x_wconf 91' lang='lat' dir='ltr'><strong>non</strong></span> <span class='ocrx_word' id='word_1_41' title='bbox 1126 838 1209 885; x_wconf 89' lang='lat' dir='ltr'><strong>est</strong></span> <span class='ocrx_word' id='word_1_42' title='bbox 1237 839 1389 884; x_wconf 89' lang='lat' dir='ltr'><strong>certe</strong></span> <span class='ocrx_word' id='word_1_43' title='bbox 1417 829 1432 861; x_wconf 87' lang='grc'>¹</span> <span class='ocrx_word' id='word_1_44' title='bbox 1466 828 1608 882; x_wconf 86' lang='lat' dir='ltr'><strong>aliud</strong></span> <span class='ocrx_word' id='word_1_45' title='bbox 1636 842 1796 897; x_wconf 87' lang='lat' dir='ltr'><strong>quam</strong></span> 
     </span>
    </p>
   </div>
   <div class='ocr_carea' id='block_1_7' title="bbox 215 919 1796 989">
    <p class='ocr_par' dir='ltr' id='par_1_7' title="bbox 215 919 1796 989">
     <span class='ocr_line' id='line_1_7' title="bbox 215 919 1796 989; baseline -0.004 -12"><span class='ocrx_word' id='word_1_46' title='bbox 215 921 488 976; x_wconf 75' lang='lat' dir='ltr'><strong>arbitrium</strong></span> <span class='ocrx_word' id='word_1_47' title='bbox 536 920 761 975; x_wconf 91' lang='lat' dir='ltr'><strong>liberum</strong></span> <span class='ocrx_word' id='word_1_48' title='bbox 793 939 806 976; x_wconf 92' lang='lat'>:</span> <span class='ocrx_word' id='word_1_49' title='bbox 838 920 960 976; x_wconf 85' lang='lat' dir='ltr'><strong>ideo</strong></span> <span class='ocrx_word' id='word_1_50' title='bbox 986 921 1130 975; x_wconf 85' lang='lat' dir='ltr'><strong>enim</strong></span> <span class='ocrx_word' id='word_1_51' title='bbox 1173 923 1342 989; x_wconf 88' lang='lat' dir='ltr'><strong>potuit</strong></span> <span class='ocrx_word' id='word_1_52' title='bbox 1371 919 1498 974; x_wconf 91' lang='lat' dir='ltr'><strong>oriri</strong></span> <span class='ocrx_word' id='word_1_53' title='bbox 1529 919 1666 973; x_wconf 89' lang='lat' dir='ltr'><strong>mala</strong></span> <span class='ocrx_word' id='word_1_54' title='bbox 1697 933 1796 972; x_wconf 86' lang='lat' dir='ltr'><strong>vo-</strong></span> 
     </span>
    </p>
   </div>
   <div class='ocr_carea' id='block_1_8' title="bbox 214 1007 1797 1080">
    <p class='ocr_par' dir='ltr' id='par_1_8' title="bbox 214 1007 1797 1080">
     <span class='ocr_line' id='line_1_8' title="bbox 214 1007 1797 1080; baseline -0.004 -14"><span class='ocrx_word' id='word_1_55' title='bbox 214 1012 418 1076; x_wconf 86' lang='lat' dir='ltr'><strong>luntas,</strong></span> <span class='ocrx_word' id='word_1_56' title='bbox 448 1019 506 1064; x_wconf 88' lang='grc' dir='ltr'><strong>ιιι</strong></span> <span class='ocrx_word' id='word_1_57' title='bbox 533 1011 660 1064; x_wconf 83' lang='lat' dir='ltr'><strong>oriri</strong></span> <span class='ocrx_word' id='word_1_58' title='bbox 691 1019 876 1080; x_wconf 87' lang='lat' dir='ltr'><strong>posset</strong></span> <span class='ocrx_word' id='word_1_59' title='bbox 910 1019 966 1065; x_wconf 93' lang='lat' dir='ltr'><strong>et</strong></span> <span class='ocrx_word' id='word_1_60' title='bbox 994 1011 1150 1065; x_wconf 89' lang='lat' dir='ltr'><strong>bona.</strong></span> <span class='ocrx_word' id='word_1_61' title='bbox 1188 1011 1312 1065; x_wconf 81' lang='lat' dir='ltr'><strong>llzrc</strong></span> <span class='ocrx_word' id='word_1_62' title='bbox 1349 1011 1570 1065; x_wconf 85' lang='lat' dir='ltr'><strong>libertas</strong></span> <span class='ocrx_word' id='word_1_63' title='bbox 1597 1019 1707 1073; x_wconf 88' lang='lat' dir='ltr'><strong>est,</strong></span> <span class='ocrx_word' id='word_1_64' title='bbox 1742 1007 1797 1061; x_wconf 89' lang='lat' dir='ltr'><strong>in</strong></span> 
     </span>
    </p>
   </div>
   <div class='ocr_carea' id='block_1_9' title="bbox 208 1097 1797 1174">
    <p class='ocr_par' dir='ltr' id='par_1_9' title="bbox 208 1097 1797 1174">
     <span class='ocr_line' id='line_1_9' title="bbox 208 1097 1797 1174; baseline -0.003 -18"><span class='ocrx_word' id='word_1_65' title='bbox 208 1119 310 1174; x_wconf 89' lang='lat' dir='ltr'><strong>qua</strong></span> <span class='ocrx_word' id='word_1_66' title='bbox 339 1118 400 1159; x_wconf 90' lang='lat' dir='ltr'><strong>se</strong></span> <span class='ocrx_word' id='word_1_67' title='bbox 437 1104 574 1156; x_wconf 85' lang='lat' dir='ltr'><strong>ratio</strong></span> <span class='ocrx_word' id='word_1_68' title='bbox 601 1111 857 1166; x_wconf 88' lang='lat' dir='ltr'><strong>exercet,</strong></span> <span class='ocrx_word' id='word_1_69' title='bbox 889 1111 1105 1174; x_wconf 87' lang='lat' dir='ltr'><strong>propter</strong></span> <span class='ocrx_word' id='word_1_70' title='bbox 1127 1102 1268 1172; x_wconf 88' lang='lat' dir='ltr'><strong>qttod</strong></span> <span class='ocrx_word' id='word_1_71' title='bbox 1294 1101 1360 1156; x_wconf 90' lang='lat' dir='ltr'><strong>ad</strong></span> <span class='ocrx_word' id='word_1_72' title='bbox 1393 1101 1672 1170; x_wconf 79' lang='lat' dir='ltr'><strong>imaginem</strong></span> <span class='ocrx_word' id='word_1_73' title='bbox 1704 1097 1797 1153; x_wconf 91' lang='lat' dir='ltr'><strong>Dei</strong></span> 
     </span>
    </p>
   </div>
   <div class='ocr_carea' id='block_1_10' title="bbox 211 1191 1798 1264">
    <p class='ocr_par' dir='ltr' id='par_1_10' title="bbox 211 1191 1798 1264">
     <span class='ocr_line' id='line_1_10' title="bbox 211 1191 1798 1264; baseline 0 -18"><span class='ocrx_word' id='word_1_74' title='bbox 211 1194 370 1247; x_wconf 90' lang='lat' dir='ltr'><strong>homo</strong></span> <span class='ocrx_word' id='word_1_75' title='bbox 415 1193 585 1248; x_wconf 79' lang='lat' dir='ltr'><strong>factus</strong></span> <span class='ocrx_word' id='word_1_76' title='bbox 626 1195 904 1261; x_wconf 87' lang='lat' dir='ltr'><strong>asseritur,</strong></span> <span class='ocrx_word' id='word_1_77' title='bbox 951 1209 1045 1264; x_wconf 86' lang='lat' dir='ltr'><strong>per</strong></span> <span class='ocrx_word' id='word_1_78' title='bbox 1087 1209 1246 1264; x_wconf 87' lang='lat' dir='ltr'><strong>quam</strong></span> <span class='ocrx_word' id='word_1_79' title='bbox 1291 1193 1552 1248; x_wconf 76' lang='lat' dir='ltr'><strong>creaturis</strong></span> <span class='ocrx_word' id='word_1_80' title='bbox 1589 1191 1798 1246; x_wconf 68' lang='lat' dir='ltr'><strong>ueteris</strong></span> 
     </span>
    </p>
   </div>
   <div class='ocr_carea' id='block_1_11' title="bbox 207 1285 1798 1356">
    <p class='ocr_par' dir='ltr' id='par_1_11' title="bbox 207 1285 1798 1356">
     <span class='ocr_line' id='line_1_11' title="bbox 207 1285 1798 1356; baseline 0 -17"><span class='ocrx_word' id='word_1_81' title='bbox 207 1286 494 1341; x_wconf 80' lang='lat' dir='ltr'><strong>antecellit.</strong></span> <span class='ocrx_word' id='word_1_82' title='bbox 547 1286 602 1341; x_wconf 88' lang='lat' dir='ltr'><strong>Si</strong></span> <span class='ocrx_word' id='word_1_83' title='bbox 650 1300 778 1356; x_wconf 84' lang='lat' dir='ltr'><strong>ergo</strong></span> <span class='ocrx_word' id='word_1_84' title='bbox 823 1287 965 1356; x_wconf 89' lang='lat' dir='ltr'><strong>quod</strong></span> <span class='ocrx_word' id='word_1_85' title='bbox 1009 1288 1060 1340; x_wconf 92' lang='lat' dir='ltr'><strong>iu</strong></span> <span class='ocrx_word' id='word_1_86' title='bbox 1108 1287 1324 1341; x_wconf 86' lang='lat' dir='ltr'><strong>homine</strong></span> <span class='ocrx_word' id='word_1_87' title='bbox 1367 1285 1501 1340; x_wconf 86' lang='lat' dir='ltr'><strong>mala</strong></span> <span class='ocrx_word' id='word_1_88' title='bbox 1549 1285 1798 1340; x_wconf 80' lang='lat' dir='ltr'><strong>voluntas</strong></span> 
     </span>
    </p>
   </div>
   <div class='ocr_carea' id='block_1_12' title="bbox 207 1377 1792 1449">
    <p class='ocr_par' dir='ltr' id='par_1_12' title="bbox 207 1377 1792 1449">
     <span class='ocr_line' id='line_1_12' title="bbox 207 1377 1792 1449; baseline -0.003 -15"><span class='ocrx_word' id='word_1_89' title='bbox 207 1389 382 1448; x_wconf 72' lang='lat' dir='ltr'><strong>petunt</strong></span> <span class='ocrx_word' id='word_1_90' title='bbox 409 1378 640 1442; x_wconf 88' lang='lat' dir='ltr'><strong>exoriri,</strong></span> <span class='ocrx_word' id='word_1_91' title='bbox 671 1378 799 1434; x_wconf 80' lang='lat' dir='ltr'><strong>nihil</strong></span> <span class='ocrx_word' id='word_1_92' title='bbox 824 1389 908 1434; x_wconf 89' lang='lat' dir='ltr'><strong>est</strong></span> <span class='ocrx_word' id='word_1_93' title='bbox 932 1379 1071 1432; x_wconf 84' lang='lat' dir='ltr'><strong>aliud</strong></span> <span class='ocrx_word' id='word_1_94' title='bbox 1097 1394 1256 1449; x_wconf 89' lang='lat' dir='ltr'><strong>quam</strong></span> <span class='ocrx_word' id='word_1_95' title='bbox 1297 1377 1502 1432; x_wconf 90' lang='lat' dir='ltr'><strong>arbitrii</strong></span> <span class='ocrx_word' id='word_1_96' title='bbox 1541 1378 1792 1442; x_wconf 88' lang='lat' dir='ltr'><strong>libertas;</strong></span> 
     </span>
    </p>
   </div>
   <div class='ocr_carea' id='block_1_13' title="bbox 205 1467 1796 1541">
    <p class='ocr_par' dir='ltr' id='par_1_13' title="bbox 205 1467 1796 1541">
     <span class='ocr_line' id='line_1_13' title="bbox 205 1467 1796 1541; baseline 0 -19"><span class='ocrx_word' id='word_1_97' title='bbox 205 1478 259 1522; x_wconf 90' lang='lat' dir='ltr'><strong>et</strong></span> <span class='ocrx_word' id='word_1_98' title='bbox 286 1471 386 1524; x_wconf 92' lang='lat' dir='ltr'><strong>hoc</strong></span> <span class='ocrx_word' id='word_1_99' title='bbox 411 1479 617 1523; x_wconf 89' lang='lat' dir='ltr'><strong>tantum</strong></span> <span class='ocrx_word' id='word_1_100' title='bbox 644 1481 748 1537; x_wconf 88' lang='lat' dir='ltr'><strong>est,</strong></span> <span class='ocrx_word' id='word_1_101' title='bbox 781 1479 838 1524; x_wconf 93' lang='lat' dir='ltr'><strong>ut</strong></span> <span class='ocrx_word' id='word_1_102' title='bbox 871 1485 968 1540; x_wconf 88' lang='lat' dir='ltr'><strong>per</strong></span> <span class='ocrx_word' id='word_1_103' title='bbox 991 1470 1106 1539; x_wconf 78' lang='lat' dir='ltr'><strong>ejus</strong></span> <span class='ocrx_word' id='word_1_104' title='bbox 1145 1469 1372 1541; x_wconf 84' lang='lat' dir='ltr'><strong>insignia</strong></span> <span class='ocrx_word' id='word_1_105' title='bbox 1411 1470 1622 1524; x_wconf 80' lang='lat' dir='ltr'><strong>caeteris</strong></span> <span class='ocrx_word' id='word_1_106' title='bbox 1653 1467 1796 1522; x_wconf 88' lang='lat' dir='ltr'><strong>anti-</strong></span> 
     </span>
    </p>
   </div>
   <div class='ocr_carea' id='block_1_14' title="bbox 202 1559 1798 1632">
    <p class='ocr_par' dir='ltr' id='par_1_14' title="bbox 202 1559 1798 1632">
     <span class='ocr_line' id='line_1_14' title="bbox 202 1559 1798 1632; baseline 0 -18"><span class='ocrx_word' id='word_1_107' title='bbox 202 1569 309 1614; x_wconf 91' lang='lat' dir='ltr'><strong>stet</strong></span> <span class='ocrx_word' id='word_1_108' title='bbox 349 1561 755 1616; x_wconf 90' lang='lat' dir='ltr'><strong>animantibus:</strong></span> <span class='ocrx_word' id='word_1_109' title='bbox 786 1571 842 1616; x_wconf 94' lang='lat' dir='ltr'><strong>tu</strong></span> <span class='ocrx_word' id='word_1_110' title='bbox 883 1562 975 1632; x_wconf 90' lang='lat' dir='ltr'><strong>qui</strong></span> <span class='ocrx_word' id='word_1_111' title='bbox 1005 1561 1142 1617; x_wconf 89' lang='lat' dir='ltr'><strong>hanc</strong></span> <span class='ocrx_word' id='word_1_112' title='bbox 1183 1562 1584 1631; x_wconf 88' lang='lat' dir='ltr'><strong>possibilitatem</strong></span> <span class='ocrx_word' id='word_1_113' title='bbox 1631 1559 1798 1630; x_wconf 81' lang='lat' dir='ltr'><strong>proii-</strong></span> 
     </span>
    </p>
   </div>
   <div class='ocr_carea' id='block_1_15' title="bbox 203 1649 1796 1723">
    <p class='ocr_par' dir='ltr' id='par_1_15' title="bbox 203 1649 1796 1723">
     <span class='ocr_line' id='line_1_15' title="bbox 203 1649 1796 1723; baseline 0.002 -18"><span class='ocrx_word' id='word_1_114' title='bbox 203 1653 332 1706; x_wconf 83' lang='lat' dir='ltr'><strong>teris</strong></span> <span class='ocrx_word' id='word_1_115' title='bbox 358 1651 481 1707; x_wconf 92' lang='lat' dir='ltr'><strong>ideo</strong></span> <span class='ocrx_word' id='word_1_116' title='bbox 506 1649 674 1708; x_wconf 75' lang='lat' dir='ltr'><strong>fuisse</strong></span> <span class='ocrx_word' id='word_1_117' title='bbox 706 1652 759 1708; x_wconf 92' lang='lat' dir='ltr'><strong>in</strong></span> <span class='ocrx_word' id='word_1_118' title='bbox 789 1653 1024 1720; x_wconf 90' lang='lat' dir='ltr'><strong>homine,</strong></span> <span class='ocrx_word' id='word_1_119' title='bbox 1052 1669 1159 1708; x_wconf 91' lang='lat' dir='ltr'><strong>non</strong></span> <span class='ocrx_word' id='word_1_120' title='bbox 1184 1653 1305 1723; x_wconf 82' lang='lat' dir='ltr'><strong>quia</strong></span> <span class='ocrx_word' id='word_1_121' title='bbox 1333 1669 1361 1708; x_wconf 92' lang='lat' dir='ltr'><strong>a</strong></span> <span class='ocrx_word' id='word_1_122' title='bbox 1394 1654 1521 1715; x_wconf 90' lang='lat' dir='ltr'><strong>Deo,</strong></span> <span class='ocrx_word' id='word_1_123' title='bbox 1550 1653 1642 1708; x_wconf 89' lang='lat' dir='ltr'><strong>sed</strong></span> <span class='ocrx_word' id='word_1_124' title='bbox 1673 1653 1796 1723; x_wconf 86' lang='lat' dir='ltr'><strong>quia</strong></span> 
     </span>
    </p>
   </div>
   <div class='ocr_carea' id='block_1_16' title="bbox 197 1745 1795 1820">
    <p class='ocr_par' dir='ltr' id='par_1_16' title="bbox 197 1745 1795 1820">
     <span class='ocr_line' id='line_1_16' title="bbox 197 1745 1795 1820; baseline 0.003 -22"><span class='ocrx_word' id='word_1_125' title='bbox 197 1745 266 1800; x_wconf 89' lang='lat' dir='ltr'><strong>de</strong></span> <span class='ocrx_word' id='word_1_126' title='bbox 305 1745 476 1802; x_wconf 85' lang='lat' dir='ltr'><strong>nihilo</strong></span> <span class='ocrx_word' id='word_1_127' title='bbox 517 1746 688 1802; x_wconf 78' lang='lat' dir='ltr'><strong>factus</strong></span> <span class='ocrx_word' id='word_1_128' title='bbox 730 1757 852 1814; x_wconf 89' lang='lat' dir='ltr'><strong>est,</strong></span> <span class='ocrx_word' id='word_1_129' title='bbox 899 1764 1043 1803; x_wconf 90' lang='lat' dir='ltr'><strong>novo</strong></span> <span class='ocrx_word' id='word_1_130' title='bbox 1085 1749 1350 1819; x_wconf 85' lang='lat' dir='ltr'><strong>dogmatis</strong></span> <span class='ocrx_word' id='word_1_131' title='bbox 1394 1748 1634 1820; x_wconf 88' lang='lat' dir='ltr'><strong>prodigio</strong></span> <span class='ocrx_word' id='word_1_132' title='bbox 1665 1747 1795 1803; x_wconf 89' lang='lat' dir='ltr'><strong>illud</strong></span> 
     </span>
    </p>
   </div>
   <div class='ocr_carea' id='block_1_17' title="bbox 197 1838 1790 1910">
    <p class='ocr_par' dir='ltr' id='par_1_17' title="bbox 197 1838 1790 1910">
     <span class='ocr_line' id='line_1_17' title="bbox 197 1838 1790 1910; baseline 0.002 -20"><span class='ocrx_word' id='word_1_133' title='bbox 197 1838 354 1903; x_wconf 90' lang='lat' dir='ltr'><strong>nihil,</strong></span> <span class='ocrx_word' id='word_1_134' title='bbox 384 1838 436 1893; x_wconf 90' lang='lat' dir='ltr'><strong>id</strong></span> <span class='ocrx_word' id='word_1_135' title='bbox 463 1846 565 1903; x_wconf 91' lang='lat' dir='ltr'><strong>est,</strong></span> <span class='ocrx_word' id='word_1_136' title='bbox 596 1839 870 1910; x_wconf 89' lang='lat' dir='ltr'><strong>antiquam</strong></span> <span class='ocrx_word' id='word_1_137' title='bbox 897 1839 1242 1907; x_wconf 89' lang='lat' dir='ltr'><strong>inanitatem,</strong></span> <span class='ocrx_word' id='word_1_138' title='bbox 1273 1840 1405 1894; x_wconf 91' lang='lat' dir='ltr'><strong>tanti</strong></span> <span class='ocrx_word' id='word_1_139' title='bbox 1435 1839 1584 1907; x_wconf 90' lang='lat' dir='ltr'><strong>boni,</strong></span> <span class='ocrx_word' id='word_1_140' title='bbox 1614 1839 1666 1893; x_wconf 91' lang='lat' dir='ltr'><strong>id</strong></span> <span class='ocrx_word' id='word_1_141' title='bbox 1691 1848 1790 1906; x_wconf 89' lang='lat' dir='ltr'><strong>est,</strong></span> 
     </span>
    </p>
   </div>
   <div class='ocr_carea' id='block_1_18' title="bbox 196 1929 1795 2003">
    <p class='ocr_par' dir='ltr' id='par_1_18' title="bbox 196 1929 1795 2003">
     <span class='ocr_line' id='line_1_18' title="bbox 196 1929 1795 2003; baseline 0.003 -20"><span class='ocrx_word' id='word_1_142' title='bbox 196 1929 355 1985; x_wconf 88' lang='lat' dir='ltr'><strong>liberi</strong></span> <span class='ocrx_word' id='word_1_143' title='bbox 407 1930 616 1986; x_wconf 84' lang='lat' dir='ltr'><strong>arbitrii</strong></span> <span class='ocrx_word' id='word_1_144' title='bbox 664 1946 881 1987; x_wconf 87' lang='lat' dir='ltr'><strong>causam</strong></span> <span class='ocrx_word' id='word_1_145' title='bbox 935 1932 1266 2002; x_wconf 86' lang='lat' dir='ltr'><strong>pronuntias.</strong></span> <span class='ocrx_word' id='word_1_146' title='bbox 1321 1933 1558 2003; x_wconf 87' lang='lat' dir='ltr'><strong>Denique</strong></span> <span class='ocrx_word' id='word_1_147' title='bbox 1603 1941 1662 1986; x_wconf 91' lang='lat' dir='ltr'><strong>ut</strong></span> <span class='ocrx_word' id='word_1_148' title='bbox 1707 1945 1795 1987; x_wconf 85' lang='lat' dir='ltr'><strong>res</strong></span> 
     </span>
    </p>
   </div>
   <div class='ocr_carea' id='block_1_19' title="bbox 192 2020 1794 2093">
    <p class='ocr_par' dir='ltr' id='par_1_19' title="bbox 192 2020 1794 2093">
     <span class='ocr_line' id='line_1_19' title="bbox 192 2020 1794 2093; baseline 0.001 -18"><span class='ocrx_word' id='word_1_149' title='bbox 192 2020 343 2076; x_wconf 89' lang='lat' dir='ltr'><strong>brevi</strong></span> <span class='ocrx_word' id='word_1_150' title='bbox 372 2021 792 2093; x_wconf 81' lang='lat' dir='ltr'><strong>interrogatione</strong></span> <span class='ocrx_word' id='word_1_151' title='bbox 815 2023 1087 2078; x_wconf 90' lang='lat' dir='ltr'><strong>lucescat:</strong></span> <span class='ocrx_word' id='word_1_152' title='bbox 1111 2021 1215 2078; x_wconf 86' lang='lat' dir='ltr'><strong>hoc</strong></span> <span class='ocrx_word' id='word_1_153' title='bbox 1239 2022 1381 2093; x_wconf 90' lang='lat' dir='ltr'><strong>quod</strong></span> <span class='ocrx_word' id='word_1_154' title='bbox 1403 2022 1608 2088; x_wconf 77' lang='lat' dir='ltr'><strong>dixisti,</strong></span> <span class='ocrx_word' id='word_1_155' title='bbox 1637 2040 1657 2074; x_wconf 78' lang='grc' dir='ltr'><strong>ι</strong></span> <span class='ocrx_word' id='word_1_156' title='bbox 1685 2021 1794 2077; x_wconf 85' lang='grc' dir='ltr'>Νεε</span> 
     </span>
    </p>
   </div>
   <div class='ocr_carea' id='block_1_20' title="bbox 191 2114 1794 2186">
    <p class='ocr_par' dir='ltr' id='par_1_20' title="bbox 191 2114 1794 2186">
     <span class='ocr_line' id='line_1_20' title="bbox 191 2114 1794 2186; baseline 0.001 -18"><span class='ocrx_word' id='word_1_157' title='bbox 191 2114 318 2169; x_wconf 91' lang='lat' dir='ltr'><strong>ideo</strong></span> <span class='ocrx_word' id='word_1_158' title='bbox 363 2123 545 2170; x_wconf 87' lang='lat' dir='ltr'><strong>tamen</strong></span> <span class='ocrx_word' id='word_1_159' title='bbox 591 2115 767 2186; x_wconf 89' lang='lat' dir='ltr'><strong>potuit</strong></span> <span class='ocrx_word' id='word_1_160' title='bbox 802 2116 932 2172; x_wconf 90' lang='lat' dir='ltr'><strong>oriri</strong></span> <span class='ocrx_word' id='word_1_161' title='bbox 971 2116 1220 2172; x_wconf 78' lang='lat' dir='ltr'><strong>voluntas</strong></span> <span class='ocrx_word' id='word_1_162' title='bbox 1264 2116 1400 2170; x_wconf 89' lang='lat' dir='ltr'><strong>mala</strong></span> <span class='ocrx_word' id='word_1_163' title='bbox 1425 2157 1441 2182; x_wconf 86' lang='lat'><strong>,</strong></span> <span class='ocrx_word' id='word_1_164' title='bbox 1472 2115 1593 2186; x_wconf 88' lang='lat' dir='ltr'><strong>quia</strong></span> <span class='ocrx_word' id='word_1_165' title='bbox 1623 2129 1654 2169; x_wconf 87' lang='lat' dir='ltr'><strong>a</strong></span> <span class='ocrx_word' id='word_1_166' title='bbox 1683 2115 1794 2170; x_wconf 90' lang='lat' dir='ltr'><strong>Dco</strong></span> 
     </span>
    </p>
   </div>
   <div class='ocr_carea' id='block_1_21' title="bbox 188 2204 1795 2281">
    <p class='ocr_par' dir='ltr' id='par_1_21' title="bbox 188 2204 1795 2281">
     <span class='ocr_line' id='line_1_21' title="bbox 188 2204 1795 2281; baseline 0.002 -21"><span class='ocrx_word' id='word_1_167' title='bbox 188 2204 369 2262; x_wconf 81' lang='lat' dir='ltr'><strong>factus</strong></span> <span class='ocrx_word' id='word_1_168' title='bbox 393 2216 483 2262; x_wconf 87' lang='lat' dir='ltr'><strong>est</strong></span> <span class='ocrx_word' id='word_1_169' title='bbox 512 2207 676 2264; x_wconf 90' lang='lat' dir='ltr'><strong>homo</strong></span> <span class='ocrx_word' id='word_1_170' title='bbox 699 2249 714 2274; x_wconf 95' lang='lat'><strong>,</strong></span> <span class='ocrx_word' id='word_1_171' title='bbox 741 2209 837 2264; x_wconf 90' lang='lat' dir='ltr'><strong>sed</strong></span> <span class='ocrx_word' id='word_1_172' title='bbox 881 2209 1003 2264; x_wconf 89' lang='lat' dir='ltr'><strong>ideo</strong></span> <span class='ocrx_word' id='word_1_173' title='bbox 1041 2209 1164 2281; x_wconf 89' lang='lat' dir='ltr'><strong>quia</strong></span> <span class='ocrx_word' id='word_1_174' title='bbox 1209 2208 1277 2264; x_wconf 91' lang='lat' dir='ltr'><strong>de</strong></span> <span class='ocrx_word' id='word_1_175' title='bbox 1309 2209 1476 2263; x_wconf 89' lang='lat' dir='ltr'><strong>nihilo</strong></span> <span class='ocrx_word' id='word_1_176' title='bbox 1517 2207 1685 2264; x_wconf 81' lang='lat' dir='ltr'><strong>factus</strong></span> <span class='ocrx_word' id='word_1_177' title='bbox 1708 2217 1795 2264; x_wconf 88' lang='lat' dir='ltr'><strong>est</strong></span> 
     </span>
    </p>
   </div>
   <div class='ocr_carea' id='block_1_22' title="bbox 185 2295 1794 2372">
    <p class='ocr_par' dir='ltr' id='par_1_22' title="bbox 185 2295 1794 2372">
     <span class='ocr_line' id='line_1_22' title="bbox 185 2295 1794 2372; baseline 0.003 -22"><span class='ocrx_word' id='word_1_178' title='bbox 185 2295 356 2352; x_wconf 89' lang='lat' dir='ltr'><strong>homo</strong></span> <span class='ocrx_word' id='word_1_179' title='bbox 381 2314 398 2363; x_wconf 88' lang='lat'><strong>;</strong></span> <span class='ocrx_word' id='word_1_180' title='bbox 421 2316 442 2350; x_wconf 78' lang='grc' dir='ltr'><strong>ι</strong></span> <span class='ocrx_word' id='word_1_181' title='bbox 473 2298 594 2366; x_wconf 85' lang='grc' dir='ltr'>Ιιοε,</span> <span class='ocrx_word' id='word_1_182' title='bbox 620 2299 857 2369; x_wconf 87' lang='lat' dir='ltr'><strong>inquam,</strong></span> <span class='ocrx_word' id='word_1_183' title='bbox 881 2301 1053 2371; x_wconf 91' lang='lat' dir='ltr'><strong>ipsum</strong></span> <span class='ocrx_word' id='word_1_184' title='bbox 1079 2299 1220 2372; x_wconf 91' lang='lat' dir='ltr'><strong>quod</strong></span> <span class='ocrx_word' id='word_1_185' title='bbox 1254 2299 1423 2370; x_wconf 90' lang='lat' dir='ltr'><strong>potuit</strong></span> <span class='ocrx_word' id='word_1_186' title='bbox 1449 2299 1579 2355; x_wconf 92' lang='lat' dir='ltr'><strong>oriri</strong></span> <span class='ocrx_word' id='word_1_187' title='bbox 1604 2300 1794 2355; x_wconf 84' lang='lat' dir='ltr'><strong>volun-</strong></span> 
     </span>
    </p>
   </div>
   <div class='ocr_carea' id='block_1_23' title="bbox 185 2389 1789 2465">
    <p class='ocr_par' dir='ltr' id='par_1_23' title="bbox 185 2389 1789 2465">
     <span class='ocr_line' id='line_1_23' title="bbox 185 2389 1789 2465; baseline 0.005 -24"><span class='ocrx_word' id='word_1_188' title='bbox 185 2398 292 2454; x_wconf 85' lang='lat' dir='ltr'><strong>tas,</strong></span> <span class='ocrx_word' id='word_1_189' title='bbox 342 2389 548 2445; x_wconf 91' lang='lat' dir='ltr'><strong>bonum</strong></span> <span class='ocrx_word' id='word_1_190' title='bbox 587 2405 730 2456; x_wconf 87' lang='lat' dir='ltr'><strong>esse,</strong></span> <span class='ocrx_word' id='word_1_191' title='bbox 775 2406 842 2448; x_wconf 89' lang='lat' dir='ltr'><strong>an</strong></span> <span class='ocrx_word' id='word_1_192' title='bbox 887 2393 1082 2448; x_wconf 90' lang='lat' dir='ltr'><strong>malum</strong></span> <span class='ocrx_word' id='word_1_193' title='bbox 1127 2393 1348 2449; x_wconf 83' lang='lat' dir='ltr'><strong>credis?</strong></span> <span class='ocrx_word' id='word_1_194' title='bbox 1395 2393 1445 2448; x_wconf 89' lang='lat' dir='ltr'><strong>id</strong></span> <span class='ocrx_word' id='word_1_195' title='bbox 1477 2403 1578 2457; x_wconf 89' lang='lat' dir='ltr'><strong>est,</strong></span> <span class='ocrx_word' id='word_1_196' title='bbox 1622 2395 1789 2465; x_wconf 81' lang='lat' dir='ltr'><strong>ipsam</strong></span> 
     </span>
    </p>
   </div>
   <div class='ocr_carea' id='block_1_24' title="bbox 181 2479 1788 2555">
    <p class='ocr_par' dir='ltr' id='par_1_24' title="bbox 181 2479 1788 2555">
     <span class='ocr_line' id='line_1_24' title="bbox 181 2479 1788 2555; baseline 0.006 -24"><span class='ocrx_word' id='word_1_197' title='bbox 181 2479 502 2536; x_wconf 82' lang='lat' dir='ltr'><strong>facultatem</strong></span> <span class='ocrx_word' id='word_1_198' title='bbox 544 2481 780 2538; x_wconf 70' lang='lat' dir='ltr'><strong>oriendze</strong></span> <span class='ocrx_word' id='word_1_199' title='bbox 817 2483 1107 2539; x_wconf 84' lang='lat' dir='ltr'><strong>voluntatis</strong></span> <span class='ocrx_word' id='word_1_200' title='bbox 1129 2526 1145 2550; x_wconf 94' lang='lat'><strong>,</strong></span> <span class='ocrx_word' id='word_1_201' title='bbox 1177 2499 1335 2555; x_wconf 87' lang='lat' dir='ltr'><strong>quant</strong></span> <span class='ocrx_word' id='word_1_202' title='bbox 1368 2484 1538 2540; x_wconf 90' lang='lat' dir='ltr'><strong>nihilo</strong></span> <span class='ocrx_word' id='word_1_203' title='bbox 1569 2495 1788 2554; x_wconf 84' lang='lat' dir='ltr'><strong>reputa-</strong></span> 
     </span>
    </p>
   </div>
   <div class='ocr_carea' id='block_1_25' title="bbox 178 2571 1788 2648">
    <p class='ocr_par' dir='ltr' id='par_1_25' title="bbox 178 2571 1788 2648">
     <span class='ocr_line' id='line_1_25' title="bbox 178 2571 1788 2648; baseline 0.007 -25"><span class='ocrx_word' id='word_1_204' title='bbox 178 2571 306 2626; x_wconf 87' lang='lat' dir='ltr'><strong>visti</strong></span> <span class='ocrx_word' id='word_1_205' title='bbox 333 2614 351 2638; x_wconf 92' lang='lat'><strong>,</strong></span> <span class='ocrx_word' id='word_1_206' title='bbox 386 2574 610 2644; x_wconf 88' lang='lat' dir='ltr'><strong>probam</strong></span> <span class='ocrx_word' id='word_1_207' title='bbox 657 2576 971 2643; x_wconf 84' lang='lat' dir='ltr'><strong>arbitraris,</strong></span> <span class='ocrx_word' id='word_1_208' title='bbox 1014 2593 1082 2632; x_wconf 91' lang='lat' dir='ltr'><strong>an</strong></span> <span class='ocrx_word' id='word_1_209' title='bbox 1114 2577 1446 2648; x_wconf 81' lang='lat' dir='ltr'><strong>pessimam?</strong></span> <span class='ocrx_word' id='word_1_210' title='bbox 1488 2577 1544 2632; x_wconf 90' lang='lat' dir='ltr'><strong>Si</strong></span> <span class='ocrx_word' id='word_1_211' title='bbox 1593 2577 1788 2634; x_wconf 86' lang='lat' dir='ltr'><strong>b0uam</strong></span> 
     </span>
    </p>
   </div>
   <div class='ocr_carea' id='block_1_26' title="bbox 172 2661 1784 2738">
    <p class='ocr_par' dir='ltr' id='par_1_26' title="bbox 172 2661 1784 2738">
     <span class='ocr_line' id='line_1_26' title="bbox 172 2661 1784 2738; baseline 0.006 -22"><span class='ocrx_word' id='word_1_212' title='bbox 172 2661 391 2718; x_wconf 78' lang='lat' dir='ltr'><strong>dixeris</strong></span> <span class='ocrx_word' id='word_1_213' title='bbox 425 2682 438 2718; x_wconf 92' lang='lat'>:</span> <span class='ocrx_word' id='word_1_214' title='bbox 470 2681 601 2738; x_wconf 89' lang='lat' dir='ltr'><strong>ergo</strong></span> <span class='ocrx_word' id='word_1_215' title='bbox 627 2683 734 2722; x_wconf 93' lang='lat' dir='ltr'><strong>non</strong></span> <span class='ocrx_word' id='word_1_216' title='bbox 765 2668 902 2724; x_wconf 88' lang='lat' dir='ltr'><strong>Deus</strong></span> <span class='ocrx_word' id='word_1_217' title='bbox 925 2679 1009 2724; x_wconf 91' lang='lat' dir='ltr'><strong>est</strong></span> <span class='ocrx_word' id='word_1_218' title='bbox 1035 2669 1157 2724; x_wconf 92' lang='lat' dir='ltr'><strong>boni</strong></span> <span class='ocrx_word' id='word_1_219' title='bbox 1183 2685 1341 2725; x_wconf 88' lang='lat' dir='ltr'><strong>causa</strong></span> <span class='ocrx_word' id='word_1_220' title='bbox 1364 2711 1378 2733; x_wconf 94' lang='lat'><strong>,</strong></span> <span class='ocrx_word' id='word_1_221' title='bbox 1410 2669 1506 2726; x_wconf 90' lang='lat' dir='ltr'><strong>sed</strong></span> <span class='ocrx_word' id='word_1_222' title='bbox 1537 2670 1784 2725; x_wconf 89' lang='lat' dir='ltr'><strong>nihilum.</strong></span> 
     </span>
    </p>
   </div>
   <div class='ocr_carea' id='block_1_27' title="bbox 171 2752 1784 2826">
    <p class='ocr_par' dir='ltr' id='par_1_27' title="bbox 171 2752 1784 2826">
     <span class='ocr_line' id='line_1_27' title="bbox 171 2752 1784 2826; baseline 0.006 -19"><span class='ocrx_word' id='word_1_223' title='bbox 171 2752 273 2807; x_wconf 88' lang='lat' dir='ltr'><strong>Sin</strong></span> <span class='ocrx_word' id='word_1_224' title='bbox 304 2763 496 2810; x_wconf 86' lang='lat' dir='ltr'><strong>autem</strong></span> <span class='ocrx_word' id='word_1_225' title='bbox 521 2797 537 2822; x_wconf 89' lang='lat'><strong>,</strong></span> <span class='ocrx_word' id='word_1_226' title='bbox 584 2757 686 2812; x_wconf 91' lang='lat' dir='ltr'><strong>hoc</strong></span> <span class='ocrx_word' id='word_1_227' title='bbox 725 2773 846 2814; x_wconf 86' lang='lat' dir='ltr'><strong>esse</strong></span> <span class='ocrx_word' id='word_1_228' title='bbox 889 2759 1284 2816; x_wconf 89' lang='lat' dir='ltr'><strong>insanissimum</strong></span> <span class='ocrx_word' id='word_1_229' title='bbox 1327 2761 1514 2816; x_wconf 83' lang='lat' dir='ltr'><strong>videns</strong></span> <span class='ocrx_word' id='word_1_230' title='bbox 1537 2803 1552 2826; x_wconf 90' lang='lat'><strong>,</strong></span> <span class='ocrx_word' id='word_1_231' title='bbox 1589 2763 1784 2818; x_wconf 89' lang='lat' dir='ltr'><strong>malam</strong></span> 
     </span>
    </p>
   </div>
   <div class='ocr_carea' id='block_1_28' title="bbox 166 2851 1785 2922">
    <p class='ocr_par' dir='ltr' id='par_1_28' title="bbox 166 2851 1785 2922">
     <span class='ocr_line' id='line_1_28' title="bbox 166 2851 1785 2922; baseline 0.007 -23"><span class='ocrx_word' id='word_1_232' title='bbox 166 2861 297 2901; x_wconf 74' lang='lat' dir='ltr'><strong>eam</strong></span> <span class='ocrx_word' id='word_1_233' title='bbox 353 2851 836 2918; x_wconf 86' lang='lat' dir='ltr'><strong>pronuntiaveris;</strong></span> <span class='ocrx_word' id='word_1_234' title='bbox 886 2851 1085 2921; x_wconf 85' lang='lat' dir='ltr'><strong>quippe</strong></span> <span class='ocrx_word' id='word_1_235' title='bbox 1129 2868 1289 2922; x_wconf 91' lang='lat' dir='ltr'><strong>quam</strong></span> <span class='ocrx_word' id='word_1_236' title='bbox 1336 2853 1472 2908; x_wconf 89' lang='lat' dir='ltr'><strong>dicis</strong></span> <span class='ocrx_word' id='word_1_237' title='bbox 1520 2869 1623 2908; x_wconf 93' lang='lat' dir='ltr'><strong>non</strong></span> <span class='ocrx_word' id='word_1_238' title='bbox 1675 2855 1785 2910; x_wconf 91' lang='lat' dir='ltr'><strong>Deo</strong></span> 
     </span>
    </p>
   </div>
   <div class='ocr_carea' id='block_1_29' title="bbox 164 2937 1783 3008">
    <p class='ocr_par' dir='ltr' id='par_1_29' title="bbox 164 2937 1783 3008">
     <span class='ocr_line' id='line_1_29' title="bbox 164 2937 1783 3008; baseline 0.006 -18"><span class='ocrx_word' id='word_1_239' title='bbox 164 2937 541 3008; x_wconf 71' lang='lat' dir='ltr'><strong>reputantium</strong></span> <span class='ocrx_word' id='word_1_240' title='bbox 569 2951 710 3000; x_wconf 88' lang='lat' dir='ltr'><strong>esse,</strong></span> <span class='ocrx_word' id='word_1_241' title='bbox 739 2938 832 2993; x_wconf 87' lang='lat' dir='ltr'><strong>sed</strong></span> <span class='ocrx_word' id='word_1_242' title='bbox 865 2939 1032 2993; x_wconf 91' lang='lat' dir='ltr'><strong>nihilo</strong></span> <span class='ocrx_word' id='word_1_243' title='bbox 1059 2955 1074 2994; x_wconf 88' lang='lat'>:</span> <span class='ocrx_word' id='word_1_244' title='bbox 1108 2941 1489 3008; x_wconf 87' lang='lat' dir='ltr'><strong>protestaberis</strong></span> <span class='ocrx_word' id='word_1_245' title='bbox 1527 2957 1625 2997; x_wconf 90' lang='lat' dir='ltr'><strong>nos</strong></span> <span class='ocrx_word' id='word_1_246' title='bbox 1650 2944 1783 3000; x_wconf 88' lang='lat' dir='ltr'><strong>nihil</strong></span> 
     </span>
    </p>
   </div>
   <div class='ocr_carea' id='block_1_30' title="bbox 157 3026 1784 3103">
    <p class='ocr_par' dir='ltr' id='par_1_30' title="bbox 157 3026 1784 3103">
     <span class='ocr_line' id='line_1_30' title="bbox 157 3026 1784 3103; baseline 0.008 -24"><span class='ocrx_word' id='word_1_247' title='bbox 157 3027 478 3082; x_wconf 86' lang='lat' dir='ltr'><strong>adversum</strong></span> <span class='ocrx_word' id='word_1_248' title='bbox 511 3037 564 3082; x_wconf 90' lang='lat' dir='ltr'><strong>te</strong></span> <span class='ocrx_word' id='word_1_249' title='bbox 603 3026 885 3098; x_wconf 80' lang='lat' dir='ltr'><strong>collegisse</strong></span> <span class='ocrx_word' id='word_1_250' title='bbox 914 3041 1155 3095; x_wconf 88' lang='lat' dir='ltr'><strong>versute,</strong></span> <span class='ocrx_word' id='word_1_251' title='bbox 1187 3031 1281 3085; x_wconf 89' lang='lat' dir='ltr'><strong>sed</strong></span> <span class='ocrx_word' id='word_1_252' title='bbox 1313 3031 1449 3087; x_wconf 90' lang='lat' dir='ltr'><strong>bona</strong></span> <span class='ocrx_word' id='word_1_253' title='bbox 1478 3033 1784 3103; x_wconf 81' lang='lat' dir='ltr'><strong>diSputandi</strong></span> 
     </span>
    </p>
   </div>
   <div class='ocr_carea' id='block_1_31' title="bbox 155 3117 1783 3197">
    <p class='ocr_par' dir='ltr' id='par_1_31' title="bbox 155 3117 1783 3197">
     <span class='ocr_line' id='line_1_31' title="bbox 155 3117 1783 3197; baseline 0.006 -24"><span class='ocrx_word' id='word_1_254' title='bbox 155 3118 278 3173; x_wconf 79' lang='lat' dir='ltr'><strong>ﬁde</strong></span> <span class='ocrx_word' id='word_1_255' title='bbox 307 3118 518 3172; x_wconf 90' lang='lat' dir='ltr'><strong>malam</strong></span> <span class='ocrx_word' id='word_1_256' title='bbox 549 3117 710 3174; x_wconf 80' lang='lat' dir='ltr'><strong>ﬁdem</strong></span> <span class='ocrx_word' id='word_1_257' title='bbox 755 3121 830 3175; x_wconf 89' lang='lat' dir='ltr'><strong>tui</strong></span> <span class='ocrx_word' id='word_1_258' title='bbox 869 3119 1136 3191; x_wconf 75' lang='lat' dir='ltr'><strong>dogmatis</strong></span> <span class='ocrx_word' id='word_1_259' title='bbox 1178 3122 1470 3179; x_wconf 89' lang='lat' dir='ltr'><strong>subruissc.</strong></span> <span class='ocrx_word' id='word_1_260' title='bbox 1499 3123 1617 3180; x_wconf 88' lang='lat' dir='ltr'><strong>Stat</strong></span> <span class='ocrx_word' id='word_1_261' title='bbox 1654 3141 1783 3197; x_wconf 89' lang='lat' dir='ltr'><strong>ergo</strong></span> 
     </span>
    </p>
   </div>
   <div class='ocr_carea' id='block_1_32' title="bbox 155 3211 1777 3286">
    <p class='ocr_par' dir='ltr' id='par_1_32' title="bbox 155 3211 1777 3286">
     <span class='ocr_line' id='line_1_32' title="bbox 155 3211 1777 3286; baseline 0.005 -21"><span class='ocrx_word' id='word_1_262' title='bbox 155 3211 568 3266; x_wconf 88' lang='lat' dir='ltr'><strong>inconcussum</strong></span> <span class='ocrx_word' id='word_1_263' title='bbox 590 3212 730 3282; x_wconf 90' lang='lat' dir='ltr'><strong>quod</strong></span> <span class='ocrx_word' id='word_1_264' title='bbox 751 3212 978 3284; x_wconf 89' lang='lat' dir='ltr'><strong>egimus,</strong></span> <span class='ocrx_word' id='word_1_265' title='bbox 1000 3225 1050 3269; x_wconf 91' lang='lat' dir='ltr'><strong>te</strong></span> <span class='ocrx_word' id='word_1_266' title='bbox 1067 3215 1318 3273; x_wconf 84' lang='lat' dir='ltr'><strong>videlicet</strong></span> <span class='ocrx_word' id='word_1_267' title='bbox 1335 3224 1389 3272; x_wconf 92' lang='lat' dir='ltr'><strong>et</strong></span> <span class='ocrx_word' id='word_1_268' title='bbox 1408 3216 1777 3286; x_wconf 66' lang='lat' dir='ltr'><strong>Manichatum,</strong></span> 
     </span>
    </p>
   </div>
   <div class='ocr_carea' id='block_1_33' title="bbox 154 3303 1780 3374">
    <p class='ocr_par' dir='ltr' id='par_1_33' title="bbox 154 3303 1780 3374">
     <span class='ocr_line' id='line_1_33' title="bbox 154 3303 1780 3374; baseline 0.007 -16"><span class='ocrx_word' id='word_1_269' title='bbox 154 3304 335 3359; x_wconf 87' lang='lat' dir='ltr'><strong>etiam</strong></span> <span class='ocrx_word' id='word_1_270' title='bbox 390 3303 554 3374; x_wconf 89' lang='lat' dir='ltr'><strong>primi</strong></span> <span class='ocrx_word' id='word_1_271' title='bbox 599 3303 830 3360; x_wconf 90' lang='lat' dir='ltr'><strong>hominis</strong></span> <span class='ocrx_word' id='word_1_272' title='bbox 867 3307 1193 3365; x_wconf 88' lang='lat' dir='ltr'><strong>voluntatem</strong></span> <span class='ocrx_word' id='word_1_273' title='bbox 1236 3310 1431 3365; x_wconf 90' lang='lat' dir='ltr'><strong>malam</strong></span> <span class='ocrx_word' id='word_1_274' title='bbox 1474 3313 1780 3370; x_wconf 88' lang='lat' dir='ltr'><strong>necessitati</strong></span> 
     </span>
    </p>
   </div>
   <div class='ocr_carea' id='block_1_34' title="bbox 153 3394 994 3467">
    <p class='ocr_par' dir='ltr' id='par_1_34' title="bbox 153 3394 994 3467">
     <span class='ocr_line' id='line_1_34' title="bbox 153 3394 994 3467; baseline 0.006 -19"><span class='ocrx_word' id='word_1_275' title='bbox 153 3403 398 3450; x_wconf 58' lang='lat' dir='ltr'><strong>alet-me</strong></span> <span class='ocrx_word' id='word_1_276' title='bbox 429 3394 653 3464; x_wconf 77' lang='lat' dir='ltr'><strong>originis</strong></span> <span class='ocrx_word' id='word_1_277' title='bbox 683 3396 994 3467; x_wconf 83' lang='lat' dir='ltr'><strong>imputasse.</strong></span> 
     </span>
    </p>
   </div>
   <div class='ocr_carea' id='block_1_35' title="bbox 231 3483 1782 3568">
    <p class='ocr_par' dir='ltr' id='par_1_35' title="bbox 231 3483 1782 3568">
     <span class='ocr_line' id='line_1_35' title="bbox 231 3483 1782 3568; baseline 0.008 -29"><span class='ocrx_word' id='word_1_278' title='bbox 231 3487 386 3541; x_wconf 79' lang='lat' dir='ltr'><strong>Anc.</strong></span> <span class='ocrx_word' id='word_1_279' title='bbox 433 3483 571 3552; x_wconf 86' lang='lat' dir='ltr'><strong>Quid</strong></span> <span class='ocrx_word' id='word_1_280' title='bbox 607 3487 700 3542; x_wconf 85' lang='lat' dir='ltr'><strong>tibi</strong></span> <span class='ocrx_word' id='word_1_281' title='bbox 741 3489 1052 3559; x_wconf 87' lang='lat' dir='ltr'><strong>responderi</strong></span> <span class='ocrx_word' id='word_1_282' title='bbox 1080 3500 1294 3561; x_wconf 86' lang='lat' dir='ltr'><strong>posset,</strong></span> <span class='ocrx_word' id='word_1_283' title='bbox 1320 3493 1782 3568; x_wconf 84' lang='lat' dir='ltr'><strong>qualitercumque</strong></span> 
     </span>
    </p>
   </div>
   <div class='ocr_carea' id='block_1_36' title="bbox 150 3575 1777 3655">
    <p class='ocr_par' dir='ltr' id='par_1_36' title="bbox 150 3575 1777 3655">
     <span class='ocr_line' id='line_1_36' title="bbox 150 3575 1777 3655; baseline 0.008 -25"><span class='ocrx_word' id='word_1_284' title='bbox 150 3575 350 3632; x_wconf 76' lang='lat' dir='ltr'><strong>vidisti</strong></span> <span class='ocrx_word' id='word_1_285' title='bbox 410 3593 428 3632; x_wconf 87' lang='lat'><strong>:</strong></span> <span class='ocrx_word' id='word_1_286' title='bbox 476 3576 573 3632; x_wconf 89' lang='lat' dir='ltr'><strong>sed</strong></span> <span class='ocrx_word' id='word_1_287' title='bbox 621 3579 813 3634; x_wconf 75' lang='lat' dir='ltr'><strong>[rustra</strong></span> <span class='ocrx_word' id='word_1_288' title='bbox 861 3595 922 3636; x_wconf 91' lang='lat' dir='ltr'><strong>es</strong></span> <span class='ocrx_word' id='word_1_289' title='bbox 968 3592 1190 3638; x_wconf 87' lang='lat' dir='ltr'><strong>conatus</strong></span> <span class='ocrx_word' id='word_1_290' title='bbox 1237 3583 1500 3642; x_wconf 86' lang='lat' dir='ltr'><strong>obsistere</strong></span> <span class='ocrx_word' id='word_1_291' title='bbox 1545 3587 1777 3655; x_wconf 86' lang='lat' dir='ltr'><strong>veritati,</strong></span> 
     </span>
    </p>
   </div>
   <div class='ocr_carea' id='block_1_37' title="bbox 149 3667 1780 3748">
    <p class='ocr_par' dir='ltr' id='par_1_37' title="bbox 149 3667 1780 3748">
     <span class='ocr_line' id='line_1_37' title="bbox 149 3667 1780 3748; baseline 0.009 -26"><span class='ocrx_word' id='word_1_292' title='bbox 149 3668 318 3737; x_wconf 85' lang='lat' dir='ltr'><strong>quasi</strong></span> <span class='ocrx_word' id='word_1_293' title='bbox 375 3667 718 3738; x_wconf 87' lang='lat' dir='ltr'><strong>respondens</strong></span> <span class='ocrx_word' id='word_1_294' title='bbox 761 3671 938 3726; x_wconf 85' lang='lat' dir='ltr'><strong>verbis</strong></span> <span class='ocrx_word' id='word_1_295' title='bbox 987 3673 1144 3738; x_wconf 88' lang='lat' dir='ltr'><strong>meis,</strong></span> <span class='ocrx_word' id='word_1_296' title='bbox 1188 3683 1244 3729; x_wconf 89' lang='lat' dir='ltr'><strong>et</strong></span> <span class='ocrx_word' id='word_1_297' title='bbox 1292 3691 1398 3732; x_wconf 89' lang='lat' dir='ltr'><strong>non</strong></span> <span class='ocrx_word' id='word_1_298' title='bbox 1446 3679 1780 3748; x_wconf 88' lang='lat' dir='ltr'><strong>respondens</strong></span> 
     </span>
    </p>
   </div>
   <div class='ocr_carea' id='block_1_38' title="bbox 149 3758 1778 3840">
    <p class='ocr_par' dir='ltr' id='par_1_38' title="bbox 149 3758 1778 3840">
     <span class='ocr_line' id='line_1_38' title="bbox 149 3758 1778 3840; baseline 0.009 -28"><span class='ocrx_word' id='word_1_299' title='bbox 149 3758 351 3813; x_wconf 84' lang='lat' dir='ltr'><strong>verbis</strong></span> <span class='ocrx_word' id='word_1_300' title='bbox 384 3761 549 3814; x_wconf 89' lang='lat' dir='ltr'><strong>meis.</strong></span> <span class='ocrx_word' id='word_1_301' title='bbox 581 3759 668 3814; x_wconf 93' lang='lat' dir='ltr'><strong>Sic</strong></span> <span class='ocrx_word' id='word_1_302' title='bbox 691 3761 834 3816; x_wconf 91' lang='lat' dir='ltr'><strong>enim</strong></span> <span class='ocrx_word' id='word_1_303' title='bbox 861 3761 1176 3835; x_wconf 77' lang='lat' dir='ltr'><strong>disputasti,</strong></span> <span class='ocrx_word' id='word_1_304' title='bbox 1212 3775 1463 3838; x_wconf 86' lang='lat' dir='ltr'><strong>tanquam</strong></span> <span class='ocrx_word' id='word_1_305' title='bbox 1503 3785 1602 3840; x_wconf 87' lang='lat' dir='ltr'><strong>ego</strong></span> <span class='ocrx_word' id='word_1_306' title='bbox 1625 3769 1778 3827; x_wconf 88' lang='lat' dir='ltr'><strong>dixe-</strong></span> 
     </span>
    </p>
   </div>
   <div class='ocr_carea' id='block_1_39' title="bbox 147 3847 1774 3932">
    <p class='ocr_par' dir='ltr' id='par_1_39' title="bbox 147 3847 1774 3932">
     <span class='ocr_line' id='line_1_39' title="bbox 147 3847 1774 3932; baseline 0.009 -30"><span class='ocrx_word' id='word_1_307' title='bbox 147 3847 287 3915; x_wconf 88' lang='lat' dir='ltr'><strong>rim,</strong></span> <span class='ocrx_word' id='word_1_308' title='bbox 318 3847 447 3904; x_wconf 86' lang='lat' dir='ltr'><strong>Nec</strong></span> <span class='ocrx_word' id='word_1_309' title='bbox 473 3847 596 3904; x_wconf 89' lang='lat' dir='ltr'><strong>ideo</strong></span> <span class='ocrx_word' id='word_1_310' title='bbox 623 3857 800 3906; x_wconf 88' lang='lat' dir='ltr'><strong>tamen</strong></span> <span class='ocrx_word' id='word_1_311' title='bbox 826 3863 939 3908; x_wconf 87' lang='lat' dir='ltr'><strong>orta</strong></span> <span class='ocrx_word' id='word_1_312' title='bbox 965 3865 1047 3910; x_wconf 90' lang='lat' dir='ltr'><strong>est</strong></span> <span class='ocrx_word' id='word_1_313' title='bbox 1075 3871 1141 3910; x_wconf 91' lang='lat' dir='ltr'><strong>ex</strong></span> <span class='ocrx_word' id='word_1_314' title='bbox 1169 3856 1310 3912; x_wconf 91' lang='lat' dir='ltr'><strong>bono</strong></span> <span class='ocrx_word' id='word_1_315' title='bbox 1335 3859 1580 3916; x_wconf 84' lang='lat' dir='ltr'><strong>voluntas</strong></span> <span class='ocrx_word' id='word_1_316' title='bbox 1606 3863 1774 3932; x_wconf 89' lang='lat' dir='ltr'><strong>mala;</strong></span> 
     </span>
    </p>
   </div>
   <div class='ocr_carea' id='block_1_40' title="bbox 146 3941 1778 4014">
    <p class='ocr_par' dir='ltr' id='par_1_40' title="bbox 146 3941 1778 4014">
     <span class='ocr_line' id='line_1_40' title="bbox 146 3941 1778 4014; baseline 0.01 -22"><span class='ocrx_word' id='word_1_317' title='bbox 146 3941 306 4010; x_wconf 89' lang='lat' dir='ltr'><strong>quod</strong></span> <span class='ocrx_word' id='word_1_318' title='bbox 352 3955 469 4011; x_wconf 80' lang='lat' dir='ltr'><strong>ego</strong></span> <span class='ocrx_word' id='word_1_319' title='bbox 510 3954 617 3995; x_wconf 92' lang='lat' dir='ltr'><strong>non</strong></span> <span class='ocrx_word' id='word_1_320' title='bbox 659 3941 769 3997; x_wconf 89' lang='lat' dir='ltr'><strong>dixi</strong></span> <span class='ocrx_word' id='word_1_321' title='bbox 799 3960 813 3997; x_wconf 92' lang='lat'><strong>:</strong></span> <span class='ocrx_word' id='word_1_322' title='bbox 845 3943 939 3998; x_wconf 89' lang='lat' dir='ltr'><strong>sed</strong></span> <span class='ocrx_word' id='word_1_323' title='bbox 983 3945 1113 4014; x_wconf 90' lang='lat' dir='ltr'><strong>dixi,</strong></span> <span class='ocrx_word' id='word_1_324' title='bbox 1147 3966 1167 4000; x_wconf 81' lang='grc' dir='ltr'><strong>ι</strong></span> <span class='ocrx_word' id='word_1_325' title='bbox 1192 3947 1305 4004; x_wconf 86' lang='grc' dir='ltr'>Νεε</span> <span class='ocrx_word' id='word_1_326' title='bbox 1341 3949 1462 4006; x_wconf 90' lang='lat' dir='ltr'><strong>ideo</strong></span> <span class='ocrx_word' id='word_1_327' title='bbox 1491 3961 1668 4007; x_wconf 88' lang='lat' dir='ltr'><strong>tamen</strong></span> <span class='ocrx_word' id='word_1_328' title='bbox 1710 3968 1778 4009; x_wconf 87' lang='lat' dir='ltr'><strong>ex</strong></span> 
     </span>
    </p>
   </div>
   <div class='ocr_carea' id='block_1_41' title="bbox 145 4030 1776 4110">
    <p class='ocr_par' dir='ltr' id='par_1_41' title="bbox 145 4030 1776 4110">
     <span class='ocr_line' id='line_1_41' title="bbox 145 4030 1776 4110; baseline 0.01 -26"><span class='ocrx_word' id='word_1_329' title='bbox 145 4030 304 4085; x_wconf 87' lang='lat' dir='ltr'><strong>bono</strong></span> <span class='ocrx_word' id='word_1_330' title='bbox 351 4030 542 4100; x_wconf 86' lang='lat' dir='ltr'><strong>potuit</strong></span> <span class='ocrx_word' id='word_1_331' title='bbox 575 4032 704 4087; x_wconf 89' lang='lat' dir='ltr'><strong>oriri</strong></span> <span class='ocrx_word' id='word_1_332' title='bbox 733 4032 871 4088; x_wconf 79' lang='lat' dir='ltr'><strong>malit</strong></span> <span class='ocrx_word' id='word_1_333' title='bbox 899 4035 1174 4104; x_wconf 83' lang='lat' dir='ltr'><strong>voluntas,</strong></span> <span class='ocrx_word' id='word_1_334' title='bbox 1202 4040 1323 4110; x_wconf 90' lang='lat' dir='ltr'><strong>quia</strong></span> <span class='ocrx_word' id='word_1_335' title='bbox 1349 4040 1546 4098; x_wconf 90' lang='lat' dir='ltr'><strong>bonum</strong></span> <span class='ocrx_word' id='word_1_336' title='bbox 1581 4044 1776 4102; x_wconf 74' lang='lat' dir='ltr'><strong>factum</strong></span> 
     </span>
    </p>
   </div>
   <div class='ocr_carea' id='block_1_42' title="bbox 143 4120 1771 4200">
    <p class='ocr_par' dir='ltr' id='par_1_42' title="bbox 143 4120 1771 4200">
     <span class='ocr_line' id='line_1_42' title="bbox 143 4120 1771 4200; baseline 0.01 -25"><span class='ocrx_word' id='word_1_337' title='bbox 143 4130 236 4176; x_wconf 89' lang='lat' dir='ltr'><strong>est</strong></span> <span class='ocrx_word' id='word_1_338' title='bbox 262 4136 294 4174; x_wconf 87' lang='lat' dir='ltr'><strong>a</strong></span> <span class='ocrx_word' id='word_1_339' title='bbox 333 4121 464 4176; x_wconf 85' lang='lat' dir='ltr'><strong>Deo</strong></span> <span class='ocrx_word' id='word_1_340' title='bbox 490 4120 653 4199; x_wconf 86' lang='lat' dir='ltr'><strong>bono,</strong></span> <span class='ocrx_word' id='word_1_341' title='bbox 701 4124 795 4178; x_wconf 89' lang='lat' dir='ltr'><strong>sed</strong></span> <span class='ocrx_word' id='word_1_342' title='bbox 824 4125 946 4194; x_wconf 84' lang='lat' dir='ltr'><strong>quia</strong></span> <span class='ocrx_word' id='word_1_343' title='bbox 975 4127 1044 4183; x_wconf 91' lang='lat' dir='ltr'><strong>de</strong></span> <span class='ocrx_word' id='word_1_344' title='bbox 1072 4129 1238 4184; x_wconf 90' lang='lat' dir='ltr'><strong>nihilo</strong></span> <span class='ocrx_word' id='word_1_345' title='bbox 1278 4128 1473 4187; x_wconf 79' lang='lat' dir='ltr'><strong>factum</strong></span> <span class='ocrx_word' id='word_1_346' title='bbox 1513 4143 1619 4200; x_wconf 89' lang='lat' dir='ltr'><strong>est,</strong></span> <span class='ocrx_word' id='word_1_347' title='bbox 1663 4151 1771 4192; x_wconf 92' lang='lat' dir='ltr'><strong>non</strong></span> 
     </span>
    </p>
   </div>
   <div class='ocr_carea' id='block_1_43' title="bbox 140 4197 1773 4299">
    <p class='ocr_par' dir='ltr' id='par_1_43' title="bbox 140 4197 1773 4299">
     <span class='ocr_line' id='line_1_43' title="bbox 140 4197 1773 4299; baseline 0.01 -33"><span class='ocrx_word' id='word_1_348' title='bbox 140 4212 216 4268; x_wconf 90' lang='lat' dir='ltr'><strong>de</strong></span> <span class='ocrx_word' id='word_1_349' title='bbox 249 4214 376 4269; x_wconf 81' lang='lat' dir='ltr'><strong>Deo</strong></span> <span class='ocrx_word' id='word_1_350' title='bbox 413 4232 436 4266; x_wconf 77' lang='grc' dir='ltr'><strong>ι</strong></span> <span class='ocrx_word' id='word_1_351' title='bbox 470 4197 574 4284; x_wconf 85' lang='lat' dir='ltr'><strong>(De</strong></span> <span class='ocrx_word' id='word_1_352' title='bbox 601 4212 808 4284; x_wconf 76' lang='lat' dir='ltr'><strong>Nuptiis</strong></span> <span class='ocrx_word' id='word_1_353' title='bbox 831 4227 878 4270; x_wconf 79' lang='lat' dir='ltr'><strong>ct</strong></span> <span class='ocrx_word' id='word_1_354' title='bbox 899 4216 1316 4291; x_wconf 79' lang='lat' dir='ltr'><strong>Concupiscenlia</strong></span> <span class='ocrx_word' id='word_1_355' title='bbox 1334 4265 1349 4289; x_wconf 90' lang='lat'><strong>,</strong></span> <span class='ocrx_word' id='word_1_356' title='bbox 1378 4225 1468 4278; x_wconf 76' lang='lat' dir='ltr'><strong>lib.</strong></span> <span class='ocrx_word' id='word_1_357' title='bbox 1489 4223 1554 4290; x_wconf 76' lang='lat'><strong>2,</strong></span> <span class='ocrx_word' id='word_1_358' title='bbox 1657 4227 1773 4299; x_wconf 78' lang='grc'><strong>48).</strong></span> 
     </span>
    </p>
   </div>
   <div class='ocr_carea' id='block_1_44' title="bbox 137 4305 1770 4391">
    <p class='ocr_par' dir='ltr' id='par_1_44' title="bbox 137 4305 1770 4391">
     <span class='ocr_line' id='line_1_44' title="bbox 137 4305 1770 4391; baseline 0.009 -29"><span class='ocrx_word' id='word_1_359' title='bbox 137 4305 306 4362; x_wconf 82' lang='lat' dir='ltr'><strong>Sicut</strong></span> <span class='ocrx_word' id='word_1_360' title='bbox 351 4306 557 4362; x_wconf 86' lang='lat' dir='ltr'><strong>eadem</strong></span> <span class='ocrx_word' id='word_1_361' title='bbox 590 4308 750 4363; x_wconf 87' lang='lat' dir='ltr'><strong>verba</strong></span> <span class='ocrx_word' id='word_1_362' title='bbox 793 4325 911 4366; x_wconf 82' lang='lat' dir='ltr'><strong>mea</strong></span> <span class='ocrx_word' id='word_1_363' title='bbox 950 4313 1111 4368; x_wconf 89' lang='lat' dir='ltr'><strong>etiam</strong></span> <span class='ocrx_word' id='word_1_364' title='bbox 1141 4314 1255 4384; x_wconf 87' lang='lat' dir='ltr'><strong>ipse</strong></span> <span class='ocrx_word' id='word_1_365' title='bbox 1294 4318 1517 4387; x_wconf 90' lang='lat' dir='ltr'><strong>posuisti</strong></span> <span class='ocrx_word' id='word_1_366' title='bbox 1551 4318 1770 4391; x_wconf 80' lang='lat' dir='ltr'><strong>(Supra.</strong></span> 
     </span>
    </p>
   </div>
   <div class='ocr_carea' id='block_1_45' title="bbox 136 4397 1775 4483">
    <p class='ocr_par' dir='ltr' id='par_1_45' title="bbox 136 4397 1775 4483">
     <span class='ocr_line' id='line_1_45' title="bbox 136 4397 1775 4483; baseline 0.011 -31"><span class='ocrx_word' id='word_1_367' title='bbox 136 4415 266 4470; x_wconf 83' lang='lat' dir='ltr'><strong>cap.</strong></span> <span class='ocrx_word' id='word_1_368' title='bbox 297 4398 433 4470; x_wconf 74' lang='grc'><strong>26).</strong></span> <span class='ocrx_word' id='word_1_369' title='bbox 467 4397 604 4465; x_wconf 84' lang='lat' dir='ltr'><strong>Quid</strong></span> <span class='ocrx_word' id='word_1_370' title='bbox 631 4411 714 4455; x_wconf 83' lang='lat' dir='ltr'><strong>est</strong></span> <span class='ocrx_word' id='word_1_371' title='bbox 739 4415 869 4472; x_wconf 87' lang='lat' dir='ltr'><strong>ergo</strong></span> <span class='ocrx_word' id='word_1_372' title='bbox 893 4405 1033 4474; x_wconf 89' lang='lat' dir='ltr'><strong>quod</strong></span> <span class='ocrx_word' id='word_1_373' title='bbox 1065 4406 1134 4461; x_wconf 91' lang='lat' dir='ltr'><strong>ita</strong></span> <span class='ocrx_word' id='word_1_374' title='bbox 1166 4410 1596 4479; x_wconf 85' lang='lat' dir='ltr'><strong>respondendum</strong></span> <span class='ocrx_word' id='word_1_375' title='bbox 1623 4423 1775 4483; x_wconf 86' lang='lat' dir='ltr'><strong>puta-</strong></span> 
     </span>
    </p>
   </div>
   <div class='ocr_carea' id='block_1_46' title="bbox 136 4492 1769 4571">
    <p class='ocr_par' dir='ltr' id='par_1_46' title="bbox 136 4492 1769 4571">
     <span class='ocr_line' id='line_1_46' title="bbox 136 4492 1769 4571; baseline 0.012 -28"><span class='ocrx_word' id='word_1_376' title='bbox 136 4493 236 4556; x_wconf 90' lang='lat' dir='ltr'><strong>sti,</strong></span> <span class='ocrx_word' id='word_1_377' title='bbox 266 4492 442 4564; x_wconf 81' lang='lat' dir='ltr'><strong>quasi</strong></span> <span class='ocrx_word' id='word_1_378' title='bbox 471 4506 575 4562; x_wconf 88' lang='lat' dir='ltr'><strong>ego</strong></span> <span class='ocrx_word' id='word_1_379' title='bbox 597 4492 849 4559; x_wconf 84' lang='lat' dir='ltr'><strong>dixerim,</strong></span> <span class='ocrx_word' id='word_1_380' title='bbox 879 4495 989 4553; x_wconf 83' lang='lat' dir='ltr'><strong>Nec</strong></span> <span class='ocrx_word' id='word_1_381' title='bbox 1013 4498 1132 4554; x_wconf 90' lang='lat' dir='ltr'><strong>ideo</strong></span> <span class='ocrx_word' id='word_1_382' title='bbox 1159 4509 1334 4556; x_wconf 88' lang='lat' dir='ltr'><strong>tamen</strong></span> <span class='ocrx_word' id='word_1_383' title='bbox 1357 4513 1477 4559; x_wconf 90' lang='lat' dir='ltr'><strong>orta</strong></span> <span class='ocrx_word' id='word_1_384' title='bbox 1499 4515 1619 4571; x_wconf 89' lang='lat' dir='ltr'><strong>est;</strong></span> <span class='ocrx_word' id='word_1_385' title='bbox 1648 4522 1769 4563; x_wconf 94' lang='lat' dir='ltr'><strong>cum</strong></span> 
     </span>
    </p>
   </div>
   <div class='ocr_carea' id='block_1_47' title="bbox 129 4584 1771 4662">
    <p class='ocr_par' dir='ltr' id='par_1_47' title="bbox 129 4584 1771 4662">
     <span class='ocr_line' id='line_1_47' title="bbox 129 4584 1771 4662; baseline 0.009 -23"><span class='ocrx_word' id='word_1_386' title='bbox 129 4601 244 4657; x_wconf 86' lang='lat' dir='ltr'><strong>ego</strong></span> <span class='ocrx_word' id='word_1_387' title='bbox 297 4584 551 4640; x_wconf 84' lang='lat' dir='ltr'><strong>dixerim</strong></span> <span class='ocrx_word' id='word_1_388' title='bbox 570 4627 587 4651; x_wconf 90' lang='lat'><strong>,</strong></span> <span class='ocrx_word' id='word_1_389' title='bbox 611 4585 720 4640; x_wconf 88' lang='lat' dir='ltr'><strong>Nec</strong></span> <span class='ocrx_word' id='word_1_390' title='bbox 745 4586 866 4642; x_wconf 87' lang='lat' dir='ltr'><strong>ideo</strong></span> <span class='ocrx_word' id='word_1_391' title='bbox 892 4597 1068 4645; x_wconf 86' lang='lat' dir='ltr'><strong>tamen</strong></span> <span class='ocrx_word' id='word_1_392' title='bbox 1092 4593 1220 4647; x_wconf 89' lang='lat' dir='ltr'><strong>oriri</strong></span> <span class='ocrx_word' id='word_1_393' title='bbox 1250 4594 1455 4662; x_wconf 85' lang='lat' dir='ltr'><strong>potuit;</strong></span> <span class='ocrx_word' id='word_1_394' title='bbox 1487 4603 1542 4652; x_wconf 91' lang='grc' dir='ltr'><strong>ει</strong></span> <span class='ocrx_word' id='word_1_395' title='bbox 1571 4598 1771 4654; x_wconf 86' lang='lat' dir='ltr'><strong>tamdiu</strong></span> 
     </span>
    </p>
   </div>
   <div class='ocr_carea' id='block_1_48' title="bbox 131 4676 1770 4752">
    <p class='ocr_par' dir='ltr' id='par_1_48' title="bbox 131 4676 1770 4752">
     <span class='ocr_line' id='line_1_48' title="bbox 131 4676 1770 4752; baseline 0.009 -20"><span class='ocrx_word' id='word_1_396' title='bbox 131 4676 373 4733; x_wconf 87' lang='lat' dir='ltr'><strong>locutus</strong></span> <span class='ocrx_word' id='word_1_397' title='bbox 423 4692 491 4731; x_wconf 86' lang='lat' dir='ltr'><strong>es</strong></span> <span class='ocrx_word' id='word_1_398' title='bbox 535 4677 793 4734; x_wconf 86' lang='lat' dir='ltr'><strong>adversus</strong></span> <span class='ocrx_word' id='word_1_399' title='bbox 821 4695 943 4735; x_wconf 90' lang='lat' dir='ltr'><strong>enm</strong></span> <span class='ocrx_word' id='word_1_400' title='bbox 968 4722 985 4747; x_wconf 89' lang='lat'><strong>,</strong></span> <span class='ocrx_word' id='word_1_401' title='bbox 1016 4683 1105 4752; x_wconf 91' lang='lat' dir='ltr'><strong>qui</strong></span> <span class='ocrx_word' id='word_1_402' title='bbox 1138 4686 1511 4742; x_wconf 88' lang='lat' dir='ltr'><strong>necessitatem</strong></span> <span class='ocrx_word' id='word_1_403' title='bbox 1543 4689 1668 4744; x_wconf 89' lang='lat' dir='ltr'><strong>mali</strong></span> <span class='ocrx_word' id='word_1_404' title='bbox 1710 4699 1770 4746; x_wconf 90' lang='lat' dir='ltr'><strong>ut</strong></span> 
     </span>
    </p>
   </div>
   <div class='ocr_carea' id='block_1_49' title="bbox 126 4768 1766 4854">
    <p class='ocr_par' dir='ltr' id='par_1_49' title="bbox 126 4768 1766 4854">
     <span class='ocr_line' id='line_1_49' title="bbox 126 4768 1766 4854; baseline 0.008 -30"><span class='ocrx_word' id='word_1_405' title='bbox 126 4769 397 4824; x_wconf 88' lang='lat' dir='ltr'><strong>oriretur</strong></span> <span class='ocrx_word' id='word_1_406' title='bbox 423 4783 498 4824; x_wconf 89' lang='lat' dir='ltr'><strong>ex</strong></span> <span class='ocrx_word' id='word_1_407' title='bbox 537 4768 699 4838; x_wconf 80' lang='lat' dir='ltr'><strong>bono,</strong></span> <span class='ocrx_word' id='word_1_408' title='bbox 746 4786 811 4826; x_wconf 84' lang='lat' dir='ltr'><strong>ex</strong></span> <span class='ocrx_word' id='word_1_409' title='bbox 853 4772 955 4828; x_wconf 91' lang='lat' dir='ltr'><strong>hoc</strong></span> <span class='ocrx_word' id='word_1_410' title='bbox 981 4773 1111 4829; x_wconf 89' lang='lat' dir='ltr'><strong>dixit</strong></span> <span class='ocrx_word' id='word_1_411' title='bbox 1141 4775 1382 4845; x_wconf 89' lang='lat' dir='ltr'><strong>irruisse,</strong></span> <span class='ocrx_word' id='word_1_412' title='bbox 1425 4781 1548 4850; x_wconf 90' lang='lat' dir='ltr'><strong>quia</strong></span> <span class='ocrx_word' id='word_1_413' title='bbox 1592 4781 1766 4854; x_wconf 83' lang='lat' dir='ltr'><strong>ipsum</strong></span> 
     </span>
    </p>
   </div>
   <div class='ocr_carea' id='block_1_50' title="bbox 125 4857 1764 4937">
    <p class='ocr_par' dir='ltr' id='par_1_50' title="bbox 125 4857 1764 4937">
     <span class='ocr_line' id='line_1_50' title="bbox 125 4857 1764 4937; baseline 0.01 -23"><span class='ocrx_word' id='word_1_414' title='bbox 125 4858 354 4914; x_wconf 83' lang='lat' dir='ltr'><strong>bonum</strong></span> <span class='ocrx_word' id='word_1_415' title='bbox 382 4874 421 4914; x_wconf 86' lang='lat' dir='ltr'><strong>a</strong></span> <span class='ocrx_word' id='word_1_416' title='bbox 460 4857 573 4914; x_wconf 89' lang='lat' dir='ltr'><strong>Deo</strong></span> <span class='ocrx_word' id='word_1_417' title='bbox 597 4858 665 4916; x_wconf 90' lang='lat' dir='ltr'><strong>de</strong></span> <span class='ocrx_word' id='word_1_418' title='bbox 687 4861 856 4917; x_wconf 89' lang='lat' dir='ltr'><strong>nihilo</strong></span> <span class='ocrx_word' id='word_1_419' title='bbox 881 4863 1076 4919; x_wconf 84' lang='lat' dir='ltr'><strong>factum</strong></span> <span class='ocrx_word' id='word_1_420' title='bbox 1102 4877 1205 4935; x_wconf 87' lang='lat' dir='ltr'><strong>est,</strong></span> <span class='ocrx_word' id='word_1_421' title='bbox 1235 4884 1342 4924; x_wconf 89' lang='lat' dir='ltr'><strong>non</strong></span> <span class='ocrx_word' id='word_1_422' title='bbox 1371 4869 1439 4926; x_wconf 89' lang='lat' dir='ltr'><strong>de</strong></span> <span class='ocrx_word' id='word_1_423' title='bbox 1464 4871 1610 4937; x_wconf 90' lang='lat' dir='ltr'><strong>Deo;</strong></span> <span class='ocrx_word' id='word_1_424' title='bbox 1641 4887 1764 4930; x_wconf 93' lang='lat' dir='ltr'><strong>cum</strong></span> 
     </span>
    </p>
   </div>
   <div class='ocr_carea' id='block_1_51' title="bbox 122 4950 1762 5035">
    <p class='ocr_par' dir='ltr' id='par_1_51' title="bbox 122 4950 1762 5035">
     <span class='ocr_line' id='line_1_51' title="bbox 122 4950 1762 5035; baseline 0.01 -32"><span class='ocrx_word' id='word_1_425' title='bbox 122 4963 237 5018; x_wconf 77' lang='lat' dir='ltr'><strong>ego</strong></span> <span class='ocrx_word' id='word_1_426' title='bbox 267 4965 389 5003; x_wconf 91' lang='lat' dir='ltr'><strong>non</strong></span> <span class='ocrx_word' id='word_1_427' title='bbox 421 4950 806 5007; x_wconf 86' lang='lat' dir='ltr'><strong>necessitatem</strong></span> <span class='ocrx_word' id='word_1_428' title='bbox 835 4954 1111 5011; x_wconf 90' lang='lat' dir='ltr'><strong>tribuerim</strong></span> <span class='ocrx_word' id='word_1_429' title='bbox 1151 4958 1239 5014; x_wconf 88' lang='lat' dir='ltr'><strong>tali</strong></span> <span class='ocrx_word' id='word_1_430' title='bbox 1268 4974 1447 5016; x_wconf 59' lang='lat' dir='ltr'><strong>causai</strong></span> <span class='ocrx_word' id='word_1_431' title='bbox 1468 5003 1484 5030; x_wconf 95' lang='lat'><strong>,</strong></span> <span class='ocrx_word' id='word_1_432' title='bbox 1513 4963 1609 5019; x_wconf 86' lang='lat' dir='ltr'><strong>sed</strong></span> <span class='ocrx_word' id='word_1_433' title='bbox 1635 4979 1762 5035; x_wconf 89' lang='lat' dir='ltr'><strong>pos-</strong></span> 
     </span>
    </p>
   </div>
   <div class='ocr_carea' id='block_1_52' title="bbox 119 5041 1762 5124">
    <p class='ocr_par' dir='ltr' id='par_1_52' title="bbox 119 5041 1762 5124">
     <span class='ocr_line' id='line_1_52' title="bbox 119 5041 1762 5124; baseline 0.013 -31"><span class='ocrx_word' id='word_1_434' title='bbox 119 5041 479 5095; x_wconf 87' lang='lat' dir='ltr'><strong>sibilitatem</strong></span> <span class='ocrx_word' id='word_1_435' title='bbox 508 5041 633 5096; x_wconf 88' lang='lat' dir='ltr'><strong>tnali</strong></span> <span class='ocrx_word' id='word_1_436' title='bbox 658 5057 673 5106; x_wconf 90' lang='lat'><strong>;</strong></span> <span class='ocrx_word' id='word_1_437' title='bbox 699 5043 824 5114; x_wconf 83' lang='lat' dir='ltr'><strong>quia</strong></span> <span class='ocrx_word' id='word_1_438' title='bbox 857 5059 961 5101; x_wconf 88' lang='lat' dir='ltr'><strong>non</strong></span> <span class='ocrx_word' id='word_1_439' title='bbox 1003 5046 1113 5104; x_wconf 89' lang='lat' dir='ltr'><strong>dixi</strong></span> <span class='ocrx_word' id='word_1_440' title='bbox 1139 5049 1261 5106; x_wconf 88' lang='lat' dir='ltr'><strong>ideo</strong></span> <span class='ocrx_word' id='word_1_441' title='bbox 1282 5066 1406 5108; x_wconf 88' lang='lat' dir='ltr'><strong>esse</strong></span> <span class='ocrx_word' id='word_1_442' title='bbox 1435 5062 1640 5124; x_wconf 90' lang='lat' dir='ltr'><strong>ortum,</strong></span> <span class='ocrx_word' id='word_1_443' title='bbox 1665 5057 1762 5114; x_wconf 89' lang='lat' dir='ltr'><strong>sed</strong></span> 
     </span>
    </p>
   </div>
   <div class='ocr_carea' id='block_1_53' title="bbox 117 5129 1759 5206">
    <p class='ocr_par' dir='ltr' id='par_1_53' title="bbox 117 5129 1759 5206">
     <span class='ocr_line' id='line_1_53' title="bbox 117 5129 1759 5206; baseline 0.012 -20"><span class='ocrx_word' id='word_1_444' title='bbox 117 5129 258 5187; x_wconf 88' lang='lat' dir='ltr'><strong>ideo</strong></span> <span class='ocrx_word' id='word_1_445' title='bbox 309 5130 574 5201; x_wconf 84' lang='lat' dir='ltr'><strong>potuisse</strong></span> <span class='ocrx_word' id='word_1_446' title='bbox 619 5133 748 5189; x_wconf 89' lang='lat' dir='ltr'><strong>oriri</strong></span> <span class='ocrx_word' id='word_1_447' title='bbox 791 5151 858 5191; x_wconf 88' lang='lat' dir='ltr'><strong>ex</strong></span> <span class='ocrx_word' id='word_1_448' title='bbox 899 5137 1041 5194; x_wconf 91' lang='lat' dir='ltr'><strong>bono</strong></span> <span class='ocrx_word' id='word_1_449' title='bbox 1087 5143 1330 5199; x_wconf 87' lang='lat' dir='ltr'><strong>malum?</strong></span> <span class='ocrx_word' id='word_1_450' title='bbox 1389 5145 1458 5201; x_wconf 87' lang='lat' dir='ltr'><strong>Et</strong></span> <span class='ocrx_word' id='word_1_451' title='bbox 1497 5151 1759 5206; x_wconf 87' lang='lat' dir='ltr'><strong>accusasti</strong></span> 
     </span>
    </p>
   </div>
   <div class='ocr_carea' id='block_1_54' title="bbox 117 5219 1760 5310">
    <p class='ocr_par' dir='ltr' id='par_1_54' title="bbox 117 5219 1760 5310">
     <span class='ocr_line' id='line_1_54' title="bbox 117 5219 1760 5310; baseline 0.016 -36"><span class='ocrx_word' id='word_1_452' title='bbox 117 5221 351 5276; x_wconf 87' lang='lat' dir='ltr'><strong>tamdiu</strong></span> <span class='ocrx_word' id='word_1_453' title='bbox 379 5219 553 5287; x_wconf 88' lang='lat' dir='ltr'><strong>nihil,</strong></span> <span class='ocrx_word' id='word_1_454' title='bbox 578 5230 630 5278; x_wconf 88' lang='lat' dir='ltr'><strong>et</strong></span> <span class='ocrx_word' id='word_1_455' title='bbox 651 5224 942 5282; x_wconf 87' lang='lat' dir='ltr'><strong>violentum</strong></span> <span class='ocrx_word' id='word_1_456' title='bbox 971 5230 1142 5288; x_wconf 84' lang='lat' dir='ltr'><strong>fecisti</strong></span> <span class='ocrx_word' id='word_1_457' title='bbox 1167 5234 1336 5300; x_wconf 88' lang='lat' dir='ltr'><strong>nihil;</strong></span> <span class='ocrx_word' id='word_1_458' title='bbox 1365 5239 1514 5308; x_wconf 90' lang='lat' dir='ltr'><strong>quasi</strong></span> <span class='ocrx_word' id='word_1_459' title='bbox 1537 5240 1760 5310; x_wconf 80' lang='lat' dir='ltr'><strong>peccare</strong></span> 
     </span>
    </p>
   </div>
   <div class='ocr_carea' id='block_1_55' title="bbox 111 5311 1758 5404">
    <p class='ocr_par' dir='ltr' id='par_1_55' title="bbox 111 5311 1758 5404">
     <span class='ocr_line' id='line_1_55' title="bbox 111 5311 1758 5404; baseline 0.013 -36"><span class='ocrx_word' id='word_1_460' title='bbox 111 5313 403 5384; x_wconf 77' lang='lat' dir='ltr'><strong>angelum</strong></span> <span class='ocrx_word' id='word_1_461' title='bbox 435 5320 500 5367; x_wconf 92' lang='lat' dir='ltr'><strong>et</strong></span> <span class='ocrx_word' id='word_1_462' title='bbox 524 5311 796 5373; x_wconf 87' lang='lat' dir='ltr'><strong>hominem</strong></span> <span class='ocrx_word' id='word_1_463' title='bbox 823 5319 1112 5379; x_wconf 89' lang='lat' dir='ltr'><strong>inevitabili</strong></span> <span class='ocrx_word' id='word_1_464' title='bbox 1139 5328 1458 5386; x_wconf 88' lang='lat' dir='ltr'><strong>necessitate</strong></span> <span class='ocrx_word' id='word_1_465' title='bbox 1481 5335 1758 5404; x_wconf 88' lang='lat' dir='ltr'><strong>compule-</strong></span> 
     </span>
    </p>
   </div>
   <div class='ocr_carea' id='block_1_56' title="bbox 110 5401 1759 5492">
    <p class='ocr_par' dir='ltr' id='par_1_56' title="bbox 110 5401 1759 5492">
     <span class='ocr_line' id='line_1_56' title="bbox 110 5401 1759 5492; baseline 0.015 -33"><span class='ocrx_word' id='word_1_466' title='bbox 110 5405 192 5460; x_wconf 86' lang='lat' dir='ltr'><strong>rit</strong></span> <span class='ocrx_word' id='word_1_467' title='bbox 221 5405 402 5460; x_wconf 88' lang='lat' dir='ltr'><strong>nihil.</strong></span> <span class='ocrx_word' id='word_1_468' title='bbox 437 5401 600 5462; x_wconf 82' lang='lat' dir='ltr'><strong>Nunc</strong></span> <span class='ocrx_word' id='word_1_469' title='bbox 624 5422 753 5480; x_wconf 89' lang='lat' dir='ltr'><strong>ergo</strong></span> <span class='ocrx_word' id='word_1_470' title='bbox 776 5410 842 5466; x_wconf 89' lang='lat' dir='ltr'><strong>ad</strong></span> <span class='ocrx_word' id='word_1_471' title='bbox 868 5428 986 5469; x_wconf 92' lang='lat' dir='ltr'><strong>mea</strong></span> <span class='ocrx_word' id='word_1_472' title='bbox 1011 5416 1172 5472; x_wconf 87' lang='lat' dir='ltr'><strong>verba</strong></span> <span class='ocrx_word' id='word_1_473' title='bbox 1209 5419 1422 5476; x_wconf 87' lang='lat' dir='ltr'><strong>tandem</strong></span> <span class='ocrx_word' id='word_1_474' title='bbox 1449 5425 1593 5492; x_wconf 90' lang='lat' dir='ltr'><strong>redi,</strong></span> <span class='ocrx_word' id='word_1_475' title='bbox 1611 5401 1759 5492; x_wconf 26' lang='lat' dir='ltr'><strong>vsicut</strong></span> 
     </span>
    </p>
   </div>
   <div class='ocr_carea' id='block_1_57' title="bbox 109 5495 1756 5583">
    <p class='ocr_par' dir='ltr' id='par_1_57' title="bbox 109 5495 1756 5583">
     <span class='ocr_line' id='line_1_57' title="bbox 109 5495 1756 5583; baseline 0.016 -34"><span class='ocrx_word' id='word_1_476' title='bbox 109 5495 318 5552; x_wconf 87' lang='lat' dir='ltr'><strong>redire</strong></span> <span class='ocrx_word' id='word_1_477' title='bbox 351 5495 604 5564; x_wconf 70' lang='lat' dir='ltr'><strong>cmpisti.</strong></span> <span class='ocrx_word' id='word_1_478' title='bbox 651 5498 912 5572; x_wconf 87' lang='lat' dir='ltr'><strong>Proponis</strong></span> <span class='ocrx_word' id='word_1_479' title='bbox 935 5505 1080 5561; x_wconf 86' lang='lat' dir='ltr'><strong>enim</strong></span> <span class='ocrx_word' id='word_1_480' title='bbox 1110 5507 1199 5564; x_wconf 88' lang='lat' dir='ltr'><strong>tibi</strong></span> <span class='ocrx_word' id='word_1_481' title='bbox 1237 5514 1606 5583; x_wconf 72' lang='lat' dir='ltr'><strong>quaestionem,</strong></span> <span class='ocrx_word' id='word_1_482' title='bbox 1636 5527 1756 5574; x_wconf 88' lang='lat' dir='ltr'><strong>tan-</strong></span> 
     </span>
    </p>
   </div>
   <div class='ocr_carea' id='block_1_58' title="bbox 104 5584 1755 5677">
    <p class='ocr_par' dir='ltr' id='par_1_58' title="bbox 104 5584 1755 5677">
     <span class='ocr_line' id='line_1_58' title="bbox 104 5584 1755 5677; baseline 0.016 -37"><span class='ocrx_word' id='word_1_483' title='bbox 104 5600 292 5655; x_wconf 87' lang='lat' dir='ltr'><strong>quam</strong></span> <span class='ocrx_word' id='word_1_484' title='bbox 351 5584 470 5639; x_wconf 85' lang='lat' dir='ltr'><strong>tibi</strong></span> <span class='ocrx_word' id='word_1_485' title='bbox 515 5587 694 5644; x_wconf 88' lang='lat' dir='ltr'><strong>subilo</strong></span> <span class='ocrx_word' id='word_1_486' title='bbox 733 5593 967 5650; x_wconf 84' lang='lat' dir='ltr'><strong>venisset</strong></span> <span class='ocrx_word' id='word_1_487' title='bbox 1008 5593 1062 5651; x_wconf 90' lang='lat' dir='ltr'><strong>in</strong></span> <span class='ocrx_word' id='word_1_488' title='bbox 1106 5610 1375 5669; x_wconf 85' lang='lat' dir='ltr'><strong>mentem,</strong></span> <span class='ocrx_word' id='word_1_489' title='bbox 1425 5608 1755 5677; x_wconf 85' lang='lat' dir='ltr'><strong>respondere</strong></span> 
     </span>
    </p>
   </div>
   <div class='ocr_carea' id='block_1_59' title="bbox 175 5719 1750 5827">
    <p class='ocr_par' dir='ltr' id='par_1_59' title="bbox 175 5719 1750 5827">
     <span class='ocr_line' id='line_1_59' title="bbox 175 5719 1750 5827; baseline 0.017 -39"><span class='ocrx_word' id='word_1_490' title='bbox 175 5743 195 5775; x_wconf 72' lang='grc' dir='ltr'>ί</span> <span class='ocrx_word' id='word_1_491' title='bbox 239 5739 591 5827; x_wconf 35' lang='lat' dir='ltr'><strong>ﬁgmenta};</strong></span> <span class='ocrx_word' id='word_1_492' title='bbox 597 5719 886 5827; x_wconf 38' lang='lat'><strong>31393.6(</strong></span> <span class='ocrx_word' id='word_1_493' title='bbox 919 5756 1066 5803; x_wconf 83' lang='lat' dir='ltr'><strong>certe.</strong></span> <span class='ocrx_word' id='word_1_494' title='bbox 1106 5751 1353 5806; x_wconf 81' lang='lat' dir='ltr'><strong>nedundat</strong></span> <span class='ocrx_word' id='word_1_495' title='bbox 1389 5758 1649 5826; x_wconf 83' lang='lat' dir='ltr'><strong>particula,</strong></span> <span class='ocrx_word' id='word_1_496' title='bbox 1685 5769 1750 5827; x_wconf 78' lang='lat' dir='ltr'><strong>et,</strong></span> 
     </span>
    </p>
   </div>
   <div class='ocr_carea' id='block_1_60' title="bbox 104 5804 820 5870">
    <p class='ocr_par' dir='ltr' id='par_1_60' title="bbox 104 5804 820 5870">
     <span class='ocr_line' id='line_1_60' title="bbox 104 5804 820 5870; baseline 0.01 -18"><span class='ocrx_word' id='word_1_497' title='bbox 104 5816 211 5856; x_wconf 82' lang='lat' dir='ltr'><strong>nec</strong></span> <span class='ocrx_word' id='word_1_498' title='bbox 237 5813 332 5854; x_wconf 83' lang='lat' dir='ltr'><strong>est</strong></span> <span class='ocrx_word' id='word_1_499' title='bbox 346 5804 420 5854; x_wconf 65' lang='grc' dir='ltr'><strong>ιιι</strong></span> <span class='ocrx_word' id='word_1_500' title='bbox 463 5804 820 5870; x_wconf 70' lang='lat' dir='ltr'><strong>nauuscriptis.</strong></span> 
     </span>
    </p>
   </div>
   <div class='ocr_carea' id='block_1_61' title="bbox 1547 340 2101 411">
    <p class='ocr_par' dir='ltr' id='par_1_61' title="bbox 1547 340 2101 411">
     <span class='ocr_line' id='line_1_61' title="bbox 1547 340 2101 411; baseline -0.004 -10"><span class='ocrx_word' id='word_1_501' title='bbox 1547 345 1746 402; x_wconf 74' lang='lat' dir='ltr'><strong>LIBER</strong></span> <span class='ocrx_word' id='word_1_502' title='bbox 1783 340 2101 411; x_wconf 71' lang='lat' dir='ltr'><strong>Qi&#39;lNTL&#39;S.</strong></span> 
     </span>
    </p>
   </div>
   <div class='ocr_carea' id='block_1_62' title="bbox 3352 361 3491 419">
    <p class='ocr_par' dir='ltr' id='par_1_62' title="bbox 3352 361 3491 419">
     <span class='ocr_line' id='line_1_62' title="bbox 3352 361 3491 419; baseline 0 0"><span class='ocrx_word' id='word_1_503' title='bbox 3352 364 3377 419; x_wconf 75' lang='grc'>1</span> <span class='ocrx_word' id='word_1_504' title='bbox 3387 361 3491 419; x_wconf 74' lang='grc' dir='ltr'>ιτι</span> 
     </span>
    </p>
   </div>
   <div class='ocr_carea' id='block_1_63' title="bbox 1901 456 3484 538">
    <p class='ocr_par' dir='ltr' id='par_1_63' title="bbox 1901 456 3484 538">
     <span class='ocr_line' id='line_1_63' title="bbox 1901 456 3484 538; baseline 0.015 -30"><span class='ocrx_word' id='word_1_505' title='bbox 1901 456 2027 524; x_wconf 85' lang='lat' dir='ltr'><strong>quid</strong></span> <span class='ocrx_word' id='word_1_506' title='bbox 2073 471 2322 526; x_wconf 76' lang='lat' dir='ltr'><strong>pOSSt‘m;</strong></span> <span class='ocrx_word' id='word_1_507' title='bbox 2367 474 2488 516; x_wconf 84' lang='lat' dir='ltr'><strong>cum</strong></span> <span class='ocrx_word' id='word_1_508' title='bbox 2535 462 2634 517; x_wconf 91' lang='lat' dir='ltr'><strong>hoc</strong></span> <span class='ocrx_word' id='word_1_509' title='bbox 2660 478 2761 535; x_wconf 83' lang='lat' dir='ltr'><strong>ego</strong></span> <span class='ocrx_word' id='word_1_510' title='bbox 2808 465 2964 536; x_wconf 70' lang='lat' dir='ltr'><strong>longe</strong></span> <span class='ocrx_word' id='word_1_511' title='bbox 3007 476 3132 526; x_wconf 90' lang='lat' dir='ltr'><strong>ante</strong></span> <span class='ocrx_word' id='word_1_512' title='bbox 3176 470 3228 526; x_wconf 92' lang='lat' dir='ltr'><strong>in</strong></span> <span class='ocrx_word' id='word_1_513' title='bbox 3275 487 3364 538; x_wconf 90' lang='lat' dir='ltr'><strong>eo,</strong></span> <span class='ocrx_word' id='word_1_514' title='bbox 3396 478 3484 531; x_wconf 91' lang='lat' dir='ltr'><strong>cui</strong></span> 
     </span>
    </p>
   </div>
   <div class='ocr_carea' id='block_1_64' title="bbox 1901 546 3486 626">
    <p class='ocr_par' dir='ltr' id='par_1_64' title="bbox 1901 546 3486 626">
     <span class='ocr_line' id='line_1_64' title="bbox 1901 546 3486 626; baseline 0.014 -27"><span class='ocrx_word' id='word_1_515' title='bbox 1901 546 2209 610; x_wconf 88' lang='lat' dir='ltr'><strong>reluctaris,</strong></span> <span class='ocrx_word' id='word_1_516' title='bbox 2241 549 2377 606; x_wconf 90' lang='lat' dir='ltr'><strong>libro</strong></span> <span class='ocrx_word' id='word_1_517' title='bbox 2408 555 2699 621; x_wconf 84' lang='lat' dir='ltr'><strong>posuerim.</strong></span> <span class='ocrx_word' id='word_1_518' title='bbox 2745 557 2884 612; x_wconf 84' lang='lat' dir='ltr'><strong>Dicis</strong></span> <span class='ocrx_word' id='word_1_519' title='bbox 2909 561 3082 626; x_wconf 88' lang='lat' dir='ltr'><strong>enint,</strong></span> <span class='ocrx_word' id='word_1_520' title='bbox 3116 580 3136 614; x_wconf 79' lang='grc' dir='ltr'><strong>ι</strong></span> <span class='ocrx_word' id='word_1_521' title='bbox 3167 562 3371 620; x_wconf 81' lang='lat' dir='ltr'><strong>referre</strong></span> <span class='ocrx_word' id='word_1_522' title='bbox 3397 583 3486 622; x_wconf 90' lang='lat' dir='ltr'><strong>me</strong></span> 
     </span>
    </p>
   </div>
   <div class='ocr_carea' id='block_1_65' title="bbox 1900 645 3484 715">
    <p class='ocr_par' dir='ltr' id='par_1_65' title="bbox 1900 645 3484 715">
     <span class='ocr_line' id='line_1_65' title="bbox 1900 645 3484 715; baseline 0.014 -23"><span class='ocrx_word' id='word_1_523' title='bbox 1900 651 2077 708; x_wconf 87' lang='lat' dir='ltr'><strong>posse,</strong></span> <span class='ocrx_word' id='word_1_524' title='bbox 2123 656 2228 696; x_wconf 86' lang='lat' dir='ltr'><strong>non</strong></span> <span class='ocrx_word' id='word_1_525' title='bbox 2267 659 2355 700; x_wconf 85' lang='lat' dir='ltr'><strong>me</strong></span> <span class='ocrx_word' id='word_1_526' title='bbox 2396 645 2634 715; x_wconf 84' lang='lat' dir='ltr'><strong>dixisse,</strong></span> <span class='ocrx_word' id='word_1_527' title='bbox 2681 647 2806 704; x_wconf 86' lang='lat' dir='ltr'><strong>Ideo</strong></span> <span class='ocrx_word' id='word_1_528' title='bbox 2849 653 3043 708; x_wconf 91' lang='lat' dir='ltr'><strong>malum</strong></span> <span class='ocrx_word' id='word_1_529' title='bbox 3088 665 3264 711; x_wconf 89' lang='lat' dir='ltr'><strong>ortum</strong></span> <span class='ocrx_word' id='word_1_530' title='bbox 3310 668 3393 713; x_wconf 89' lang='lat' dir='ltr'><strong>est</strong></span> <span class='ocrx_word' id='word_1_531' title='bbox 3430 661 3484 714; x_wconf 91' lang='lat' dir='ltr'><strong>in</strong></span> 
     </span>
    </p>
   </div>
   <div class='ocr_carea' id='block_1_66' title="bbox 1898 733 3488 816">
    <p class='ocr_par' dir='ltr' id='par_1_66' title="bbox 1898 733 3488 816">
     <span class='ocr_line' id='line_1_66' title="bbox 1898 733 3488 816; baseline 0.016 -34"><span class='ocrx_word' id='word_1_532' title='bbox 1898 743 2062 799; x_wconf 89' lang='lat' dir='ltr'><strong>opere</strong></span> <span class='ocrx_word' id='word_1_533' title='bbox 2094 733 2215 798; x_wconf 87' lang='lat' dir='ltr'><strong>Dei,</strong></span> <span class='ocrx_word' id='word_1_534' title='bbox 2249 737 2499 804; x_wconf 89' lang='lat' dir='ltr'><strong>quoniam</strong></span> <span class='ocrx_word' id='word_1_535' title='bbox 2530 755 2599 794; x_wconf 87' lang='lat' dir='ltr'><strong>ex</strong></span> <span class='ocrx_word' id='word_1_536' title='bbox 2632 742 2798 797; x_wconf 89' lang='lat' dir='ltr'><strong>nihilo</strong></span> <span class='ocrx_word' id='word_1_537' title='bbox 2824 743 3018 799; x_wconf 82' lang='lat' dir='ltr'><strong>factum</strong></span> <span class='ocrx_word' id='word_1_538' title='bbox 3047 757 3164 813; x_wconf 89' lang='lat' dir='ltr'><strong>est;</strong></span> <span class='ocrx_word' id='word_1_539' title='bbox 3207 751 3325 816; x_wconf 90' lang='lat' dir='ltr'><strong>sed,</strong></span> <span class='ocrx_word' id='word_1_540' title='bbox 3362 751 3488 808; x_wconf 91' lang='lat' dir='ltr'><strong>Ideo</strong></span> 
     </span>
    </p>
   </div>
   <div class='ocr_carea' id='block_1_67' title="bbox 1899 823 3485 912">
    <p class='ocr_par' dir='ltr' id='par_1_67' title="bbox 1899 823 3485 912">
     <span class='ocr_line' id='line_1_67' title="bbox 1899 823 3485 912; baseline 0.016 -38"><span class='ocrx_word' id='word_1_541' title='bbox 1899 823 2071 890; x_wconf 90' lang='lat' dir='ltr'><strong>potuit</strong></span> <span class='ocrx_word' id='word_1_542' title='bbox 2099 825 2319 894; x_wconf 82' lang='lat' dir='ltr'><strong>aboriri,</strong></span> <span class='ocrx_word' id='word_1_543' title='bbox 2351 829 2472 898; x_wconf 85' lang='lat' dir='ltr'><strong>quia</strong></span> <span class='ocrx_word' id='word_1_544' title='bbox 2500 846 2564 886; x_wconf 91' lang='lat' dir='ltr'><strong>ex</strong></span> <span class='ocrx_word' id='word_1_545' title='bbox 2593 832 2760 887; x_wconf 79' lang='lat' dir='ltr'><strong>nihi&#39;o</strong></span> <span class='ocrx_word' id='word_1_546' title='bbox 2791 834 2984 891; x_wconf 84' lang='lat' dir='ltr'><strong>factum</strong></span> <span class='ocrx_word' id='word_1_547' title='bbox 3013 848 3114 893; x_wconf 88' lang='lat' dir='ltr'><strong>est.</strong></span> <span class='ocrx_word' id='word_1_548' title='bbox 3147 858 3166 891; x_wconf 78' lang='grc' dir='ltr'><strong>ι</strong></span> <span class='ocrx_word' id='word_1_549' title='bbox 3199 840 3311 896; x_wconf 80' lang='lat' dir='ltr'><strong>Hoc</strong></span> <span class='ocrx_word' id='word_1_550' title='bbox 3339 859 3485 912; x_wconf 62' lang='lat' dir='ltr'><strong>prore</strong></span> 
     </span>
    </p>
   </div>
   <div class='ocr_carea' id='block_1_68' title="bbox 1899 913 3490 997">
    <p class='ocr_par' dir='ltr' id='par_1_68' title="bbox 1899 913 3490 997">
     <span class='ocr_line' id='line_1_68' title="bbox 1899 913 3490 997; baseline 0.015 -32"><span class='ocrx_word' id='word_1_551' title='bbox 1899 923 1990 966; x_wconf 87' lang='lat' dir='ltr'><strong>sus</strong></span> <span class='ocrx_word' id='word_1_552' title='bbox 2010 913 2124 968; x_wconf 87' lang='lat' dir='ltr'><strong>dixi</strong></span> <span class='ocrx_word' id='word_1_553' title='bbox 2145 957 2160 980; x_wconf 91' lang='lat'><strong>,</strong></span> <span class='ocrx_word' id='word_1_554' title='bbox 2193 915 2318 972; x_wconf 87' lang='lat' dir='ltr'><strong>ldco</strong></span> <span class='ocrx_word' id='word_1_555' title='bbox 2347 920 2518 988; x_wconf 89' lang='lat' dir='ltr'><strong>potuit</strong></span> <span class='ocrx_word' id='word_1_556' title='bbox 2557 923 2757 997; x_wconf 82' lang='lat' dir='ltr'><strong>oboriri</strong></span> <span class='ocrx_word' id='word_1_557' title='bbox 2787 925 2902 980; x_wconf 83' lang='lat' dir='ltr'><strong>dixi</strong></span> <span class='ocrx_word' id='word_1_558' title='bbox 2928 968 2943 994; x_wconf 90' lang='lat'><strong>,</strong></span> <span class='ocrx_word' id='word_1_559' title='bbox 2977 943 3081 983; x_wconf 90' lang='lat' dir='ltr'><strong>non</strong></span> <span class='ocrx_word' id='word_1_560' title='bbox 3112 929 3230 986; x_wconf 90' lang='lat' dir='ltr'><strong>ideo</strong></span> <span class='ocrx_word' id='word_1_561' title='bbox 3259 932 3368 987; x_wconf 84' lang='lat' dir='ltr'><strong>dixi</strong></span> <span class='ocrx_word' id='word_1_562' title='bbox 3395 951 3490 989; x_wconf 89' lang='lat' dir='ltr'><strong>or-</strong></span> 
     </span>
    </p>
   </div>
   <div class='ocr_carea' id='block_1_69' title="bbox 1901 1009 3490 1092">
    <p class='ocr_par' dir='ltr' id='par_1_69' title="bbox 1901 1009 3490 1092">
     <span class='ocr_line' id='line_1_69' title="bbox 1901 1009 3490 1092; baseline 0.018 -37"><span class='ocrx_word' id='word_1_563' title='bbox 1901 1013 2012 1057; x_wconf 89' lang='lat' dir='ltr'><strong>tum</strong></span> <span class='ocrx_word' id='word_1_564' title='bbox 2056 1023 2070 1058; x_wconf 90' lang='lat'><strong>:</strong></span> <span class='ocrx_word' id='word_1_565' title='bbox 2117 1009 2517 1076; x_wconf 86' lang='lat' dir='ltr'><strong>possibilitatem</strong></span> <span class='ocrx_word' id='word_1_566' title='bbox 2565 1014 2698 1070; x_wconf 88' lang='lat' dir='ltr'><strong>mali</strong></span> <span class='ocrx_word' id='word_1_567' title='bbox 2735 1016 2752 1048; x_wconf 84' lang='grc'>¹</span> <span class='ocrx_word' id='word_1_568' title='bbox 2793 1016 2914 1073; x_wconf 88' lang='lat' dir='ltr'><strong>dedi</strong></span> <span class='ocrx_word' id='word_1_569' title='bbox 2967 1021 3088 1076; x_wconf 92' lang='lat' dir='ltr'><strong>huic</strong></span> <span class='ocrx_word' id='word_1_570' title='bbox 3139 1038 3334 1092; x_wconf 76' lang='lat' dir='ltr'><strong>causze,</strong></span> <span class='ocrx_word' id='word_1_571' title='bbox 3381 1043 3490 1084; x_wconf 91' lang='lat' dir='ltr'><strong>non</strong></span> 
     </span>
    </p>
   </div>
   <div class='ocr_carea' id='block_1_70' title="bbox 1900 1100 3489 1188">
    <p class='ocr_par' dir='ltr' id='par_1_70' title="bbox 1900 1100 3489 1188">
     <span class='ocr_line' id='line_1_70' title="bbox 1900 1100 3489 1188; baseline 0.016 -38"><span class='ocrx_word' id='word_1_572' title='bbox 1900 1100 2292 1157; x_wconf 82' lang='lat' dir='ltr'><strong>necessitatem.</strong></span> <span class='ocrx_word' id='word_1_573' title='bbox 2318 1103 2614 1162; x_wconf 82' lang='lat' dir='ltr'><strong>Rationalis</strong></span> <span class='ocrx_word' id='word_1_574' title='bbox 2635 1110 2830 1181; x_wconf 88' lang='lat' dir='ltr'><strong>quippe</strong></span> <span class='ocrx_word' id='word_1_575' title='bbox 2850 1124 3091 1168; x_wconf 86' lang='lat' dir='ltr'><strong>creatura</strong></span> <span class='ocrx_word' id='word_1_576' title='bbox 3115 1131 3235 1172; x_wconf 88' lang='lat' dir='ltr'><strong>cum</strong></span> <span class='ocrx_word' id='word_1_577' title='bbox 3261 1120 3489 1188; x_wconf 87' lang='lat' dir='ltr'><strong>prinnnn</strong></span> 
     </span>
    </p>
   </div>
   <div class='ocr_carea' id='block_1_71' title="bbox 1898 1188 3489 1276">
    <p class='ocr_par' dir='ltr' id='par_1_71' title="bbox 1898 1188 3489 1276">
     <span class='ocr_line' id='line_1_71' title="bbox 1898 1188 3489 1276; baseline 0.016 -34"><span class='ocrx_word' id='word_1_578' title='bbox 1898 1188 2033 1244; x_wconf 75' lang='lat' dir='ltr'><strong>facta</strong></span> <span class='ocrx_word' id='word_1_579' title='bbox 2076 1201 2179 1259; x_wconf 90' lang='grc' dir='ltr'>εει,</span> <span class='ocrx_word' id='word_1_580' title='bbox 2225 1193 2296 1249; x_wconf 89' lang='lat' dir='ltr'><strong>ita</strong></span> <span class='ocrx_word' id='word_1_581' title='bbox 2344 1197 2475 1251; x_wconf 81' lang='lat' dir='ltr'><strong>facta</strong></span> <span class='ocrx_word' id='word_1_582' title='bbox 2506 1209 2609 1265; x_wconf 91' lang='lat' dir='ltr'><strong>est,</strong></span> <span class='ocrx_word' id='word_1_583' title='bbox 2656 1210 2714 1254; x_wconf 93' lang='grc' dir='ltr'><strong>ιιι</strong></span> <span class='ocrx_word' id='word_1_584' title='bbox 2755 1204 2804 1257; x_wconf 89' lang='lat' dir='ltr'><strong>si</strong></span> <span class='ocrx_word' id='word_1_585' title='bbox 2846 1219 3067 1273; x_wconf 85' lang='lat' dir='ltr'><strong>peccare</strong></span> <span class='ocrx_word' id='word_1_586' title='bbox 3109 1207 3295 1276; x_wconf 86' lang='lat' dir='ltr'><strong>nollet,</strong></span> <span class='ocrx_word' id='word_1_587' title='bbox 3347 1213 3489 1268; x_wconf 92' lang='lat' dir='ltr'><strong>nulla</strong></span> 
     </span>
    </p>
   </div>
   <div class='ocr_carea' id='block_1_72' title="bbox 1899 1282 3487 1372">
    <p class='ocr_par' dir='ltr' id='par_1_72' title="bbox 1899 1282 3487 1372">
     <span class='ocr_line' id='line_1_72' title="bbox 1899 1282 3487 1372; baseline 0.016 -39"><span class='ocrx_word' id='word_1_588' title='bbox 1899 1282 2218 1339; x_wconf 82' lang='lat' dir='ltr'><strong>necessitate</strong></span> <span class='ocrx_word' id='word_1_589' title='bbox 2246 1297 2522 1358; x_wconf 86' lang='lat' dir='ltr'><strong>urgeretur</strong></span> <span class='ocrx_word' id='word_1_590' title='bbox 2550 1299 2608 1346; x_wconf 92' lang='lat' dir='ltr'><strong>ut</strong></span> <span class='ocrx_word' id='word_1_591' title='bbox 2633 1292 2812 1361; x_wconf 89' lang='lat' dir='ltr'><strong>vellet,</strong></span> <span class='ocrx_word' id='word_1_592' title='bbox 2838 1305 2930 1351; x_wconf 89' lang='lat' dir='ltr'><strong>aut</strong></span> <span class='ocrx_word' id='word_1_593' title='bbox 2958 1299 3118 1354; x_wconf 87' lang='lat' dir='ltr'><strong>etiam</strong></span> <span class='ocrx_word' id='word_1_594' title='bbox 3145 1315 3250 1356; x_wconf 91' lang='lat' dir='ltr'><strong>non</strong></span> <span class='ocrx_word' id='word_1_595' title='bbox 3279 1304 3487 1372; x_wconf 88' lang='lat' dir='ltr'><strong>volens,</strong></span> 
     </span>
    </p>
   </div>
   <div class='ocr_carea' id='block_1_73' title="bbox 1898 1370 3491 1459">
    <p class='ocr_par' dir='ltr' id='par_1_73' title="bbox 1898 1370 3491 1459">
     <span class='ocr_line' id='line_1_73' title="bbox 1898 1370 3491 1459; baseline 0.018 -35"><span class='ocrx_word' id='word_1_596' title='bbox 1898 1370 1952 1424; x_wconf 92' lang='lat' dir='ltr'><strong>id</strong></span> <span class='ocrx_word' id='word_1_597' title='bbox 1993 1383 2096 1439; x_wconf 89' lang='lat' dir='ltr'><strong>est,</strong></span> <span class='ocrx_word' id='word_1_598' title='bbox 2143 1375 2304 1433; x_wconf 83' lang='lat' dir='ltr'><strong>invita</strong></span> <span class='ocrx_word' id='word_1_599' title='bbox 2353 1393 2618 1449; x_wconf 88' lang='lat' dir='ltr'><strong>peccaret,</strong></span> <span class='ocrx_word' id='word_1_600' title='bbox 2665 1395 2720 1440; x_wconf 92' lang='lat' dir='ltr'><strong>et</strong></span> <span class='ocrx_word' id='word_1_601' title='bbox 2763 1403 2868 1442; x_wconf 90' lang='lat' dir='ltr'><strong>non</strong></span> <span class='ocrx_word' id='word_1_602' title='bbox 2917 1390 3057 1459; x_wconf 90' lang='lat' dir='ltr'><strong>quod</strong></span> <span class='ocrx_word' id='word_1_603' title='bbox 3088 1393 3246 1448; x_wconf 87' lang='lat' dir='ltr'><strong>vellet</strong></span> <span class='ocrx_word' id='word_1_604' title='bbox 3287 1393 3491 1452; x_wconf 77' lang='lat' dir='ltr'><strong>faceret</strong></span> 
     </span>
    </p>
   </div>
   <div class='ocr_carea' id='block_1_74' title="bbox 1899 1459 3487 1556">
    <p class='ocr_par' dir='ltr' id='par_1_74' title="bbox 1899 1459 3487 1556">
     <span class='ocr_line' id='line_1_74' title="bbox 1899 1459 3487 1556; baseline 0.018 -43"><span class='ocrx_word' id='word_1_605' title='bbox 1899 1459 2118 1526; x_wconf 83' lang='lat' dir='ltr'><strong>bonum,</strong></span> <span class='ocrx_word' id='word_1_606' title='bbox 2147 1466 2240 1520; x_wconf 86' lang='lat' dir='ltr'><strong>sed</strong></span> <span class='ocrx_word' id='word_1_607' title='bbox 2273 1469 2468 1524; x_wconf 89' lang='lat' dir='ltr'><strong>malmn</strong></span> <span class='ocrx_word' id='word_1_608' title='bbox 2495 1474 2635 1542; x_wconf 86' lang='lat' dir='ltr'><strong>quod</strong></span> <span class='ocrx_word' id='word_1_609' title='bbox 2669 1477 2853 1541; x_wconf 85' lang='lat' dir='ltr'><strong>nollet,</strong></span> <span class='ocrx_word' id='word_1_610' title='bbox 2887 1479 2988 1535; x_wconf 89' lang='lat' dir='ltr'><strong>hoc</strong></span> <span class='ocrx_word' id='word_1_611' title='bbox 3014 1491 3195 1551; x_wconf 87' lang='lat' dir='ltr'><strong>ageret</strong></span> <span class='ocrx_word' id='word_1_612' title='bbox 3221 1499 3236 1514; x_wconf 80' lang='grc' dir='ltr'><strong><em>ο</em></strong></span> <span class='ocrx_word' id='word_1_613' title='bbox 3267 1483 3353 1539; x_wconf 90' lang='lat' dir='ltr'><strong>ubi</strong></span> <span class='ocrx_word' id='word_1_614' title='bbox 3373 1485 3487 1556; x_wconf 88' lang='lat' dir='ltr'><strong>jam</strong></span> 
     </span>
    </p>
   </div>
   <div class='ocr_carea' id='block_1_75' title="bbox 1900 1561 3487 1642">
    <p class='ocr_par' dir='ltr' id='par_1_75' title="bbox 1900 1561 3487 1642">
     <span class='ocr_line' id='line_1_75' title="bbox 1900 1561 3487 1642; baseline 0.017 -36"><span class='ocrx_word' id='word_1_615' title='bbox 1900 1568 2004 1607; x_wconf 91' lang='lat' dir='ltr'><strong>non</strong></span> <span class='ocrx_word' id='word_1_616' title='bbox 2035 1566 2309 1624; x_wconf 84' lang='lat' dir='ltr'><strong>peccatum</strong></span> <span class='ocrx_word' id='word_1_617' title='bbox 2348 1561 2477 1615; x_wconf 94' lang='lat' dir='ltr'><strong>illud</strong></span> <span class='ocrx_word' id='word_1_618' title='bbox 2515 1564 2665 1642; x_wconf 90' lang='lat' dir='ltr'><strong>quod</strong></span> <span class='ocrx_word' id='word_1_619' title='bbox 2685 1567 3000 1638; x_wconf 82' lang='lat' dir='ltr'><strong>simpliciter</strong></span> <span class='ocrx_word' id='word_1_620' title='bbox 3038 1582 3313 1642; x_wconf 91' lang='lat' dir='ltr'><strong>peccatum</strong></span> <span class='ocrx_word' id='word_1_621' title='bbox 3350 1577 3487 1632; x_wconf 87' lang='lat' dir='ltr'><strong>dici-</strong></span> 
     </span>
    </p>
   </div>
   <div class='ocr_carea' id='block_1_76' title="bbox 1900 1639 3489 1727">
    <p class='ocr_par' dir='ltr' id='par_1_76' title="bbox 1900 1639 3489 1727">
     <span class='ocr_line' id='line_1_76' title="bbox 1900 1639 3489 1727; baseline 0.018 -29"><span class='ocrx_word' id='word_1_622' title='bbox 1900 1654 2004 1713; x_wconf 91' lang='lat' dir='ltr'><strong>tur,</strong></span> <span class='ocrx_word' id='word_1_623' title='bbox 2045 1649 2139 1703; x_wconf 90' lang='lat' dir='ltr'><strong>sed</strong></span> <span class='ocrx_word' id='word_1_624' title='bbox 2171 1651 2331 1707; x_wconf 87' lang='lat' dir='ltr'><strong>etiam</strong></span> <span class='ocrx_word' id='word_1_625' title='bbox 2362 1670 2516 1723; x_wconf 72' lang='lat' dir='ltr'><strong>pmna</strong></span> <span class='ocrx_word' id='word_1_626' title='bbox 2549 1639 2748 1727; x_wconf 79' lang='lat' dir='ltr'><strong>peccati</strong></span> <span class='ocrx_word' id='word_1_627' title='bbox 2779 1672 2880 1717; x_wconf 89' lang='lat' dir='ltr'><strong>est.</strong></span> <span class='ocrx_word' id='word_1_628' title='bbox 2929 1639 3304 1722; x_wconf 81' lang='lat' dir='ltr'><strong>Verumtamen</strong></span> <span class='ocrx_word' id='word_1_629' title='bbox 3347 1672 3489 1727; x_wconf 85' lang='lat' dir='ltr'><strong>male</strong></span> 
     </span>
    </p>
   </div>
   <div class='ocr_carea' id='block_1_77' title="bbox 1897 1738 3485 1830">
    <p class='ocr_par' dir='ltr' id='par_1_77' title="bbox 1897 1738 3485 1830">
     <span class='ocr_line' id='line_1_77' title="bbox 1897 1738 3485 1830; baseline 0.018 -40"><span class='ocrx_word' id='word_1_630' title='bbox 1897 1738 2096 1809; x_wconf 86' lang='lat' dir='ltr'><strong>aliquid</strong></span> <span class='ocrx_word' id='word_1_631' title='bbox 2125 1742 2296 1809; x_wconf 87' lang='lat' dir='ltr'><strong>velle,</strong></span> <span class='ocrx_word' id='word_1_632' title='bbox 2340 1746 2588 1804; x_wconf 75' lang='lat' dir='ltr'><strong>vcl&#39;mali</strong></span> <span class='ocrx_word' id='word_1_633' title='bbox 2627 1751 2824 1824; x_wconf 89' lang='lat' dir='ltr'><strong>aliquid</strong></span> <span class='ocrx_word' id='word_1_634' title='bbox 2855 1755 3014 1810; x_wconf 92' lang='lat' dir='ltr'><strong>etiam</strong></span> <span class='ocrx_word' id='word_1_635' title='bbox 3058 1758 3246 1815; x_wconf 89' lang='lat' dir='ltr'><strong>nolens</strong></span> <span class='ocrx_word' id='word_1_636' title='bbox 3287 1761 3485 1830; x_wconf 80' lang='lat' dir='ltr'><strong>facere,</strong></span> 
     </span>
    </p>
   </div>
   <div class='ocr_carea' id='block_1_78' title="bbox 1897 1832 3483 1924">
    <p class='ocr_par' dir='ltr' id='par_1_78' title="bbox 1897 1832 3483 1924">
     <span class='ocr_line' id='line_1_78' title="bbox 1897 1832 3483 1924; baseline 0.018 -41"><span class='ocrx_word' id='word_1_637' title='bbox 1897 1832 2119 1888; x_wconf 91' lang='lat' dir='ltr'><strong>omnino</strong></span> <span class='ocrx_word' id='word_1_638' title='bbox 2148 1850 2252 1890; x_wconf 91' lang='lat' dir='ltr'><strong>non</strong></span> <span class='ocrx_word' id='word_1_639' title='bbox 2280 1848 2486 1907; x_wconf 90' lang='lat' dir='ltr'><strong>posset,</strong></span> <span class='ocrx_word' id='word_1_640' title='bbox 2517 1843 2615 1898; x_wconf 88' lang='lat' dir='ltr'><strong>nisi</strong></span> <span class='ocrx_word' id='word_1_641' title='bbox 2639 1843 2708 1901; x_wconf 92' lang='lat' dir='ltr'><strong>de</strong></span> <span class='ocrx_word' id='word_1_642' title='bbox 2730 1847 2900 1902; x_wconf 89' lang='lat' dir='ltr'><strong>nihilo</strong></span> <span class='ocrx_word' id='word_1_643' title='bbox 2928 1847 3065 1905; x_wconf 81' lang='lat' dir='ltr'><strong>facta</strong></span> <span class='ocrx_word' id='word_1_644' title='bbox 3095 1863 3268 1920; x_wconf 89' lang='lat' dir='ltr'><strong>esset,</strong></span> <span class='ocrx_word' id='word_1_645' title='bbox 3303 1855 3352 1910; x_wconf 91' lang='lat' dir='ltr'><strong>id</strong></span> <span class='ocrx_word' id='word_1_646' title='bbox 3379 1867 3483 1924; x_wconf 86' lang='lat' dir='ltr'><strong>est,</strong></span> 
     </span>
    </p>
   </div>
   <div class='ocr_carea' id='block_1_79' title="bbox 1897 1923 3484 2005">
    <p class='ocr_par' dir='ltr' id='par_1_79' title="bbox 1897 1923 3484 2005">
     <span class='ocr_line' id='line_1_79' title="bbox 1897 1923 3484 2005; baseline 0.018 -28"><span class='ocrx_word' id='word_1_647' title='bbox 1897 1923 1943 1977; x_wconf 92' lang='lat' dir='ltr'><strong>si</strong></span> <span class='ocrx_word' id='word_1_648' title='bbox 1973 1925 2063 1980; x_wconf 92' lang='lat' dir='ltr'><strong>Dei</strong></span> <span class='ocrx_word' id='word_1_649' title='bbox 2111 1937 2298 1985; x_wconf 90' lang='lat' dir='ltr'><strong>natura</strong></span> <span class='ocrx_word' id='word_1_650' title='bbox 2326 1942 2486 1988; x_wconf 88' lang='lat' dir='ltr'><strong>esset.</strong></span> <span class='ocrx_word' id='word_1_651' title='bbox 2535 1934 2658 1990; x_wconf 90' lang='lat' dir='ltr'><strong>Sola</strong></span> <span class='ocrx_word' id='word_1_652' title='bbox 2697 1938 2840 1993; x_wconf 89' lang='lat' dir='ltr'><strong>enim</strong></span> <span class='ocrx_word' id='word_1_653' title='bbox 2867 1939 2963 1996; x_wconf 87' lang='lat' dir='ltr'><strong>Dei</strong></span> <span class='ocrx_word' id='word_1_654' title='bbox 3003 1954 3187 1998; x_wconf 89' lang='lat' dir='ltr'><strong>natura</strong></span> <span class='ocrx_word' id='word_1_655' title='bbox 3219 1945 3288 2001; x_wconf 93' lang='lat' dir='ltr'><strong>de</strong></span> <span class='ocrx_word' id='word_1_656' title='bbox 3315 1948 3484 2005; x_wconf 88' lang='lat' dir='ltr'><strong>nihilo</strong></span> 
     </span>
    </p>
   </div>
   <div class='ocr_carea' id='block_1_80' title="bbox 1894 2013 3486 2110">
    <p class='ocr_par' dir='ltr' id='par_1_80' title="bbox 1894 2013 3486 2110">
     <span class='ocr_line' id='line_1_80' title="bbox 1894 2013 3486 2110; baseline 0.018 -42"><span class='ocrx_word' id='word_1_657' title='bbox 1894 2013 2035 2071; x_wconf 81' lang='lat' dir='ltr'><strong>facta</strong></span> <span class='ocrx_word' id='word_1_658' title='bbox 2067 2033 2170 2073; x_wconf 91' lang='lat' dir='ltr'><strong>non</strong></span> <span class='ocrx_word' id='word_1_659' title='bbox 2199 2032 2303 2087; x_wconf 89' lang='lat' dir='ltr'><strong>est,</strong></span> <span class='ocrx_word' id='word_1_660' title='bbox 2335 2023 2455 2093; x_wconf 88' lang='lat' dir='ltr'><strong>quia</strong></span> <span class='ocrx_word' id='word_1_661' title='bbox 2481 2041 2581 2082; x_wconf 90' lang='lat' dir='ltr'><strong>nec</strong></span> <span class='ocrx_word' id='word_1_662' title='bbox 2606 2027 2740 2083; x_wconf 80' lang='lat' dir='ltr'><strong>facta</strong></span> <span class='ocrx_word' id='word_1_663' title='bbox 2772 2042 2889 2092; x_wconf 86' lang='lat' dir='ltr'><strong>est;</strong></span> <span class='ocrx_word' id='word_1_664' title='bbox 2931 2041 2987 2088; x_wconf 90' lang='lat' dir='ltr'><strong>ct</strong></span> <span class='ocrx_word' id='word_1_665' title='bbox 3007 2033 3126 2090; x_wconf 83' lang='lat' dir='ltr'><strong>ideo</strong></span> <span class='ocrx_word' id='word_1_666' title='bbox 3155 2037 3300 2092; x_wconf 89' lang='lat' dir='ltr'><strong>nullo</strong></span> <span class='ocrx_word' id='word_1_667' title='bbox 3329 2055 3486 2110; x_wconf 82' lang='lat' dir='ltr'><strong>pror-</strong></span> 
     </span>
    </p>
   </div>
   <div class='ocr_carea' id='block_1_81' title="bbox 1893 2111 3483 2197">
    <p class='ocr_par' dir='ltr' id='par_1_81' title="bbox 1893 2111 3483 2197">
     <span class='ocr_line' id='line_1_81' title="bbox 1893 2111 3483 2197; baseline 0.016 -36"><span class='ocrx_word' id='word_1_668' title='bbox 1893 2121 1988 2164; x_wconf 88' lang='lat' dir='ltr'><strong>sus</strong></span> <span class='ocrx_word' id='word_1_669' title='bbox 2027 2111 2185 2166; x_wconf 84' lang='lat' dir='ltr'><strong>modo</strong></span> <span class='ocrx_word' id='word_1_670' title='bbox 2228 2117 2420 2171; x_wconf 89' lang='lat' dir='ltr'><strong>mutari</strong></span> <span class='ocrx_word' id='word_1_671' title='bbox 2473 2129 2668 2188; x_wconf 88' lang='lat' dir='ltr'><strong>potest.</strong></span> <span class='ocrx_word' id='word_1_672' title='bbox 2717 2122 2867 2190; x_wconf 86' lang='lat' dir='ltr'><strong>Quod</strong></span> <span class='ocrx_word' id='word_1_673' title='bbox 2913 2138 3034 2181; x_wconf 91' lang='lat' dir='ltr'><strong>cum</strong></span> <span class='ocrx_word' id='word_1_674' title='bbox 3082 2128 3329 2197; x_wconf 85' lang='lat' dir='ltr'><strong>dicimus,</strong></span> <span class='ocrx_word' id='word_1_675' title='bbox 3376 2147 3483 2187; x_wconf 92' lang='lat' dir='ltr'><strong>non</strong></span> 
     </span>
    </p>
   </div>
   <div class='ocr_carea' id='block_1_82' title="bbox 1892 2199 3481 2294">
    <p class='ocr_par' dir='ltr' id='par_1_82' title="bbox 1892 2199 3481 2294">
     <span class='ocr_line' id='line_1_82' title="bbox 1892 2199 3481 2294; baseline 0.018 -42"><span class='ocrx_word' id='word_1_676' title='bbox 1892 2199 2034 2254; x_wconf 86' lang='lat' dir='ltr'><strong>vires</strong></span> <span class='ocrx_word' id='word_1_677' title='bbox 2065 2203 2231 2259; x_wconf 90' lang='lat' dir='ltr'><strong>nihilo</strong></span> <span class='ocrx_word' id='word_1_678' title='bbox 2260 2205 2477 2278; x_wconf 90' lang='lat' dir='ltr'><strong>damus,</strong></span> <span class='ocrx_word' id='word_1_679' title='bbox 2506 2213 2657 2281; x_wconf 86' lang='lat' dir='ltr'><strong>quasi</strong></span> <span class='ocrx_word' id='word_1_680' title='bbox 2687 2218 2920 2284; x_wconf 91' lang='lat' dir='ltr'><strong>potuerit</strong></span> <span class='ocrx_word' id='word_1_681' title='bbox 2948 2217 3122 2275; x_wconf 80' lang='lat' dir='ltr'><strong>facere</strong></span> <span class='ocrx_word' id='word_1_682' title='bbox 3145 2222 3365 2294; x_wconf 90' lang='lat' dir='ltr'><strong>aliquid,</strong></span> <span class='ocrx_word' id='word_1_683' title='bbox 3395 2225 3481 2281; x_wconf 91' lang='lat' dir='ltr'><strong>vel</strong></span> 
     </span>
    </p>
   </div>
   <div class='ocr_carea' id='block_1_83' title="bbox 1893 2290 3481 2375">
    <p class='ocr_par' dir='ltr' id='par_1_83' title="bbox 1893 2290 3481 2375">
     <span class='ocr_line' id='line_1_83' title="bbox 1893 2290 3481 2375; baseline 0.02 -31"><span class='ocrx_word' id='word_1_684' title='bbox 1893 2290 2075 2348; x_wconf 81' lang='lat' dir='ltr'><strong>fecerit</strong></span> <span class='ocrx_word' id='word_1_685' title='bbox 2103 2297 2334 2367; x_wconf 88' lang='lat' dir='ltr'><strong>aliquid,</strong></span> <span class='ocrx_word' id='word_1_686' title='bbox 2363 2315 2484 2356; x_wconf 91' lang='lat' dir='ltr'><strong>cum</strong></span> <span class='ocrx_word' id='word_1_687' title='bbox 2521 2304 2592 2360; x_wconf 89' lang='lat' dir='ltr'><strong>sit</strong></span> <span class='ocrx_word' id='word_1_688' title='bbox 2633 2305 2764 2361; x_wconf 90' lang='lat' dir='ltr'><strong>nihil</strong></span> <span class='ocrx_word' id='word_1_689' title='bbox 2795 2325 2808 2361; x_wconf 93' lang='lat'><strong>:</strong></span> <span class='ocrx_word' id='word_1_690' title='bbox 2843 2309 2937 2365; x_wconf 90' lang='lat' dir='ltr'><strong>sed</strong></span> <span class='ocrx_word' id='word_1_691' title='bbox 2973 2290 3343 2374; x_wconf 32' lang='lat' dir='ltr'><strong>naturam‘Dci</strong></span> <span class='ocrx_word' id='word_1_692' title='bbox 3373 2335 3481 2375; x_wconf 90' lang='lat' dir='ltr'><strong>non</strong></span> 
     </span>
    </p>
   </div>
   <div class='ocr_carea' id='block_1_84' title="bbox 1890 2385 3481 2473">
    <p class='ocr_par' dir='ltr' id='par_1_84' title="bbox 1890 2385 3481 2473">
     <span class='ocr_line' id='line_1_84' title="bbox 1890 2385 3481 2473; baseline 0.019 -38"><span class='ocrx_word' id='word_1_693' title='bbox 1890 2395 2012 2438; x_wconf 90' lang='lat' dir='ltr'><strong>esse</strong></span> <span class='ocrx_word' id='word_1_694' title='bbox 2039 2385 2294 2454; x_wconf 87' lang='lat' dir='ltr'><strong>dicimus,</strong></span> <span class='ocrx_word' id='word_1_695' title='bbox 2319 2406 2438 2460; x_wconf 80' lang='lat' dir='ltr'><strong>qua:</strong></span> <span class='ocrx_word' id='word_1_696' title='bbox 2467 2407 2690 2462; x_wconf 87' lang='lat' dir='ltr'><strong>peccare</strong></span> <span class='ocrx_word' id='word_1_697' title='bbox 2720 2400 2909 2468; x_wconf 88' lang='lat' dir='ltr'><strong>potuit.</strong></span> <span class='ocrx_word' id='word_1_698' title='bbox 2937 2401 3188 2473; x_wconf 89' lang='lat' dir='ltr'><strong>Sequitur</strong></span> <span class='ocrx_word' id='word_1_699' title='bbox 3211 2417 3389 2465; x_wconf 82' lang='lat' dir='ltr'><strong>autem</strong></span> <span class='ocrx_word' id='word_1_700' title='bbox 3422 2422 3481 2467; x_wconf 92' lang='lat' dir='ltr'><strong>ut</strong></span> 
     </span>
    </p>
   </div>
   <div class='ocr_carea' id='block_1_85' title="bbox 1891 2483 3482 2575">
    <p class='ocr_par' dir='ltr' id='par_1_85' title="bbox 1891 2483 3482 2575">
     <span class='ocr_line' id='line_1_85' title="bbox 1891 2483 3482 2575; baseline 0.019 -44"><span class='ocrx_word' id='word_1_701' title='bbox 1891 2487 2078 2533; x_wconf 91' lang='lat' dir='ltr'><strong>natura</strong></span> <span class='ocrx_word' id='word_1_702' title='bbox 2121 2495 2241 2549; x_wconf 74' lang='lat' dir='ltr'><strong>qua:</strong></span> <span class='ocrx_word' id='word_1_703' title='bbox 2287 2483 2380 2540; x_wconf 89' lang='lat' dir='ltr'><strong>Dei</strong></span> <span class='ocrx_word' id='word_1_704' title='bbox 2425 2497 2611 2544; x_wconf 88' lang='lat' dir='ltr'><strong>natura</strong></span> <span class='ocrx_word' id='word_1_705' title='bbox 2658 2505 2764 2546; x_wconf 94' lang='lat' dir='ltr'><strong>non</strong></span> <span class='ocrx_word' id='word_1_706' title='bbox 2813 2503 2935 2560; x_wconf 90' lang='lat' dir='ltr'><strong>est,</strong></span> <span class='ocrx_word' id='word_1_707' title='bbox 2983 2495 3121 2552; x_wconf 77' lang='lat' dir='ltr'><strong>facta</strong></span> <span class='ocrx_word' id='word_1_708' title='bbox 3153 2500 3259 2566; x_wconf 89' lang='lat' dir='ltr'><strong>sit;</strong></span> <span class='ocrx_word' id='word_1_709' title='bbox 3309 2519 3482 2575; x_wconf 87' lang='lat' dir='ltr'><strong>neque</strong></span> 
     </span>
    </p>
   </div>
   <div class='ocr_carea' id='block_1_86' title="bbox 1889 2571 3484 2660">
    <p class='ocr_par' dir='ltr' id='par_1_86' title="bbox 1889 2571 3484 2660">
     <span class='ocr_line' id='line_1_86' title="bbox 1889 2571 3484 2660; baseline 0.018 -35"><span class='ocrx_word' id='word_1_710' title='bbox 1889 2571 2032 2625; x_wconf 88' lang='lat' dir='ltr'><strong>enim</strong></span> <span class='ocrx_word' id='word_1_711' title='bbox 2059 2572 2170 2628; x_wconf 87' lang='lat' dir='ltr'><strong>Deo</strong></span> <span class='ocrx_word' id='word_1_712' title='bbox 2205 2587 2472 2633; x_wconf 70' lang='lat' dir='ltr'><strong>cozeterna</strong></span> <span class='ocrx_word' id='word_1_713' title='bbox 2507 2591 2592 2636; x_wconf 89' lang='lat' dir='ltr'><strong>est</strong></span> <span class='ocrx_word' id='word_1_714' title='bbox 2630 2599 2645 2637; x_wconf 93' lang='lat'>:</span> <span class='ocrx_word' id='word_1_715' title='bbox 2686 2594 2741 2640; x_wconf 91' lang='lat' dir='ltr'><strong>et</strong></span> <span class='ocrx_word' id='word_1_716' title='bbox 2783 2586 2828 2640; x_wconf 92' lang='lat' dir='ltr'><strong>si</strong></span> <span class='ocrx_word' id='word_1_717' title='bbox 2874 2586 3011 2644; x_wconf 80' lang='lat' dir='ltr'><strong>facta</strong></span> <span class='ocrx_word' id='word_1_718' title='bbox 3056 2599 3158 2660; x_wconf 91' lang='lat' dir='ltr'><strong>est,</strong></span> <span class='ocrx_word' id='word_1_719' title='bbox 3205 2595 3273 2650; x_wconf 92' lang='lat' dir='ltr'><strong>de</strong></span> <span class='ocrx_word' id='word_1_720' title='bbox 3316 2597 3484 2656; x_wconf 92' lang='lat' dir='ltr'><strong>nihilo</strong></span> 
     </span>
    </p>
   </div>
   <div class='ocr_carea' id='block_1_87' title="bbox 1890 2658 3484 2748">
    <p class='ocr_par' dir='ltr' id='par_1_87' title="bbox 1890 2658 3484 2748">
     <span class='ocr_line' id='line_1_87' title="bbox 1890 2658 3484 2748; baseline 0.021 -35"><span class='ocrx_word' id='word_1_721' title='bbox 1890 2658 2029 2716; x_wconf 85' lang='lat' dir='ltr'><strong>facta</strong></span> <span class='ocrx_word' id='word_1_722' title='bbox 2071 2665 2181 2730; x_wconf 83' lang='lat' dir='ltr'><strong>sit;</strong></span> <span class='ocrx_word' id='word_1_723' title='bbox 2225 2668 2347 2738; x_wconf 90' lang='lat' dir='ltr'><strong>quia</strong></span> <span class='ocrx_word' id='word_1_724' title='bbox 2377 2679 2432 2726; x_wconf 89' lang='lat' dir='ltr'><strong>et</strong></span> <span class='ocrx_word' id='word_1_725' title='bbox 2461 2670 2566 2727; x_wconf 72' lang='lat' dir='ltr'><strong>illa:</strong></span> <span class='ocrx_word' id='word_1_726' title='bbox 2607 2683 2812 2731; x_wconf 68' lang='lat' dir='ltr'><strong>natura:</strong></span> <span class='ocrx_word' id='word_1_727' title='bbox 2849 2694 2969 2748; x_wconf 74' lang='lat' dir='ltr'><strong>qua:</strong></span> <span class='ocrx_word' id='word_1_728' title='bbox 3010 2680 3078 2738; x_wconf 91' lang='lat' dir='ltr'><strong>de</strong></span> <span class='ocrx_word' id='word_1_729' title='bbox 3117 2658 3238 2742; x_wconf 85' lang='lat' dir='ltr'><strong>aliis</strong></span> <span class='ocrx_word' id='word_1_730' title='bbox 3279 2691 3484 2746; x_wconf 90' lang='lat' dir='ltr'><strong>naturis</strong></span> 
     </span>
    </p>
   </div>
   <div class='ocr_carea' id='block_1_88' title="bbox 1889 2749 3485 2842">
    <p class='ocr_par' dir='ltr' id='par_1_88' title="bbox 1889 2749 3485 2842">
     <span class='ocr_line' id='line_1_88' title="bbox 1889 2749 3485 2842; baseline 0.019 -38"><span class='ocrx_word' id='word_1_731' title='bbox 1889 2749 2044 2807; x_wconf 76' lang='lat' dir='ltr'><strong>facta:</strong></span> <span class='ocrx_word' id='word_1_732' title='bbox 2069 2763 2213 2822; x_wconf 89' lang='lat' dir='ltr'><strong>sunt,</strong></span> <span class='ocrx_word' id='word_1_733' title='bbox 2241 2759 2465 2828; x_wconf 86' lang='lat' dir='ltr'><strong>stirpem</strong></span> <span class='ocrx_word' id='word_1_734' title='bbox 2493 2761 2561 2817; x_wconf 91' lang='lat' dir='ltr'><strong>de</strong></span> <span class='ocrx_word' id='word_1_735' title='bbox 2591 2763 2759 2821; x_wconf 91' lang='lat' dir='ltr'><strong>nihilo</strong></span> <span class='ocrx_word' id='word_1_736' title='bbox 2781 2765 3021 2837; x_wconf 90' lang='lat' dir='ltr'><strong>ducunt;</strong></span> <span class='ocrx_word' id='word_1_737' title='bbox 3051 2775 3303 2842; x_wconf 89' lang='lat' dir='ltr'><strong>quoniam</strong></span> <span class='ocrx_word' id='word_1_738' title='bbox 3329 2788 3485 2834; x_wconf 87' lang='lat' dir='ltr'><strong>natu-</strong></span> 
     </span>
    </p>
   </div>
   <div class='ocr_carea' id='block_1_89' title="bbox 1886 2843 3482 2931">
    <p class='ocr_par' dir='ltr' id='par_1_89' title="bbox 1886 2843 3482 2931">
     <span class='ocr_line' id='line_1_89' title="bbox 1886 2843 3482 2931; baseline 0.019 -35"><span class='ocrx_word' id='word_1_739' title='bbox 1886 2855 1963 2897; x_wconf 63' lang='lat' dir='ltr'><strong>ra:</strong></span> <span class='ocrx_word' id='word_1_740' title='bbox 2005 2843 2075 2899; x_wconf 88' lang='lat' dir='ltr'><strong>de</strong></span> <span class='ocrx_word' id='word_1_741' title='bbox 2121 2847 2316 2916; x_wconf 89' lang='lat' dir='ltr'><strong>quibus</strong></span> <span class='ocrx_word' id='word_1_742' title='bbox 2363 2850 2515 2906; x_wconf 70' lang='lat' dir='ltr'><strong>facta:</strong></span> <span class='ocrx_word' id='word_1_743' title='bbox 2558 2863 2703 2923; x_wconf 90' lang='lat' dir='ltr'><strong>sunt,</strong></span> <span class='ocrx_word' id='word_1_744' title='bbox 2749 2865 3035 2931; x_wconf 88' lang='lat' dir='ltr'><strong>antequam</strong></span> <span class='ocrx_word' id='word_1_745' title='bbox 3086 2862 3296 2931; x_wconf 77' lang='lat' dir='ltr'><strong>tierent,</strong></span> <span class='ocrx_word' id='word_1_746' title='bbox 3348 2871 3482 2929; x_wconf 91' lang='lat' dir='ltr'><strong>nihil</strong></span> 
     </span>
    </p>
   </div>
   <div class='ocr_carea' id='block_1_90' title="bbox 1889 3025 3481 3120">
    <p class='ocr_par' dir='ltr' id='par_1_90' title="bbox 1889 3025 3481 3120">
     <span class='ocr_line' id='line_1_90' title="bbox 1889 3025 3481 3120; baseline 0.023 -44"><span class='ocrx_word' id='word_1_747' title='bbox 1889 3041 1911 3076; x_wconf 73' lang='grc' dir='ltr'><strong>ι</strong></span> <span class='ocrx_word' id='word_1_748' title='bbox 1944 3025 2069 3082; x_wconf 90' lang='lat' dir='ltr'><strong>Ideo</strong></span> <span class='ocrx_word' id='word_1_749' title='bbox 2095 3030 2266 3098; x_wconf 90' lang='lat' dir='ltr'><strong>potuit</strong></span> <span class='ocrx_word' id='word_1_750' title='bbox 2303 3034 2434 3089; x_wconf 87' lang='lat' dir='ltr'><strong>oriri</strong></span> <span class='ocrx_word' id='word_1_751' title='bbox 2462 3037 2707 3094; x_wconf 88' lang='lat' dir='ltr'><strong>voluntas</strong></span> <span class='ocrx_word' id='word_1_752' title='bbox 2745 3043 2904 3108; x_wconf 90' lang='lat' dir='ltr'><strong>mala,</strong></span> <span class='ocrx_word' id='word_1_753' title='bbox 2946 3054 3006 3100; x_wconf 92' lang='lat' dir='ltr'><strong>ut</strong></span> <span class='ocrx_word' id='word_1_754' title='bbox 3047 3048 3175 3102; x_wconf 89' lang='lat' dir='ltr'><strong>oriri</strong></span> <span class='ocrx_word' id='word_1_755' title='bbox 3218 3025 3400 3120; x_wconf 64' lang='lat' dir='ltr'><strong>posset</strong></span> <span class='ocrx_word' id='word_1_756' title='bbox 3424 3025 3481 3112; x_wconf 76' lang='lat' dir='ltr'><strong>et</strong></span> 
     </span>
    </p>
   </div>
   <div class='ocr_carea' id='block_1_91' title="bbox 1883 3113 3477 3204">
    <p class='ocr_par' dir='ltr' id='par_1_91' title="bbox 1883 3113 3477 3204">
     <span class='ocr_line' id='line_1_91' title="bbox 1883 3113 3477 3204; baseline 0.023 -36"><span class='ocrx_word' id='word_1_757' title='bbox 1883 3113 2042 3171; x_wconf 81' lang='lat' dir='ltr'><strong>bona.</strong></span> <span class='ocrx_word' id='word_1_758' title='bbox 2075 3137 2096 3172; x_wconf 77' lang='grc' dir='ltr'><strong>ι</strong></span> <span class='ocrx_word' id='word_1_759' title='bbox 2125 3118 2290 3188; x_wconf 86' lang='lat' dir='ltr'><strong>Quasi</strong></span> <span class='ocrx_word' id='word_1_760' title='bbox 2317 3138 2422 3179; x_wconf 92' lang='lat' dir='ltr'><strong>non</strong></span> <span class='ocrx_word' id='word_1_761' title='bbox 2458 3141 2578 3182; x_wconf 89' lang='lat' dir='ltr'><strong>cum</strong></span> <span class='ocrx_word' id='word_1_762' title='bbox 2615 3129 2750 3186; x_wconf 89' lang='lat' dir='ltr'><strong>bona</strong></span> <span class='ocrx_word' id='word_1_763' title='bbox 2782 3134 3056 3194; x_wconf 87' lang='lat' dir='ltr'><strong>voltmtate</strong></span> <span class='ocrx_word' id='word_1_764' title='bbox 3097 3113 3269 3198; x_wconf 80' lang='lat' dir='ltr'><strong>factus</strong></span> <span class='ocrx_word' id='word_1_765' title='bbox 3297 3145 3368 3200; x_wconf 83' lang='lat' dir='ltr'><strong>sit</strong></span> <span class='ocrx_word' id='word_1_766' title='bbox 3391 3149 3477 3204; x_wconf 86' lang='lat' dir='ltr'><strong>vel</strong></span> 
     </span>
    </p>
   </div>
   <div class='ocr_carea' id='block_1_92' title="bbox 1882 3211 3478 3296">
    <p class='ocr_par' dir='ltr' id='par_1_92' title="bbox 1882 3211 3478 3296">
     <span class='ocr_line' id='line_1_92' title="bbox 1882 3211 3478 3296; baseline 0.021 -35"><span class='ocrx_word' id='word_1_767' title='bbox 1882 3211 2103 3280; x_wconf 89' lang='lat' dir='ltr'><strong>angelus</strong></span> <span class='ocrx_word' id='word_1_768' title='bbox 2146 3214 2233 3269; x_wconf 90' lang='lat' dir='ltr'><strong>vel</strong></span> <span class='ocrx_word' id='word_1_769' title='bbox 2275 3214 2456 3272; x_wconf 90' lang='lat' dir='ltr'><strong>homo.</strong></span> <span class='ocrx_word' id='word_1_770' title='bbox 2507 3220 2704 3277; x_wconf 86' lang='lat' dir='ltr'><strong>Factus</strong></span> <span class='ocrx_word' id='word_1_771' title='bbox 2742 3225 2764 3257; x_wconf 80' lang='grc'><em>³</em></span> <span class='ocrx_word' id='word_1_772' title='bbox 2802 3237 2886 3283; x_wconf 90' lang='grc' dir='ltr'><strong>εει</strong></span> <span class='ocrx_word' id='word_1_773' title='bbox 2925 3241 3133 3296; x_wconf 91' lang='lat' dir='ltr'><strong>rectus,</strong></span> <span class='ocrx_word' id='word_1_774' title='bbox 3167 3234 3303 3291; x_wconf 83' lang='lat' dir='ltr'><strong>sicut</strong></span> <span class='ocrx_word' id='word_1_775' title='bbox 3342 3237 3478 3294; x_wconf 89' lang='lat' dir='ltr'><strong>dixit</strong></span> 
     </span>
    </p>
   </div>
   <div class='ocr_carea' id='block_1_93' title="bbox 1882 3297 3477 3394">
    <p class='ocr_par' dir='ltr' id='par_1_93' title="bbox 1882 3297 3477 3394">
     <span class='ocr_line' id='line_1_93' title="bbox 1882 3297 3477 3394; baseline 0.021 -42"><span class='ocrx_word' id='word_1_776' title='bbox 1882 3297 2158 3370; x_wconf 85' lang='lat' dir='ltr'><strong>Scriptura</strong></span> <span class='ocrx_word' id='word_1_777' title='bbox 2188 3303 2381 3376; x_wconf 67' lang='lat' dir='ltr'><strong>(Ec-cla.</strong></span> <span class='ocrx_word' id='word_1_778' title='bbox 2406 3325 2510 3376; x_wconf 90' lang='lat' dir='ltr'><strong>vn,</strong></span> <span class='ocrx_word' id='word_1_779' title='bbox 2543 3312 2650 3385; x_wconf 74' lang='lat'><strong>50)</strong></span> <span class='ocrx_word' id='word_1_780' title='bbox 2681 3331 2696 3368; x_wconf 91' lang='lat'><strong>:</strong></span> <span class='ocrx_word' id='word_1_781' title='bbox 2727 3330 2833 3371; x_wconf 92' lang='lat' dir='ltr'><strong>non</strong></span> <span class='ocrx_word' id='word_1_782' title='bbox 2861 3333 2989 3391; x_wconf 90' lang='lat' dir='ltr'><strong>ergo</strong></span> <span class='ocrx_word' id='word_1_783' title='bbox 3015 3324 3271 3394; x_wconf 59' lang='lat' dir='ltr'><strong>quaeritur</strong></span> <span class='ocrx_word' id='word_1_784' title='bbox 3289 3369 3305 3394; x_wconf 91' lang='lat'><strong>,</strong></span> <span class='ocrx_word' id='word_1_785' title='bbox 3334 3331 3477 3388; x_wconf 90' lang='lat' dir='ltr'><strong>unde</strong></span> 
     </span>
    </p>
   </div>
   <div class='ocr_carea' id='block_1_94' title="bbox 1882 3391 3475 3488">
    <p class='ocr_par' dir='ltr' id='par_1_94' title="bbox 1882 3391 3475 3488">
     <span class='ocr_line' id='line_1_94' title="bbox 1882 3391 3475 3488; baseline 0.019 -42"><span class='ocrx_word' id='word_1_786' title='bbox 1882 3391 1936 3447; x_wconf 93' lang='lat' dir='ltr'><strong>in</strong></span> <span class='ocrx_word' id='word_1_787' title='bbox 1982 3393 2075 3450; x_wconf 92' lang='lat' dir='ltr'><strong>illo</strong></span> <span class='ocrx_word' id='word_1_788' title='bbox 2105 3399 2331 3465; x_wconf 91' lang='lat' dir='ltr'><strong>potuerit</strong></span> <span class='ocrx_word' id='word_1_789' title='bbox 2358 3400 2488 3457; x_wconf 89' lang='lat' dir='ltr'><strong>oriri</strong></span> <span class='ocrx_word' id='word_1_790' title='bbox 2521 3402 2661 3460; x_wconf 89' lang='lat' dir='ltr'><strong>bona</strong></span> <span class='ocrx_word' id='word_1_791' title='bbox 2690 3409 2937 3466; x_wconf 88' lang='lat' dir='ltr'><strong>voluntas</strong></span> <span class='ocrx_word' id='word_1_792' title='bbox 2956 3454 2972 3480; x_wconf 93' lang='lat'><strong>,</strong></span> <span class='ocrx_word' id='word_1_793' title='bbox 3003 3391 3124 3469; x_wconf 80' lang='lat' dir='ltr'><strong>cum</strong></span> <span class='ocrx_word' id='word_1_794' title='bbox 3155 3433 3256 3488; x_wconf 89' lang='lat' dir='ltr'><strong>qua</strong></span> <span class='ocrx_word' id='word_1_795' title='bbox 3291 3391 3475 3477; x_wconf 68' lang='lat' dir='ltr'><strong>iactus</strong></span> 
     </span>
    </p>
   </div>
   <div class='ocr_carea' id='block_1_95' title="bbox 1883 3486 3472 3569">
    <p class='ocr_par' dir='ltr' id='par_1_95' title="bbox 1883 3486 3472 3569">
     <span class='ocr_line' id='line_1_95' title="bbox 1883 3486 3472 3569; baseline 0.019 -31"><span class='ocrx_word' id='word_1_796' title='bbox 1883 3493 2005 3551; x_wconf 87' lang='lat' dir='ltr'><strong>est;</strong></span> <span class='ocrx_word' id='word_1_797' title='bbox 2045 3486 2139 3541; x_wconf 90' lang='lat' dir='ltr'><strong>sed</strong></span> <span class='ocrx_word' id='word_1_798' title='bbox 2170 3488 2312 3546; x_wconf 88' lang='lat' dir='ltr'><strong>ttnde</strong></span> <span class='ocrx_word' id='word_1_799' title='bbox 2341 3493 2477 3547; x_wconf 90' lang='lat' dir='ltr'><strong>mala</strong></span> <span class='ocrx_word' id='word_1_800' title='bbox 2500 3534 2517 3562; x_wconf 87' lang='lat'><strong>,</strong></span> <span class='ocrx_word' id='word_1_801' title='bbox 2547 3510 2669 3552; x_wconf 90' lang='lat' dir='ltr'><strong>cum</strong></span> <span class='ocrx_word' id='word_1_802' title='bbox 2697 3513 2799 3569; x_wconf 90' lang='lat' dir='ltr'><strong>qua</strong></span> <span class='ocrx_word' id='word_1_803' title='bbox 2831 3499 3000 3558; x_wconf 80' lang='lat' dir='ltr'><strong>factus</strong></span> <span class='ocrx_word' id='word_1_804' title='bbox 3028 3520 3134 3561; x_wconf 92' lang='lat' dir='ltr'><strong>non</strong></span> <span class='ocrx_word' id='word_1_805' title='bbox 3162 3486 3262 3564; x_wconf 81' lang='lat' dir='ltr'><strong>est.</strong></span> <span class='ocrx_word' id='word_1_806' title='bbox 3311 3510 3375 3566; x_wconf 86' lang='lat' dir='ltr'><strong>Et</strong></span> <span class='ocrx_word' id='word_1_807' title='bbox 3416 3521 3472 3568; x_wconf 93' lang='lat' dir='ltr'><strong>tu</strong></span> 
     </span>
    </p>
   </div>
   <div class='ocr_carea' id='block_1_96' title="bbox 1883 3576 3465 3669">
    <p class='ocr_par' dir='ltr' id='par_1_96' title="bbox 1883 3576 3465 3669">
     <span class='ocr_line' id='line_1_96' title="bbox 1883 3576 3465 3669; baseline 0.018 -38"><span class='ocrx_word' id='word_1_808' title='bbox 1883 3576 2017 3633; x_wconf 87' lang='lat' dir='ltr'><strong>dicis</strong></span> <span class='ocrx_word' id='word_1_809' title='bbox 2038 3619 2054 3646; x_wconf 90' lang='lat'><strong>,</strong></span> <span class='ocrx_word' id='word_1_810' title='bbox 2086 3594 2193 3636; x_wconf 92' lang='lat' dir='ltr'><strong>non</strong></span> <span class='ocrx_word' id='word_1_811' title='bbox 2230 3583 2514 3641; x_wconf 88' lang='lat' dir='ltr'><strong>attendens</strong></span> <span class='ocrx_word' id='word_1_812' title='bbox 2539 3589 2665 3658; x_wconf 90' lang='lat' dir='ltr'><strong>quid</strong></span> <span class='ocrx_word' id='word_1_813' title='bbox 2706 3590 2873 3658; x_wconf 91' lang='lat' dir='ltr'><strong>dicas,</strong></span> <span class='ocrx_word' id='word_1_814' title='bbox 2908 3612 2927 3646; x_wconf 80' lang='grc' dir='ltr'><strong>ι</strong></span> <span class='ocrx_word' id='word_1_815' title='bbox 2961 3595 3086 3652; x_wconf 84' lang='lat' dir='ltr'><strong>Ideo</strong></span> <span class='ocrx_word' id='word_1_816' title='bbox 3123 3602 3294 3669; x_wconf 90' lang='lat' dir='ltr'><strong>potuit</strong></span> <span class='ocrx_word' id='word_1_817' title='bbox 3334 3605 3465 3661; x_wconf 87' lang='lat' dir='ltr'><strong>oriri</strong></span> 
     </span>
    </p>
   </div>
   <div class='ocr_carea' id='block_1_97' title="bbox 1881 3669 3474 3752">
    <p class='ocr_par' dir='ltr' id='par_1_97' title="bbox 1881 3669 3474 3752">
     <span class='ocr_line' id='line_1_97' title="bbox 1881 3669 3474 3752; baseline 0.019 -29"><span class='ocrx_word' id='word_1_818' title='bbox 1881 3669 2130 3726; x_wconf 88' lang='lat' dir='ltr'><strong>voluntas</strong></span> <span class='ocrx_word' id='word_1_819' title='bbox 2173 3674 2313 3730; x_wconf 90' lang='lat' dir='ltr'><strong>mala</strong></span> <span class='ocrx_word' id='word_1_820' title='bbox 2338 3716 2354 3741; x_wconf 89' lang='lat'><strong>,</strong></span> <span class='ocrx_word' id='word_1_821' title='bbox 2398 3686 2456 3732; x_wconf 91' lang='lat' dir='ltr'><strong>ut</strong></span> <span class='ocrx_word' id='word_1_822' title='bbox 2500 3679 2630 3735; x_wconf 91' lang='lat' dir='ltr'><strong>oriri</strong></span> <span class='ocrx_word' id='word_1_823' title='bbox 2674 3693 2857 3752; x_wconf 85' lang='lat' dir='ltr'><strong>posset</strong></span> <span class='ocrx_word' id='word_1_824' title='bbox 2899 3696 2954 3741; x_wconf 89' lang='lat' dir='ltr'><strong>et</strong></span> <span class='ocrx_word' id='word_1_825' title='bbox 2998 3688 3181 3744; x_wconf 90' lang='lat' dir='ltr'><strong>bona:</strong></span> <span class='ocrx_word' id='word_1_826' title='bbox 3221 3711 3242 3745; x_wconf 80' lang='grc' dir='ltr'><strong>ι</strong></span> <span class='ocrx_word' id='word_1_827' title='bbox 3271 3702 3327 3750; x_wconf 89' lang='grc' dir='ltr'><strong>ει</strong></span> <span class='ocrx_word' id='word_1_828' title='bbox 3370 3695 3474 3752; x_wconf 84' lang='grc' dir='ltr'>Ιιοε</span> 
     </span>
    </p>
   </div>
   <div class='ocr_carea' id='block_1_98' title="bbox 1881 3763 3474 3856">
    <p class='ocr_par' dir='ltr' id='par_1_98' title="bbox 1881 3763 3474 3856">
     <span class='ocr_line' id='line_1_98' title="bbox 1881 3763 3474 3856; baseline 0.018 -41"><span class='ocrx_word' id='word_1_829' title='bbox 1881 3772 2037 3832; x_wconf 90' lang='lat' dir='ltr'><strong>putas</strong></span> <span class='ocrx_word' id='word_1_830' title='bbox 2064 3763 2130 3818; x_wconf 87' lang='lat' dir='ltr'><strong>ad</strong></span> <span class='ocrx_word' id='word_1_831' title='bbox 2171 3775 2414 3822; x_wconf 87' lang='lat' dir='ltr'><strong>naturam</strong></span> <span class='ocrx_word' id='word_1_832' title='bbox 2457 3768 2610 3826; x_wconf 87' lang='lat' dir='ltr'><strong>liberi</strong></span> <span class='ocrx_word' id='word_1_833' title='bbox 2640 3773 2843 3830; x_wconf 87' lang='lat' dir='ltr'><strong>arbitrii</strong></span> <span class='ocrx_word' id='word_1_834' title='bbox 2871 3779 3176 3849; x_wconf 87' lang='lat' dir='ltr'><strong>pertinere,</strong></span> <span class='ocrx_word' id='word_1_835' title='bbox 3207 3792 3265 3838; x_wconf 92' lang='lat' dir='ltr'><strong>ut</strong></span> <span class='ocrx_word' id='word_1_836' title='bbox 3306 3788 3474 3856; x_wconf 86' lang='lat' dir='ltr'><strong>possit</strong></span> 
     </span>
    </p>
   </div>
   <div class='ocr_carea' id='block_1_99' title="bbox 1881 3862 3471 3942">
    <p class='ocr_par' dir='ltr' id='par_1_99' title="bbox 1881 3862 3471 3942">
     <span class='ocr_line' id='line_1_99' title="bbox 1881 3862 3471 3942; baseline 0.017 -34"><span class='ocrx_word' id='word_1_837' title='bbox 1881 3862 2190 3925; x_wconf 89' lang='lat' dir='ltr'><strong>utrumque,</strong></span> <span class='ocrx_word' id='word_1_838' title='bbox 2222 3867 2275 3914; x_wconf 90' lang='lat' dir='ltr'><strong>et</strong></span> <span class='ocrx_word' id='word_1_839' title='bbox 2303 3875 2530 3931; x_wconf 89' lang='lat' dir='ltr'><strong>peccare</strong></span> <span class='ocrx_word' id='word_1_840' title='bbox 2557 3863 2781 3932; x_wconf 88' lang='lat' dir='ltr'><strong>scilicet,</strong></span> <span class='ocrx_word' id='word_1_841' title='bbox 2823 3876 2877 3923; x_wconf 92' lang='lat' dir='ltr'><strong>et</strong></span> <span class='ocrx_word' id='word_1_842' title='bbox 2902 3884 3006 3924; x_wconf 92' lang='lat' dir='ltr'><strong>non</strong></span> <span class='ocrx_word' id='word_1_843' title='bbox 3040 3889 3297 3942; x_wconf 86' lang='lat' dir='ltr'><strong>peccare;</strong></span> <span class='ocrx_word' id='word_1_844' title='bbox 3337 3881 3471 3935; x_wconf 90' lang='lat' dir='ltr'><strong>etin</strong></span> 
     </span>
    </p>
   </div>
   <div class='ocr_carea' id='block_1_100' title="bbox 1880 3945 3466 4040">
    <p class='ocr_par' dir='ltr' id='par_1_100' title="bbox 1880 3945 3466 4040">
     <span class='ocr_line' id='line_1_100' title="bbox 1880 3945 3466 4040; baseline 0.016 -38"><span class='ocrx_word' id='word_1_845' title='bbox 1880 3945 1984 4003; x_wconf 90' lang='lat' dir='ltr'><strong>hoc</strong></span> <span class='ocrx_word' id='word_1_846' title='bbox 2026 3948 2301 4007; x_wconf 87' lang='lat' dir='ltr'><strong>existimas</strong></span> <span class='ocrx_word' id='word_1_847' title='bbox 2355 3952 2625 4012; x_wconf 90' lang='lat' dir='ltr'><strong>hominem</strong></span> <span class='ocrx_word' id='word_1_848' title='bbox 2675 3957 2871 4016; x_wconf 84' lang='lat' dir='ltr'><strong>factum</strong></span> <span class='ocrx_word' id='word_1_849' title='bbox 2917 3964 2984 4019; x_wconf 92' lang='lat' dir='ltr'><strong>ad</strong></span> <span class='ocrx_word' id='word_1_850' title='bbox 3029 3967 3310 4038; x_wconf 87' lang='lat' dir='ltr'><strong>imaginem</strong></span> <span class='ocrx_word' id='word_1_851' title='bbox 3352 3973 3466 4040; x_wconf 91' lang='lat' dir='ltr'><strong>Dei,</strong></span> 
     </span>
    </p>
   </div>
   <div class='ocr_carea' id='block_1_101' title="bbox 1877 4041 3470 4132">
    <p class='ocr_par' dir='ltr' id='par_1_101' title="bbox 1877 4041 3470 4132">
     <span class='ocr_line' id='line_1_101' title="bbox 1877 4041 3470 4132; baseline 0.017 -38"><span class='ocrx_word' id='word_1_852' title='bbox 1877 4054 2000 4095; x_wconf 89' lang='lat' dir='ltr'><strong>cum</strong></span> <span class='ocrx_word' id='word_1_853' title='bbox 2048 4041 2187 4098; x_wconf 88' lang='lat' dir='ltr'><strong>Deus</strong></span> <span class='ocrx_word' id='word_1_854' title='bbox 2231 4045 2346 4115; x_wconf 90' lang='lat' dir='ltr'><strong>ipse</strong></span> <span class='ocrx_word' id='word_1_855' title='bbox 2387 4062 2492 4101; x_wconf 93' lang='lat' dir='ltr'><strong>non</strong></span> <span class='ocrx_word' id='word_1_856' title='bbox 2536 4051 2704 4120; x_wconf 88' lang='lat' dir='ltr'><strong>possit</strong></span> <span class='ocrx_word' id='word_1_857' title='bbox 2750 4063 3052 4127; x_wconf 90' lang='lat' dir='ltr'><strong>utrumque.</strong></span> <span class='ocrx_word' id='word_1_858' title='bbox 3100 4058 3283 4132; x_wconf 85' lang='lat' dir='ltr'><strong>Neque</strong></span> <span class='ocrx_word' id='word_1_859' title='bbox 3323 4066 3470 4121; x_wconf 90' lang='lat' dir='ltr'><strong>enim</strong></span> 
     </span>
    </p>
   </div>
   <div class='ocr_carea' id='block_1_102' title="bbox 1879 4130 3467 4224">
    <p class='ocr_par' dir='ltr' id='par_1_102' title="bbox 1879 4130 3467 4224">
     <span class='ocr_line' id='line_1_102' title="bbox 1879 4130 3467 4224; baseline 0.019 -41"><span class='ocrx_word' id='word_1_860' title='bbox 1879 4131 1964 4185; x_wconf 82' lang='lat' dir='ltr'><strong>vel</strong></span> <span class='ocrx_word' id='word_1_861' title='bbox 1994 4130 2218 4189; x_wconf 88' lang='lat' dir='ltr'><strong>demens</strong></span> <span class='ocrx_word' id='word_1_862' title='bbox 2256 4137 2534 4207; x_wconf 89' lang='lat' dir='ltr'><strong>quisquam</strong></span> <span class='ocrx_word' id='word_1_863' title='bbox 2566 4139 2782 4209; x_wconf 75' lang='lat' dir='ltr'><strong>dixerit,</strong></span> <span class='ocrx_word' id='word_1_864' title='bbox 2817 4145 2982 4202; x_wconf 89' lang='lat' dir='ltr'><strong>Deum</strong></span> <span class='ocrx_word' id='word_1_865' title='bbox 3018 4164 3178 4220; x_wconf 90' lang='lat' dir='ltr'><strong>posse</strong></span> <span class='ocrx_word' id='word_1_866' title='bbox 3198 4130 3467 4224; x_wconf 82' lang='lat' dir='ltr'><strong>peccare;</strong></span> 
     </span>
    </p>
   </div>
   <div class='ocr_carea' id='block_1_103' title="bbox 1876 4224 3469 4306">
    <p class='ocr_par' dir='ltr' id='par_1_103' title="bbox 1876 4224 3469 4306">
     <span class='ocr_line' id='line_1_103' title="bbox 1876 4224 3469 4306; baseline 0.019 -31"><span class='ocrx_word' id='word_1_867' title='bbox 1876 4230 1969 4276; x_wconf 88' lang='lat' dir='ltr'><strong>aut</strong></span> <span class='ocrx_word' id='word_1_868' title='bbox 2015 4231 2071 4278; x_wconf 92' lang='lat' dir='ltr'><strong>tu</strong></span> <span class='ocrx_word' id='word_1_869' title='bbox 2113 4224 2292 4282; x_wconf 90' lang='lat' dir='ltr'><strong>dicere</strong></span> <span class='ocrx_word' id='word_1_870' title='bbox 2330 4229 2517 4297; x_wconf 89' lang='lat' dir='ltr'><strong>audes,</strong></span> <span class='ocrx_word' id='word_1_871' title='bbox 2561 4232 2725 4289; x_wconf 91' lang='lat' dir='ltr'><strong>Deum</strong></span> <span class='ocrx_word' id='word_1_872' title='bbox 2772 4236 2997 4294; x_wconf 89' lang='lat' dir='ltr'><strong>liberum</strong></span> <span class='ocrx_word' id='word_1_873' title='bbox 3040 4242 3316 4301; x_wconf 88' lang='lat' dir='ltr'><strong>arbitrium</strong></span> <span class='ocrx_word' id='word_1_874' title='bbox 3361 4265 3469 4306; x_wconf 92' lang='lat' dir='ltr'><strong>non</strong></span> 
     </span>
    </p>
   </div>
   <div class='ocr_carea' id='block_1_104' title="bbox 1877 4310 3466 4397">
    <p class='ocr_par' dir='ltr' id='par_1_104' title="bbox 1877 4310 3466 4397">
     <span class='ocr_line' id='line_1_104' title="bbox 1877 4310 3466 4397; baseline 0.02 -32"><span class='ocrx_word' id='word_1_875' title='bbox 1877 4310 2094 4370; x_wconf 88' lang='lat' dir='ltr'><strong>habere.</strong></span> <span class='ocrx_word' id='word_1_876' title='bbox 2153 4315 2244 4372; x_wconf 93' lang='lat' dir='ltr'><strong>Dei</strong></span> <span class='ocrx_word' id='word_1_877' title='bbox 2291 4333 2453 4391; x_wconf 86' lang='lat' dir='ltr'><strong>ergo,</strong></span> <span class='ocrx_word' id='word_1_878' title='bbox 2504 4337 2609 4378; x_wconf 93' lang='lat' dir='ltr'><strong>non</strong></span> <span class='ocrx_word' id='word_1_879' title='bbox 2657 4325 2826 4394; x_wconf 89' lang='lat' dir='ltr'><strong>nihili,</strong></span> <span class='ocrx_word' id='word_1_880' title='bbox 2874 4345 3068 4388; x_wconf 88' lang='lat' dir='ltr'><strong>munus</strong></span> <span class='ocrx_word' id='word_1_881' title='bbox 3113 4344 3195 4390; x_wconf 91' lang='lat' dir='ltr'><strong>est</strong></span> <span class='ocrx_word' id='word_1_882' title='bbox 3239 4337 3466 4397; x_wconf 87' lang='lat' dir='ltr'><strong>liberum</strong></span> 
     </span>
    </p>
   </div>
   <div class='ocr_carea' id='block_1_105' title="bbox 1874 4403 3545 4486">
    <p class='ocr_par' dir='ltr' id='par_1_105' title="bbox 1874 4403 3545 4486">
     <span class='ocr_line' id='line_1_105' title="bbox 1874 4403 3545 4486; baseline 0.018 -28"><span class='ocrx_word' id='word_1_883' title='bbox 1874 4403 2196 4462; x_wconf 90' lang='lat' dir='ltr'><strong>arbitrium:</strong></span> <span class='ocrx_word' id='word_1_884' title='bbox 2228 4407 2324 4464; x_wconf 87' lang='lat' dir='ltr'><strong>sed</strong></span> <span class='ocrx_word' id='word_1_885' title='bbox 2368 4411 2422 4466; x_wconf 93' lang='lat' dir='ltr'><strong>in</strong></span> <span class='ocrx_word' id='word_1_886' title='bbox 2466 4411 2584 4485; x_wconf 90' lang='lat' dir='ltr'><strong>ipso</strong></span> <span class='ocrx_word' id='word_1_887' title='bbox 2612 4414 2723 4472; x_wconf 91' lang='lat' dir='ltr'><strong>Deo</strong></span> <span class='ocrx_word' id='word_1_888' title='bbox 2765 4433 3032 4477; x_wconf 89' lang='lat' dir='ltr'><strong>summum</strong></span> <span class='ocrx_word' id='word_1_889' title='bbox 3073 4436 3154 4480; x_wconf 91' lang='lat' dir='ltr'><strong>est</strong></span> <span class='ocrx_word' id='word_1_890' title='bbox 3194 4416 3418 4486; x_wconf 75' lang='lat' dir='ltr'><strong>liberum</strong></span> <span class='ocrx_word' id='word_1_891' title='bbox 3446 4430 3469 4465; x_wconf 84' lang='grc'><strong><em>⁸</em></strong></span> <span class='ocrx_word' id='word_1_892' title='bbox 3541 4472 3545 4476; x_wconf 68' lang='grc'>.</span> 
     </span>
    </p>
   </div>
   <div class='ocr_carea' id='block_1_106' title="bbox 1874 4499 3465 4590">
    <p class='ocr_par' dir='ltr' id='par_1_106' title="bbox 1874 4499 3465 4590">
     <span class='ocr_line' id='line_1_106' title="bbox 1874 4499 3465 4590; baseline 0.018 -36"><span class='ocrx_word' id='word_1_893' title='bbox 1874 4499 2151 4556; x_wconf 90' lang='lat' dir='ltr'><strong>arbitrium</strong></span> <span class='ocrx_word' id='word_1_894' title='bbox 2173 4543 2190 4571; x_wconf 93' lang='lat'><strong>,</strong></span> <span class='ocrx_word' id='word_1_895' title='bbox 2217 4505 2307 4575; x_wconf 90' lang='lat' dir='ltr'><strong>qui</strong></span> <span class='ocrx_word' id='word_1_896' title='bbox 2340 4521 2562 4577; x_wconf 90' lang='lat' dir='ltr'><strong>peccare</strong></span> <span class='ocrx_word' id='word_1_897' title='bbox 2591 4511 2737 4566; x_wconf 91' lang='lat' dir='ltr'><strong>nullo</strong></span> <span class='ocrx_word' id='word_1_898' title='bbox 2765 4513 2927 4570; x_wconf 90' lang='lat' dir='ltr'><strong>modo</strong></span> <span class='ocrx_word' id='word_1_899' title='bbox 2959 4527 3153 4586; x_wconf 90' lang='lat' dir='ltr'><strong>potest.</strong></span> <span class='ocrx_word' id='word_1_900' title='bbox 3201 4521 3465 4590; x_wconf 83' lang='lat' dir='ltr'><strong>Quoniam</strong></span> 
     </span>
    </p>
   </div>
   <div class='ocr_carea' id='block_1_107' title="bbox 1873 4591 3466 4684">
    <p class='ocr_par' dir='ltr' id='par_1_107' title="bbox 1873 4591 3466 4684">
     <span class='ocr_line' id='line_1_107' title="bbox 1873 4591 3466 4684; baseline 0.015 -37"><span class='ocrx_word' id='word_1_901' title='bbox 1873 4591 1918 4647; x_wconf 88' lang='lat' dir='ltr'><strong>si</strong></span> <span class='ocrx_word' id='word_1_902' title='bbox 1950 4592 2182 4662; x_wconf 66' lang='lat' dir='ltr'><strong>iniustus</strong></span> <span class='ocrx_word' id='word_1_903' title='bbox 2222 4610 2343 4651; x_wconf 88' lang='lat' dir='ltr'><strong>esse</strong></span> <span class='ocrx_word' id='word_1_904' title='bbox 2383 4607 2600 4669; x_wconf 90' lang='lat' dir='ltr'><strong>posset,</strong></span> <span class='ocrx_word' id='word_1_905' title='bbox 2628 4593 2787 4657; x_wconf 88' lang='lat' dir='ltr'><strong>etiam</strong></span> <span class='ocrx_word' id='word_1_906' title='bbox 2825 4606 2962 4661; x_wconf 91' lang='lat' dir='ltr'><strong>Deus</strong></span> <span class='ocrx_word' id='word_1_907' title='bbox 2991 4623 3096 4664; x_wconf 93' lang='lat' dir='ltr'><strong>non</strong></span> <span class='ocrx_word' id='word_1_908' title='bbox 3127 4627 3250 4668; x_wconf 81' lang='lat' dir='ltr'><strong>esse</strong></span> <span class='ocrx_word' id='word_1_909' title='bbox 3281 4613 3466 4684; x_wconf 80' lang='lat' dir='ltr'><strong>utique</strong></span> 
     </span>
    </p>
   </div>
   <div class='ocr_carea' id='block_1_108' title="bbox 1872 4688 3463 4773">
    <p class='ocr_par' dir='ltr' id='par_1_108' title="bbox 1872 4688 3463 4773">
     <span class='ocr_line' id='line_1_108' title="bbox 1872 4688 3463 4773; baseline 0.014 -35"><span class='ocrx_word' id='word_1_910' title='bbox 1872 4695 2100 4754; x_wconf 90' lang='lat' dir='ltr'><strong>posset:</strong></span> <span class='ocrx_word' id='word_1_911' title='bbox 2146 4688 2192 4741; x_wconf 91' lang='lat' dir='ltr'><strong>si</strong></span> <span class='ocrx_word' id='word_1_912' title='bbox 2236 4690 2378 4744; x_wconf 90' lang='lat' dir='ltr'><strong>enim</strong></span> <span class='ocrx_word' id='word_1_913' title='bbox 2421 4691 2562 4746; x_wconf 87' lang='lat' dir='ltr'><strong>Deus</strong></span> <span class='ocrx_word' id='word_1_914' title='bbox 2591 4702 2706 4758; x_wconf 90' lang='lat' dir='ltr'><strong>est,</strong></span> <span class='ocrx_word' id='word_1_915' title='bbox 2735 4703 3250 4769; x_wconf 89' lang='lat' dir='ltr'><strong>consequentissime</strong></span> <span class='ocrx_word' id='word_1_916' title='bbox 3285 4705 3463 4773; x_wconf 84' lang='lat' dir='ltr'><strong>justus</strong></span> 
     </span>
    </p>
   </div>
   <div class='ocr_carea' id='block_1_109' title="bbox 1872 4777 3461 4857">
    <p class='ocr_par' dir='ltr' id='par_1_109' title="bbox 1872 4777 3461 4857">
     <span class='ocr_line' id='line_1_109' title="bbox 1872 4777 3461 4857; baseline 0.013 -28"><span class='ocrx_word' id='word_1_917' title='bbox 1872 4785 1956 4829; x_wconf 90' lang='lat' dir='ltr'><strong>est</strong></span> <span class='ocrx_word' id='word_1_918' title='bbox 2005 4793 2020 4830; x_wconf 88' lang='lat'>:</span> <span class='ocrx_word' id='word_1_919' title='bbox 2065 4786 2118 4831; x_wconf 89' lang='lat' dir='ltr'><strong>et</strong></span> <span class='ocrx_word' id='word_1_920' title='bbox 2168 4777 2290 4833; x_wconf 90' lang='lat' dir='ltr'><strong>ideo</strong></span> <span class='ocrx_word' id='word_1_921' title='bbox 2337 4793 2544 4836; x_wconf 89' lang='lat' dir='ltr'><strong>summe</strong></span> <span class='ocrx_word' id='word_1_922' title='bbox 2594 4785 2934 4857; x_wconf 89' lang='lat' dir='ltr'><strong>maximeque</strong></span> <span class='ocrx_word' id='word_1_923' title='bbox 2981 4789 3184 4848; x_wconf 89' lang='lat' dir='ltr'><strong>habens</strong></span> <span class='ocrx_word' id='word_1_924' title='bbox 3233 4794 3461 4850; x_wconf 84' lang='lat' dir='ltr'><strong>liberum</strong></span> 
     </span>
    </p>
   </div>
   <div class='ocr_carea' id='block_1_110' title="bbox 1869 4864 3461 4956">
    <p class='ocr_par' dir='ltr' id='par_1_110' title="bbox 1869 4864 3461 4956">
     <span class='ocr_line' id='line_1_110' title="bbox 1869 4864 3461 4956; baseline 0.016 -39"><span class='ocrx_word' id='word_1_925' title='bbox 1869 4864 2171 4933; x_wconf 87' lang='lat' dir='ltr'><strong>arbitrium,</strong></span> <span class='ocrx_word' id='word_1_926' title='bbox 2200 4882 2425 4937; x_wconf 88' lang='lat' dir='ltr'><strong>peccare</strong></span> <span class='ocrx_word' id='word_1_927' title='bbox 2453 4879 2627 4927; x_wconf 88' lang='lat' dir='ltr'><strong>tamen</strong></span> <span class='ocrx_word' id='word_1_928' title='bbox 2654 4872 2677 4905; x_wconf 73' lang='grc'><strong>⁸</strong></span> <span class='ocrx_word' id='word_1_929' title='bbox 2700 4889 2806 4929; x_wconf 91' lang='lat' dir='ltr'><strong>non</strong></span> <span class='ocrx_word' id='word_1_930' title='bbox 2837 4887 3010 4946; x_wconf 88' lang='lat' dir='ltr'><strong>potest</strong></span> <span class='ocrx_word' id='word_1_931' title='bbox 3035 4880 3198 4937; x_wconf 88' lang='lat' dir='ltr'><strong>Deus.</strong></span> <span class='ocrx_word' id='word_1_932' title='bbox 3226 4885 3461 4956; x_wconf 86' lang='lat' dir='ltr'><strong>Angelus</strong></span> 
     </span>
    </p>
   </div>
   <div class='ocr_carea' id='block_1_111' title="bbox 1870 4960 3460 5050">
    <p class='ocr_par' dir='ltr' id='par_1_111' title="bbox 1870 4960 3460 5050">
     <span class='ocr_line' id='line_1_111' title="bbox 1870 4960 3460 5050; baseline 0.014 -36"><span class='ocrx_word' id='word_1_933' title='bbox 1870 4973 1999 5030; x_wconf 87' lang='lat' dir='ltr'><strong>ergo</strong></span> <span class='ocrx_word' id='word_1_934' title='bbox 2026 4961 2108 5016; x_wconf 88' lang='lat' dir='ltr'><strong>vel</strong></span> <span class='ocrx_word' id='word_1_935' title='bbox 2137 4960 2302 5018; x_wconf 91' lang='lat' dir='ltr'><strong>homo</strong></span> <span class='ocrx_word' id='word_1_936' title='bbox 2329 4973 2610 5034; x_wconf 85' lang='lat' dir='ltr'><strong>prepterea</strong></span> <span class='ocrx_word' id='word_1_937' title='bbox 2640 4982 2860 5038; x_wconf 88' lang='lat' dir='ltr'><strong>peccare</strong></span> <span class='ocrx_word' id='word_1_938' title='bbox 2889 4975 3078 5042; x_wconf 89' lang='lat' dir='ltr'><strong>potuit,</strong></span> <span class='ocrx_word' id='word_1_939' title='bbox 3109 4976 3159 5030; x_wconf 91' lang='lat' dir='ltr'><strong>id</strong></span> <span class='ocrx_word' id='word_1_940' title='bbox 3187 4987 3301 5046; x_wconf 91' lang='lat' dir='ltr'><strong>est,</strong></span> <span class='ocrx_word' id='word_1_941' title='bbox 3337 4997 3460 5050; x_wconf 87' lang='lat' dir='ltr'><strong>pro-</strong></span> 
     </span>
    </p>
   </div>
   <div class='ocr_carea' id='block_1_112' title="bbox 1871 5051 3456 5138">
    <p class='ocr_par' dir='ltr' id='par_1_112' title="bbox 1871 5051 3456 5138">
     <span class='ocr_line' id='line_1_112' title="bbox 1871 5051 3456 5138; baseline 0.014 -34"><span class='ocrx_word' id='word_1_942' title='bbox 1871 5059 2054 5120; x_wconf 86' lang='lat' dir='ltr'><strong>pterea</strong></span> <span class='ocrx_word' id='word_1_943' title='bbox 2083 5051 2186 5107; x_wconf 91' lang='lat' dir='ltr'><strong>isto</strong></span> <span class='ocrx_word' id='word_1_944' title='bbox 2212 5051 2306 5108; x_wconf 91' lang='lat' dir='ltr'><strong>Dei</strong></span> <span class='ocrx_word' id='word_1_945' title='bbox 2338 5069 2583 5122; x_wconf 89' lang='lat' dir='ltr'><strong>munere,</strong></span> <span class='ocrx_word' id='word_1_946' title='bbox 2613 5059 2755 5129; x_wconf 91' lang='lat' dir='ltr'><strong>quod</strong></span> <span class='ocrx_word' id='word_1_947' title='bbox 2781 5070 2864 5116; x_wconf 89' lang='lat' dir='ltr'><strong>est</strong></span> <span class='ocrx_word' id='word_1_948' title='bbox 2905 5061 3129 5120; x_wconf 90' lang='lat' dir='ltr'><strong>liberum</strong></span> <span class='ocrx_word' id='word_1_949' title='bbox 3157 5068 3456 5138; x_wconf 88' lang='lat' dir='ltr'><strong>arbitrium,</strong></span> 
     </span>
    </p>
   </div>
   <div class='ocr_carea' id='block_1_113' title="bbox 1867 5143 3457 5226">
    <p class='ocr_par' dir='ltr' id='par_1_113' title="bbox 1867 5143 3457 5226">
     <span class='ocr_line' id='line_1_113' title="bbox 1867 5143 3457 5226; baseline 0.014 -29"><span class='ocrx_word' id='word_1_950' title='bbox 1867 5143 2008 5199; x_wconf 88' lang='lat' dir='ltr'><strong>male</strong></span> <span class='ocrx_word' id='word_1_951' title='bbox 2035 5144 2109 5198; x_wconf 92' lang='lat' dir='ltr'><strong>uti</strong></span> <span class='ocrx_word' id='word_1_952' title='bbox 2137 5146 2326 5216; x_wconf 89' lang='lat' dir='ltr'><strong>potuit,</strong></span> <span class='ocrx_word' id='word_1_953' title='bbox 2358 5148 2480 5218; x_wconf 89' lang='lat' dir='ltr'><strong>quia</strong></span> <span class='ocrx_word' id='word_1_954' title='bbox 2513 5164 2617 5206; x_wconf 90' lang='lat' dir='ltr'><strong>non</strong></span> <span class='ocrx_word' id='word_1_955' title='bbox 2646 5160 2731 5208; x_wconf 89' lang='lat' dir='ltr'><strong>est</strong></span> <span class='ocrx_word' id='word_1_956' title='bbox 2752 5152 2908 5220; x_wconf 90' lang='lat' dir='ltr'><strong>Deus,</strong></span> <span class='ocrx_word' id='word_1_957' title='bbox 2942 5155 3043 5211; x_wconf 90' lang='lat' dir='ltr'><strong>hoc</strong></span> <span class='ocrx_word' id='word_1_958' title='bbox 3066 5168 3169 5226; x_wconf 90' lang='lat' dir='ltr'><strong>est,</strong></span> <span class='ocrx_word' id='word_1_959' title='bbox 3194 5161 3262 5217; x_wconf 90' lang='lat' dir='ltr'><strong>de</strong></span> <span class='ocrx_word' id='word_1_960' title='bbox 3290 5163 3457 5221; x_wconf 88' lang='lat' dir='ltr'><strong>nihilo</strong></span> 
     </span>
    </p>
   </div>
   <div class='ocr_carea' id='block_1_114' title="bbox 1865 5234 3456 5326">
    <p class='ocr_par' dir='ltr' id='par_1_114' title="bbox 1865 5234 3456 5326">
     <span class='ocr_line' id='line_1_114' title="bbox 1865 5234 3456 5326; baseline 0.014 -36"><span class='ocrx_word' id='word_1_961' title='bbox 1865 5234 2038 5292; x_wconf 77' lang='lat' dir='ltr'><strong>factus</strong></span> <span class='ocrx_word' id='word_1_962' title='bbox 2065 5247 2149 5294; x_wconf 91' lang='lat' dir='ltr'><strong>est</strong></span> <span class='ocrx_word' id='word_1_963' title='bbox 2175 5254 2205 5292; x_wconf 90' lang='lat' dir='ltr'><strong>a</strong></span> <span class='ocrx_word' id='word_1_964' title='bbox 2233 5238 2365 5309; x_wconf 90' lang='lat' dir='ltr'><strong>Deo,</strong></span> <span class='ocrx_word' id='word_1_965' title='bbox 2394 5255 2502 5297; x_wconf 91' lang='lat' dir='ltr'><strong>non</strong></span> <span class='ocrx_word' id='word_1_966' title='bbox 2531 5243 2600 5299; x_wconf 90' lang='lat' dir='ltr'><strong>de</strong></span> <span class='ocrx_word' id='word_1_967' title='bbox 2625 5243 2744 5315; x_wconf 87' lang='lat' dir='ltr'><strong>ipso</strong></span> <span class='ocrx_word' id='word_1_968' title='bbox 2776 5247 2907 5304; x_wconf 92' lang='lat' dir='ltr'><strong>Deo.</strong></span> <span class='ocrx_word' id='word_1_969' title='bbox 2941 5248 3198 5324; x_wconf 81' lang='lat' dir='ltr'><strong>lntellige,</strong></span> <span class='ocrx_word' id='word_1_970' title='bbox 3221 5264 3275 5310; x_wconf 91' lang='lat' dir='ltr'><strong>ct</strong></span> <span class='ocrx_word' id='word_1_971' title='bbox 3305 5266 3456 5326; x_wconf 83' lang='lat' dir='ltr'><strong>tace;</strong></span> 
     </span>
    </p>
   </div>
   <div class='ocr_carea' id='block_1_115' title="bbox 1864 5329 3461 5412">
    <p class='ocr_par' dir='ltr' id='par_1_115' title="bbox 1864 5329 3461 5412">
     <span class='ocr_line' id='line_1_115' title="bbox 1864 5329 3461 5412; baseline 0.014 -30"><span class='ocrx_word' id='word_1_972' title='bbox 1864 5336 1959 5383; x_wconf 90' lang='lat' dir='ltr'><strong>aut</strong></span> <span class='ocrx_word' id='word_1_973' title='bbox 1985 5329 2129 5399; x_wconf 92' lang='lat' dir='ltr'><strong>quod</strong></span> <span class='ocrx_word' id='word_1_974' title='bbox 2157 5329 2502 5403; x_wconf 84' lang='lat' dir='ltr'><strong>intellexeris,</strong></span> <span class='ocrx_word' id='word_1_975' title='bbox 2532 5349 2639 5391; x_wconf 92' lang='lat' dir='ltr'><strong>non</strong></span> <span class='ocrx_word' id='word_1_976' title='bbox 2667 5345 2847 5394; x_wconf 85' lang='lat' dir='ltr'><strong>autem</strong></span> <span class='ocrx_word' id='word_1_977' title='bbox 2871 5341 3013 5412; x_wconf 89' lang='lat' dir='ltr'><strong>quod</strong></span> <span class='ocrx_word' id='word_1_978' title='bbox 3043 5358 3152 5400; x_wconf 89' lang='lat' dir='ltr'><strong>non</strong></span> <span class='ocrx_word' id='word_1_979' title='bbox 3179 5347 3461 5404; x_wconf 76' lang='lat' dir='ltr'><strong>intellexe-</strong></span> 
     </span>
    </p>
   </div>
   <div class='ocr_carea' id='block_1_116' title="bbox 1864 5421 2238 5493">
    <p class='ocr_par' dir='ltr' id='par_1_116' title="bbox 1864 5421 2238 5493">
     <span class='ocr_line' id='line_1_116' title="bbox 1864 5421 2238 5493; baseline 0.008 -17"><span class='ocrx_word' id='word_1_980' title='bbox 1864 5421 1938 5477; x_wconf 89' lang='lat' dir='ltr'><strong>ris</strong></span> <span class='ocrx_word' id='word_1_981' title='bbox 1954 5462 1970 5485; x_wconf 92' lang='lat'><strong>,</strong></span> <span class='ocrx_word' id='word_1_982' title='bbox 2002 5421 2238 5493; x_wconf 87' lang='lat' dir='ltr'><strong>loquere.</strong></span> 
     </span>
    </p>
   </div>
   <div class='ocr_carea' id='block_1_117' title="bbox 1933 5511 3444 5590">
    <p class='ocr_par' dir='ltr' id='par_1_117' title="bbox 1933 5511 3444 5590">
     <span class='ocr_line' id='line_1_117' title="bbox 1933 5511 3444 5590; baseline 0.016 -23"><span class='ocrx_word' id='word_1_983' title='bbox 1933 5511 2178 5568; x_wconf 80' lang='lat' dir='ltr'><strong>XXXIX.</strong></span> <span class='ocrx_word' id='word_1_984' title='bbox 2205 5513 2325 5571; x_wconf 70' lang='lat' dir='ltr'><strong>Jun.</strong></span> <span class='ocrx_word' id='word_1_985' title='bbox 2355 5516 2552 5574; x_wconf 81' lang='lat' dir='ltr'><strong>Verum</strong></span> <span class='ocrx_word' id='word_1_986' title='bbox 2595 5535 2702 5578; x_wconf 91' lang='lat' dir='ltr'><strong>non</strong></span> <span class='ocrx_word' id='word_1_987' title='bbox 2731 5538 2840 5581; x_wconf 91' lang='lat' dir='ltr'><strong>uno</strong></span> <span class='ocrx_word' id='word_1_988' title='bbox 2877 5528 3036 5585; x_wconf 89' lang='lat' dir='ltr'><strong>modo</strong></span> <span class='ocrx_word' id='word_1_989' title='bbox 3075 5531 3266 5589; x_wconf 83' lang='lat' dir='ltr'><strong>vicisse</strong></span> <span class='ocrx_word' id='word_1_990' title='bbox 3305 5547 3444 5590; x_wconf 78' lang='lat' dir='ltr'><strong>con-</strong></span> 
     </span>
    </p>
   </div>
   <div class='ocr_carea' id='block_1_118' title="bbox 1927 5644 3237 5728">
    <p class='ocr_par' dir='ltr' id='par_1_118' title="bbox 1927 5644 3237 5728">
     <span class='ocr_line' id='line_1_118' title="bbox 1927 5644 3237 5728; baseline 0.021 -38"><span class='ocrx_word' id='word_1_991' title='bbox 1927 5645 1943 5728; x_wconf 57' lang='grc' dir='ltr'>ί</span> <span class='ocrx_word' id='word_1_992' title='bbox 1971 5651 2018 5728; x_wconf 59' lang='grc' dir='ltr'><strong>ιιι</strong></span> <span class='ocrx_word' id='word_1_993' title='bbox 2039 5644 2447 5728; x_wconf 55' lang='lat' dir='ltr'><strong>editispmissum,</strong></span> <span class='ocrx_word' id='word_1_994' title='bbox 2470 5651 2609 5728; x_wconf 60' lang='lat' dir='ltr'><strong>nteit.</strong></span> <span class='ocrx_word' id='word_1_995' title='bbox 2633 5661 2794 5709; x_wconf 77' lang='lat' dir='ltr'><strong>Exstat</strong></span> <span class='ocrx_word' id='word_1_996' title='bbox 2816 5660 2863 5710; x_wconf 93' lang='lat' dir='ltr'><strong>in</strong></span> <span class='ocrx_word' id='word_1_997' title='bbox 2888 5665 3237 5728; x_wconf 65' lang='lat' dir='ltr'><strong>manuscriptis-</strong></span> 
     </span>
    </p>
   </div>
   <div class='ocr_carea' id='block_1_119' title="bbox 1922 5707 2634 5776">
    <p class='ocr_par' dir='ltr' id='par_1_119' title="bbox 1922 5707 2634 5776">
     <span class='ocr_line' id='line_1_119' title="bbox 1922 5707 2634 5776; baseline 0.014 -22"><span class='ocrx_word' id='word_1_998' title='bbox 1922 5707 1944 5776; x_wconf 71' lang='grc' dir='ltr'><strong>ξ</strong></span> <span class='ocrx_word' id='word_1_999' title='bbox 1975 5707 2307 5776; x_wconf 46' lang='grc' dir='ltr'><strong>ι’,ςκιεξ-Ροιι..</strong></span> <span class='ocrx_word' id='word_1_1000' title='bbox 2332 5707 2442 5761; x_wconf 78' lang='lat' dir='ltr'><strong>cunt</strong></span> <span class='ocrx_word' id='word_1_1001' title='bbox 2461 5713 2634 5776; x_wconf 79' lang='lat' dir='ltr'><strong>factus.</strong></span> 
     </span>
    </p>
   </div>
   <div class='ocr_carea' id='block_1_120' title="bbox 1924 5767 2848 5843">
    <p class='ocr_par' dir='ltr' id='par_1_120' title="bbox 1924 5767 2848 5843">
     <span class='ocr_line' id='line_1_120' title="bbox 1924 5767 2848 5843; baseline 0.018 -28"><span class='ocrx_word' id='word_1_1002' title='bbox 1924 5767 1945 5843; x_wconf 63' lang='grc' dir='ltr'><strong>ξ</strong></span> <span class='ocrx_word' id='word_1_1003' title='bbox 1977 5767 2320 5843; x_wconf 72' lang='lat' dir='ltr'><strong>ttic,__liberttnt_,</strong></span> <span class='ocrx_word' id='word_1_1004' title='bbox 2344 5785 2408 5824; x_wconf 88' lang='lat' dir='ltr'><strong>ex</strong></span> <span class='ocrx_word' id='word_1_1005' title='bbox 2431 5767 2534 5825; x_wconf 75' lang='lat' dir='ltr'><strong>M&#39;ss.</strong></span> <span class='ocrx_word' id='word_1_1006' title='bbox 2561 5779 2848 5843; x_wconf 71' lang='lat' dir='ltr'><strong>adiecimus.</strong></span> 
     </span>
    </p>
   </div>
   <div class='ocr_carea' id='block_1_121' title="bbox 1926 5827 2624 5900">
    <p class='ocr_par' dir='ltr' id='par_1_121' title="bbox 1926 5827 2624 5900">
     <span class='ocr_line' id='line_1_121' title="bbox 1926 5827 2624 5900; baseline 0.019 -22"><span class='ocrx_word' id='word_1_1007' title='bbox 1926 5827 1948 5858; x_wconf 69' lang='grc'>⁸</span> <span class='ocrx_word' id='word_1_1008' title='bbox 1980 5831 2053 5880; x_wconf 77' lang='lat' dir='ltr'><strong>sic</strong></span> <span class='ocrx_word' id='word_1_1009' title='bbox 2070 5839 2173 5884; x_wconf 72' lang='lat' dir='ltr'><strong>Mss.</strong></span> <span class='ocrx_word' id='word_1_1010' title='bbox 2200 5838 2250 5881; x_wconf 91' lang='lat' dir='ltr'><strong>tn</strong></span> <span class='ocrx_word' id='word_1_1011' title='bbox 2266 5827 2424 5900; x_wconf 77' lang='lat' dir='ltr'><strong>\‘ign.,</strong></span> <span class='ocrx_word' id='word_1_1012' title='bbox 2449 5829 2624 5891; x_wconf 71' lang='lat' dir='ltr'><strong>autem.</strong></span> 
     </span>
    </p>
   </div>
  </div>
