  <div class='ocr_page' id='page_1' title='image "/cluster/home/n/w/nwhite01/storage/ocr_20150623/44-45/uc1.31175026792435/747.png"; bbox 0 0 4124 6518; ppageno 0'>
   <div class='ocr_carea' id='block_1_1' title="bbox 645 325 785 382">
    <p class='ocr_par' dir='ltr' id='par_1_1' title="bbox 645 325 785 382">
     <span class='ocr_line' id='line_1_1' title="bbox 645 325 785 382; baseline -0.021 0"><span class='ocrx_word' id='word_1_1' title='bbox 645 328 668 382; x_wconf 72' lang='lat' dir='ltr'><strong>I</strong></span> <span class='ocrx_word' id='word_1_2' title='bbox 686 325 785 380; x_wconf 74' lang='grc' dir='ltr'><em>ι’ῖὸ</em></span> 
     </span>
    </p>
   </div>
   <div class='ocr_carea' id='block_1_2' title="bbox 648 419 2244 504">
    <p class='ocr_par' dir='ltr' id='par_1_2' title="bbox 648 419 2244 504">
     <span class='ocr_line' id='line_1_2' title="bbox 648 419 2244 504; baseline -0.011 -17"><span class='ocrx_word' id='word_1_3' title='bbox 648 436 849 498; x_wconf 81' lang='lat' dir='ltr'><strong>tentus,</strong></span> <span class='ocrx_word' id='word_1_4' title='bbox 881 429 1182 504; x_wconf 98' lang='lat' dir='ltr'><strong>argumenti</strong></span> <span class='ocrx_word' id='word_1_5' title='bbox 1212 428 1308 495; x_wconf 85' lang='lat' dir='ltr'><strong>tui,</strong></span> <span class='ocrx_word' id='word_1_6' title='bbox 1350 428 1505 498; x_wconf 82' lang='lat' dir='ltr'><strong>cujus</strong></span> <span class='ocrx_word' id='word_1_7' title='bbox 1535 426 1863 498; x_wconf 77' lang='lat' dir='ltr'><strong>impietatem</strong></span> <span class='ocrx_word' id='word_1_8' title='bbox 1897 419 2127 493; x_wconf 81' lang='lat' dir='ltr'><strong>prodidi.</strong></span> <span class='ocrx_word' id='word_1_9' title='bbox 2152 432 2244 473; x_wconf 83' lang='lat' dir='ltr'><strong>co-</strong></span> 
     </span>
    </p>
   </div>
   <div class='ocr_carea' id='block_1_3' title="bbox 644 511 2246 599">
    <p class='ocr_par' dir='ltr' id='par_1_3' title="bbox 644 511 2246 599">
     <span class='ocr_line' id='line_1_3' title="bbox 644 511 2246 599; baseline -0.012 -16"><span class='ocrx_word' id='word_1_10' title='bbox 644 542 867 599; x_wconf 82' lang='lat' dir='ltr'><strong>arguam</strong></span> <span class='ocrx_word' id='word_1_11' title='bbox 899 525 1209 581; x_wconf 77' lang='lat' dir='ltr'><strong>falsitatem.</strong></span> <span class='ocrx_word' id='word_1_12' title='bbox 1241 522 1375 578; x_wconf 89' lang='lat' dir='ltr'><strong>Cum</strong></span> <span class='ocrx_word' id='word_1_13' title='bbox 1419 535 1550 591; x_wconf 78' lang='lat' dir='ltr'><strong>etgo</strong></span> <span class='ocrx_word' id='word_1_14' title='bbox 1590 518 1875 579; x_wconf 87' lang='lat' dir='ltr'><strong>scriberes,</strong></span> <span class='ocrx_word' id='word_1_15' title='bbox 1909 532 1929 566; x_wconf 75' lang='grc' dir='ltr'><strong>ι</strong></span> <span class='ocrx_word' id='word_1_16' title='bbox 1963 512 2077 567; x_wconf 83' lang='grc' dir='ltr'><strong>Νοη</strong></span> <span class='ocrx_word' id='word_1_17' title='bbox 2124 511 2246 565; x_wconf 88' lang='lat' dir='ltr'><strong>ideo</strong></span> 
     </span>
    </p>
   </div>
   <div class='ocr_carea' id='block_1_4' title="bbox 646 603 2247 690">
    <p class='ocr_par' dir='ltr' id='par_1_4' title="bbox 646 603 2247 690">
     <span class='ocr_line' id='line_1_4' title="bbox 646 603 2247 690; baseline -0.009 -19"><span class='ocrx_word' id='word_1_18' title='bbox 646 619 820 690; x_wconf 86' lang='lat' dir='ltr'><strong>potuit</strong></span> <span class='ocrx_word' id='word_1_19' title='bbox 858 617 990 672; x_wconf 90' lang='lat' dir='ltr'><strong>oriri</strong></span> <span class='ocrx_word' id='word_1_20' title='bbox 1029 615 1281 671; x_wconf 83' lang='lat' dir='ltr'><strong>voluntas</strong></span> <span class='ocrx_word' id='word_1_21' title='bbox 1309 612 1447 668; x_wconf 91' lang='lat' dir='ltr'><strong>mala</strong></span> <span class='ocrx_word' id='word_1_22' title='bbox 1477 611 1529 665; x_wconf 90' lang='lat' dir='ltr'><strong>in</strong></span> <span class='ocrx_word' id='word_1_23' title='bbox 1569 624 1734 680; x_wconf 86' lang='lat' dir='ltr'><strong>opere</strong></span> <span class='ocrx_word' id='word_1_24' title='bbox 1764 608 1878 673; x_wconf 94' lang='lat' dir='ltr'><strong>Dei,</strong></span> <span class='ocrx_word' id='word_1_25' title='bbox 1918 604 2041 677; x_wconf 85' lang='lat' dir='ltr'><strong>quia</strong></span> <span class='ocrx_word' id='word_1_26' title='bbox 2074 619 2105 657; x_wconf 91' lang='lat' dir='ltr'><strong>a</strong></span> <span class='ocrx_word' id='word_1_27' title='bbox 2137 603 2247 657; x_wconf 85' lang='lat' dir='ltr'><strong>Deo</strong></span> 
     </span>
    </p>
   </div>
   <div class='ocr_carea' id='block_1_5' title="bbox 644 697 2239 773">
    <p class='ocr_par' dir='ltr' id='par_1_5' title="bbox 644 697 2239 773">
     <span class='ocr_line' id='line_1_5' title="bbox 644 697 2239 773; baseline -0.013 -8"><span class='ocrx_word' id='word_1_28' title='bbox 644 712 844 765; x_wconf 79' lang='lat' dir='ltr'><strong>laetum</strong></span> <span class='ocrx_word' id='word_1_29' title='bbox 888 716 1005 772; x_wconf 90' lang='lat' dir='ltr'><strong>est;</strong></span> <span class='ocrx_word' id='word_1_30' title='bbox 1036 705 1132 762; x_wconf 89' lang='lat' dir='ltr'><strong>sed</strong></span> <span class='ocrx_word' id='word_1_31' title='bbox 1163 704 1286 760; x_wconf 92' lang='lat' dir='ltr'><strong>ideo</strong></span> <span class='ocrx_word' id='word_1_32' title='bbox 1332 703 1457 773; x_wconf 87' lang='lat' dir='ltr'><strong>quia</strong></span> <span class='ocrx_word' id='word_1_33' title='bbox 1496 701 1565 756; x_wconf 86' lang='lat' dir='ltr'><strong>de</strong></span> <span class='ocrx_word' id='word_1_34' title='bbox 1616 698 1788 753; x_wconf 88' lang='lat' dir='ltr'><strong>nihilo</strong></span> <span class='ocrx_word' id='word_1_35' title='bbox 1838 697 2040 752; x_wconf 89' lang='lat' dir='ltr'><strong>factum</strong></span> <span class='ocrx_word' id='word_1_36' title='bbox 2075 702 2161 751; x_wconf 89' lang='lat' dir='ltr'><strong>est</strong></span> <span class='ocrx_word' id='word_1_37' title='bbox 2218 698 2239 745; x_wconf 62' lang='grc' dir='ltr'><strong><em>ι</em></strong></span> 
     </span>
    </p>
   </div>
   <div class='ocr_carea' id='block_1_6' title="bbox 649 783 2248 871">
    <p class='ocr_par' dir='ltr' id='par_1_6' title="bbox 649 783 2248 871">
     <span class='ocr_line' id='line_1_6' title="bbox 649 783 2248 871; baseline -0.009 -18"><span class='ocrx_word' id='word_1_38' title='bbox 649 799 671 871; x_wconf 96' lang='grc'>(</span> <span class='ocrx_word' id='word_1_39' title='bbox 696 798 772 853; x_wconf 84' lang='lat' dir='ltr'><strong>De</strong></span> <span class='ocrx_word' id='word_1_40' title='bbox 799 796 1011 868; x_wconf 75' lang='lat' dir='ltr'><strong>Nuptiis</strong></span> <span class='ocrx_word' id='word_1_41' title='bbox 1046 805 1094 851; x_wconf 84' lang='lat' dir='ltr'><strong>et</strong></span> <span class='ocrx_word' id='word_1_42' title='bbox 1128 791 1566 864; x_wconf 74' lang='lat' dir='ltr'><strong>Concttpiscentia,</strong></span> <span class='ocrx_word' id='word_1_43' title='bbox 1596 787 1685 845; x_wconf 80' lang='lat' dir='ltr'><strong>lib.</strong></span> <span class='ocrx_word' id='word_1_44' title='bbox 1712 787 1769 855; x_wconf 75' lang='lat'><strong>2,</strong></span> <span class='ocrx_word' id='word_1_45' title='bbox 1811 804 1865 840; x_wconf 84' lang='grc' dir='ltr'><strong>η.</strong></span> <span class='ocrx_word' id='word_1_46' title='bbox 1894 786 1998 857; x_wconf 72' lang='grc'><strong>48)</strong></span> <span class='ocrx_word' id='word_1_47' title='bbox 2020 801 2035 838; x_wconf 89' lang='lat'><strong>:</strong></span> <span class='ocrx_word' id='word_1_48' title='bbox 2060 783 2248 839; x_wconf 83' lang='lat' dir='ltr'><strong>videre</strong></span> 
     </span>
    </p>
   </div>
   <div class='ocr_carea' id='block_1_7' title="bbox 652 881 2249 959">
    <p class='ocr_par' dir='ltr' id='par_1_7' title="bbox 652 881 2249 959">
     <span class='ocr_line' id='line_1_7' title="bbox 652 881 2249 959; baseline -0.011 -14"><span class='ocrx_word' id='word_1_49' title='bbox 652 890 943 953; x_wconf 86' lang='lat' dir='ltr'><strong>debueras,</strong></span> <span class='ocrx_word' id='word_1_50' title='bbox 974 902 1133 959; x_wconf 89' lang='lat' dir='ltr'><strong>quam</strong></span> <span class='ocrx_word' id='word_1_51' title='bbox 1157 885 1397 940; x_wconf 89' lang='lat' dir='ltr'><strong>valenter</strong></span> <span class='ocrx_word' id='word_1_52' title='bbox 1415 881 1642 937; x_wconf 89' lang='lat' dir='ltr'><strong>aliarum</strong></span> <span class='ocrx_word' id='word_1_53' title='bbox 1666 882 2035 935; x_wconf 83' lang='lat' dir='ltr'><strong>creaturarum</strong></span> <span class='ocrx_word' id='word_1_54' title='bbox 2060 888 2249 932; x_wconf 85' lang='lat' dir='ltr'><strong>exem-</strong></span> 
     </span>
    </p>
   </div>
   <div class='ocr_carea' id='block_1_8' title="bbox 649 966 2241 1050">
    <p class='ocr_par' dir='ltr' id='par_1_8' title="bbox 649 966 2241 1050">
     <span class='ocr_line' id='line_1_8' title="bbox 649 966 2241 1050; baseline -0.008 -18"><span class='ocrx_word' id='word_1_55' title='bbox 649 981 737 1050; x_wconf 90' lang='lat' dir='ltr'><strong>pla</strong></span> <span class='ocrx_word' id='word_1_56' title='bbox 771 978 1205 1047; x_wconf 70' lang='lat' dir='ltr'><strong>praescriberent,</strong></span> <span class='ocrx_word' id='word_1_57' title='bbox 1250 990 1371 1046; x_wconf 82' lang='lat' dir='ltr'><strong>qua:</strong></span> <span class='ocrx_word' id='word_1_58' title='bbox 1394 972 1617 1028; x_wconf 90' lang='lat' dir='ltr'><strong>totidem</strong></span> <span class='ocrx_word' id='word_1_59' title='bbox 1660 970 1935 1042; x_wconf 67' lang='lat' dir='ltr'><strong>productae</strong></span> <span class='ocrx_word' id='word_1_60' title='bbox 1958 968 2028 1025; x_wconf 87' lang='lat' dir='ltr'><strong>de</strong></span> <span class='ocrx_word' id='word_1_61' title='bbox 2048 966 2241 1031; x_wconf 86' lang='lat' dir='ltr'><strong>nihilo,</strong></span> 
     </span>
    </p>
   </div>
   <div class='ocr_carea' id='block_1_9' title="bbox 653 1061 2249 1137">
    <p class='ocr_par' dir='ltr' id='par_1_9' title="bbox 653 1061 2249 1137">
     <span class='ocr_line' id='line_1_9' title="bbox 653 1061 2249 1137; baseline -0.011 -8"><span class='ocrx_word' id='word_1_62' title='bbox 653 1075 812 1129; x_wconf 71' lang='lat' dir='ltr'><strong>mala:</strong></span> <span class='ocrx_word' id='word_1_63' title='bbox 842 1083 1021 1128; x_wconf 89' lang='lat' dir='ltr'><strong>tamen</strong></span> <span class='ocrx_word' id='word_1_64' title='bbox 1054 1069 1338 1126; x_wconf 85' lang='lat' dir='ltr'><strong>voluntatis</strong></span> <span class='ocrx_word' id='word_1_65' title='bbox 1378 1062 1606 1137; x_wconf 83' lang='lat' dir='ltr'><strong>capaces</strong></span> <span class='ocrx_word' id='word_1_66' title='bbox 1646 1079 1752 1119; x_wconf 90' lang='lat' dir='ltr'><strong>non</strong></span> <span class='ocrx_word' id='word_1_67' title='bbox 1780 1071 1927 1119; x_wconf 89' lang='lat' dir='ltr'><strong>sunt.</strong></span> <span class='ocrx_word' id='word_1_68' title='bbox 1971 1061 2249 1115; x_wconf 87' lang='lat' dir='ltr'><strong>Postremo</strong></span> 
     </span>
    </p>
   </div>
   <div class='ocr_carea' id='block_1_10' title="bbox 654 1149 2250 1237">
    <p class='ocr_par' dir='ltr' id='par_1_10' title="bbox 654 1149 2250 1237">
     <span class='ocr_line' id='line_1_10' title="bbox 654 1149 2250 1237; baseline -0.011 -17"><span class='ocrx_word' id='word_1_69' title='bbox 654 1166 771 1237; x_wconf 85' lang='lat' dir='ltr'><strong>ipsa</strong></span> <span class='ocrx_word' id='word_1_70' title='bbox 800 1166 1082 1227; x_wconf 90' lang='lat' dir='ltr'><strong>elementa,</strong></span> <span class='ocrx_word' id='word_1_71' title='bbox 1111 1177 1229 1233; x_wconf 79' lang='lat' dir='ltr'><strong>qua:</strong></span> <span class='ocrx_word' id='word_1_72' title='bbox 1257 1174 1383 1215; x_wconf 90' lang='lat' dir='ltr'><strong>vere</strong></span> <span class='ocrx_word' id='word_1_73' title='bbox 1411 1153 1538 1213; x_wconf 84' lang='lat' dir='ltr'><strong>sunt</strong></span> <span class='ocrx_word' id='word_1_74' title='bbox 1560 1156 1695 1218; x_wconf 82' lang='lat' dir='ltr'><strong>facta</strong></span> <span class='ocrx_word' id='word_1_75' title='bbox 1726 1170 1793 1210; x_wconf 85' lang='lat' dir='ltr'><strong>ex</strong></span> <span class='ocrx_word' id='word_1_76' title='bbox 1819 1153 2007 1218; x_wconf 86' lang='lat' dir='ltr'><strong>nihilo,</strong></span> <span class='ocrx_word' id='word_1_77' title='bbox 2031 1166 2140 1206; x_wconf 93' lang='lat' dir='ltr'><strong>non</strong></span> <span class='ocrx_word' id='word_1_78' title='bbox 2159 1149 2250 1204; x_wconf 85' lang='lat' dir='ltr'><strong>ali-</strong></span> 
     </span>
    </p>
   </div>
   <div class='ocr_carea' id='block_1_11' title="bbox 654 1249 2248 1328">
    <p class='ocr_par' dir='ltr' id='par_1_11' title="bbox 654 1249 2248 1328">
     <span class='ocr_line' id='line_1_11' title="bbox 654 1249 2248 1328; baseline -0.009 -16"><span class='ocrx_word' id='word_1_79' title='bbox 654 1257 810 1328; x_wconf 86' lang='lat' dir='ltr'><strong>cujus</strong></span> <span class='ocrx_word' id='word_1_80' title='bbox 837 1254 1124 1311; x_wconf 81' lang='lat' dir='ltr'><strong>voluntatis</strong></span> <span class='ocrx_word' id='word_1_81' title='bbox 1153 1251 1537 1308; x_wconf 85' lang='lat' dir='ltr'><strong>conscientiam</strong></span> <span class='ocrx_word' id='word_1_82' title='bbox 1560 1256 1769 1321; x_wconf 90' lang='lat' dir='ltr'><strong>queunt</strong></span> <span class='ocrx_word' id='word_1_83' title='bbox 1795 1249 2016 1314; x_wconf 88' lang='lat' dir='ltr'><strong>habere,</strong></span> <span class='ocrx_word' id='word_1_84' title='bbox 2041 1255 2099 1299; x_wconf 92' lang='lat' dir='ltr'><strong>ut</strong></span> <span class='ocrx_word' id='word_1_85' title='bbox 2125 1259 2248 1299; x_wconf 87' lang='lat' dir='ltr'><strong>mo-</strong></span> 
     </span>
    </p>
   </div>
   <div class='ocr_carea' id='block_1_12' title="bbox 657 1338 2245 1420">
    <p class='ocr_par' dir='ltr' id='par_1_12' title="bbox 657 1338 2245 1420">
     <span class='ocr_line' id='line_1_12' title="bbox 657 1338 2245 1420; baseline -0.011 -12"><span class='ocrx_word' id='word_1_86' title='bbox 657 1353 801 1409; x_wconf 90' lang='lat' dir='ltr'><strong>tibus</strong></span> <span class='ocrx_word' id='word_1_87' title='bbox 842 1349 997 1406; x_wconf 87' lang='lat' dir='ltr'><strong>malis</strong></span> <span class='ocrx_word' id='word_1_88' title='bbox 1039 1355 1402 1420; x_wconf 89' lang='lat' dir='ltr'><strong>protestentur</strong></span> <span class='ocrx_word' id='word_1_89' title='bbox 1428 1343 1652 1414; x_wconf 79' lang='lat' dir='ltr'><strong>originis</strong></span> <span class='ocrx_word' id='word_1_90' title='bbox 1685 1358 1798 1397; x_wconf 74' lang='lat' dir='ltr'><strong>sua:</strong></span> <span class='ocrx_word' id='word_1_91' title='bbox 1843 1338 2245 1396; x_wconf 86' lang='lat' dir='ltr'><strong>necessitatem.</strong></span> 
     </span>
    </p>
   </div>
   <div class='ocr_carea' id='block_1_13' title="bbox 658 1429 2245 1508">
    <p class='ocr_par' dir='ltr' id='par_1_13' title="bbox 658 1429 2245 1508">
     <span class='ocr_line' id='line_1_13' title="bbox 658 1429 2245 1508; baseline -0.009 -9"><span class='ocrx_word' id='word_1_92' title='bbox 658 1445 976 1499; x_wconf 83' lang='lat' dir='ltr'><strong>Anitnantes</strong></span> <span class='ocrx_word' id='word_1_93' title='bbox 1002 1449 1203 1508; x_wconf 90' lang='lat' dir='ltr'><strong>autem,</strong></span> <span class='ocrx_word' id='word_1_94' title='bbox 1226 1446 1282 1493; x_wconf 91' lang='lat' dir='ltr'><strong>et</strong></span> <span class='ocrx_word' id='word_1_95' title='bbox 1301 1438 1501 1508; x_wconf 90' lang='lat' dir='ltr'><strong>reliqua</strong></span> <span class='ocrx_word' id='word_1_96' title='bbox 1526 1435 1679 1506; x_wconf 88' lang='lat' dir='ltr'><strong>queis</strong></span> <span class='ocrx_word' id='word_1_97' title='bbox 1694 1432 1946 1505; x_wconf 91' lang='lat' dir='ltr'><strong>impletus</strong></span> <span class='ocrx_word' id='word_1_98' title='bbox 1967 1438 2052 1486; x_wconf 92' lang='lat' dir='ltr'><strong>est</strong></span> <span class='ocrx_word' id='word_1_99' title='bbox 2077 1429 2245 1495; x_wconf 82' lang='lat' dir='ltr'><strong>orbis,</strong></span> 
     </span>
    </p>
   </div>
   <div class='ocr_carea' id='block_1_14' title="bbox 656 1521 2245 1598">
    <p class='ocr_par' dir='ltr' id='par_1_14' title="bbox 656 1521 2245 1598">
     <span class='ocr_line' id='line_1_14' title="bbox 656 1521 2245 1598; baseline -0.009 -9"><span class='ocrx_word' id='word_1_100' title='bbox 656 1550 764 1589; x_wconf 91' lang='lat' dir='ltr'><strong>non</strong></span> <span class='ocrx_word' id='word_1_101' title='bbox 794 1533 862 1589; x_wconf 92' lang='lat' dir='ltr'><strong>de</strong></span> <span class='ocrx_word' id='word_1_102' title='bbox 904 1532 1092 1598; x_wconf 88' lang='lat' dir='ltr'><strong>nihilo,</strong></span> <span class='ocrx_word' id='word_1_103' title='bbox 1145 1539 1400 1585; x_wconf 60' lang='lat' dir='ltr'><strong>caeterum</strong></span> <span class='ocrx_word' id='word_1_104' title='bbox 1434 1526 1547 1598; x_wconf 87' lang='lat' dir='ltr'><strong>jam</strong></span> <span class='ocrx_word' id='word_1_105' title='bbox 1577 1542 1644 1581; x_wconf 84' lang='lat' dir='ltr'><strong>ex</strong></span> <span class='ocrx_word' id='word_1_106' title='bbox 1684 1526 1865 1595; x_wconf 91' lang='lat' dir='ltr'><strong>aliquo</strong></span> <span class='ocrx_word' id='word_1_107' title='bbox 1912 1521 2245 1593; x_wconf 88' lang='lat' dir='ltr'><strong>prodierunt.</strong></span> 
     </span>
    </p>
   </div>
   <div class='ocr_carea' id='block_1_15' title="bbox 660 1615 2250 1693">
    <p class='ocr_par' dir='ltr' id='par_1_15' title="bbox 660 1615 2250 1693">
     <span class='ocr_line' id='line_1_15' title="bbox 660 1615 2250 1693; baseline -0.009 -13"><span class='ocrx_word' id='word_1_108' title='bbox 660 1623 762 1680; x_wconf 87' lang='lat' dir='ltr'><strong>Ubi</strong></span> <span class='ocrx_word' id='word_1_109' title='bbox 796 1633 880 1679; x_wconf 91' lang='lat' dir='ltr'><strong>est</strong></span> <span class='ocrx_word' id='word_1_110' title='bbox 920 1637 1049 1693; x_wconf 85' lang='lat' dir='ltr'><strong>ergo</strong></span> <span class='ocrx_word' id='word_1_111' title='bbox 1070 1621 1150 1676; x_wconf 87' lang='lat' dir='ltr'><strong>vis</strong></span> <span class='ocrx_word' id='word_1_112' title='bbox 1176 1617 1447 1676; x_wconf 82' lang='lat' dir='ltr'><strong>inanitatis</strong></span> <span class='ocrx_word' id='word_1_113' title='bbox 1483 1619 1738 1688; x_wconf 66' lang='lat' dir='ltr'><strong>antiquae,</strong></span> <span class='ocrx_word' id='word_1_114' title='bbox 1768 1631 1887 1687; x_wconf 74' lang='lat' dir='ltr'><strong>qua:</strong></span> <span class='ocrx_word' id='word_1_115' title='bbox 1916 1615 2109 1669; x_wconf 91' lang='lat' dir='ltr'><strong>malam</strong></span> <span class='ocrx_word' id='word_1_116' title='bbox 2150 1627 2250 1667; x_wconf 86' lang='lat' dir='ltr'><strong>vo-</strong></span> 
     </span>
    </p>
   </div>
   <div class='ocr_carea' id='block_1_16' title="bbox 657 1704 2251 1786">
    <p class='ocr_par' dir='ltr' id='par_1_16' title="bbox 657 1704 2251 1786">
     <span class='ocr_line' id='line_1_16' title="bbox 657 1704 2251 1786; baseline -0.008 -14"><span class='ocrx_word' id='word_1_117' title='bbox 657 1719 915 1773; x_wconf 86' lang='lat' dir='ltr'><strong>luntatem</strong></span> <span class='ocrx_word' id='word_1_118' title='bbox 947 1714 1122 1786; x_wconf 84' lang='lat' dir='ltr'><strong>coegit</strong></span> <span class='ocrx_word' id='word_1_119' title='bbox 1140 1714 1409 1778; x_wconf 82' lang='lat' dir='ltr'><strong>existere;</strong></span> <span class='ocrx_word' id='word_1_120' title='bbox 1440 1726 1564 1767; x_wconf 85' lang='lat' dir='ltr'><strong>cum</strong></span> <span class='ocrx_word' id='word_1_121' title='bbox 1593 1718 1786 1781; x_wconf 67' lang='lat' dir='ltr'><strong>prwter</strong></span> <span class='ocrx_word' id='word_1_122' title='bbox 1805 1706 2120 1763; x_wconf 81' lang='lat' dir='ltr'><strong>rationabile</strong></span> <span class='ocrx_word' id='word_1_123' title='bbox 2142 1704 2251 1760; x_wconf 85' lang='lat' dir='ltr'><strong>ani-</strong></span> 
     </span>
    </p>
   </div>
   <div class='ocr_carea' id='block_1_17' title="bbox 656 1797 2021 1876">
    <p class='ocr_par' dir='ltr' id='par_1_17' title="bbox 656 1797 2021 1876">
     <span class='ocr_line' id='line_1_17' title="bbox 656 1797 2021 1876; baseline -0.01 -13"><span class='ocrx_word' id='word_1_124' title='bbox 656 1809 787 1874; x_wconf 89' lang='lat' dir='ltr'><strong>mal,</strong></span> <span class='ocrx_word' id='word_1_125' title='bbox 817 1806 1088 1863; x_wconf 87' lang='lat' dir='ltr'><strong>neminem</strong></span> <span class='ocrx_word' id='word_1_126' title='bbox 1111 1819 1336 1876; x_wconf 82' lang='lat' dir='ltr'><strong>peccare</strong></span> <span class='ocrx_word' id='word_1_127' title='bbox 1356 1812 1519 1874; x_wconf 88' lang='lat' dir='ltr'><strong>posse</strong></span> <span class='ocrx_word' id='word_1_128' title='bbox 1540 1800 1882 1857; x_wconf 80' lang='lat' dir='ltr'><strong>manifestum</strong></span> <span class='ocrx_word' id='word_1_129' title='bbox 1908 1797 2021 1853; x_wconf 85' lang='lat' dir='ltr'><strong>sit?</strong></span> 
     </span>
    </p>
   </div>
   <div class='ocr_carea' id='block_1_18' title="bbox 729 1888 2249 1968">
    <p class='ocr_par' dir='ltr' id='par_1_18' title="bbox 729 1888 2249 1968">
     <span class='ocr_line' id='line_1_18' title="bbox 729 1888 2249 1968; baseline -0.009 -13"><span class='ocrx_word' id='word_1_130' title='bbox 729 1902 866 1956; x_wconf 79' lang='lat' dir='ltr'><strong>Anc.</strong></span> <span class='ocrx_word' id='word_1_131' title='bbox 901 1899 1098 1954; x_wconf 80' lang='lat' dir='ltr'><strong>Posses</strong></span> <span class='ocrx_word' id='word_1_132' title='bbox 1114 1906 1302 1968; x_wconf 90' lang='lat' dir='ltr'><strong>putare</strong></span> <span class='ocrx_word' id='word_1_133' title='bbox 1328 1910 1417 1950; x_wconf 92' lang='lat' dir='ltr'><strong>me</strong></span> <span class='ocrx_word' id='word_1_134' title='bbox 1448 1893 1600 1964; x_wconf 82' lang='lat' dir='ltr'><strong>argui</strong></span> <span class='ocrx_word' id='word_1_135' title='bbox 1632 1888 1899 1954; x_wconf 80' lang='lat' dir='ltr'><strong>falsitatis,</strong></span> <span class='ocrx_word' id='word_1_136' title='bbox 1930 1890 1976 1945; x_wconf 93' lang='lat' dir='ltr'><strong>si</strong></span> <span class='ocrx_word' id='word_1_137' title='bbox 2000 1888 2122 1945; x_wconf 84' lang='lat' dir='ltr'><strong>cum</strong></span> <span class='ocrx_word' id='word_1_138' title='bbox 2148 1901 2249 1957; x_wconf 82' lang='lat' dir='ltr'><strong>ego</strong></span> 
     </span>
    </p>
   </div>
   <div class='ocr_carea' id='block_1_19' title="bbox 649 1980 2253 2059">
    <p class='ocr_par' dir='ltr' id='par_1_19' title="bbox 649 1980 2253 2059">
     <span class='ocr_line' id='line_1_19' title="bbox 649 1980 2253 2059; baseline -0.008 -14"><span class='ocrx_word' id='word_1_139' title='bbox 649 1990 937 2054; x_wconf 80' lang='lat' dir='ltr'><strong>dixissem,</strong></span> <span class='ocrx_word' id='word_1_140' title='bbox 963 1987 1083 2043; x_wconf 92' lang='lat' dir='ltr'><strong>ideo</strong></span> <span class='ocrx_word' id='word_1_141' title='bbox 1109 2003 1268 2058; x_wconf 90' lang='lat' dir='ltr'><strong>posse</strong></span> <span class='ocrx_word' id='word_1_142' title='bbox 1296 1994 1478 2041; x_wconf 87' lang='lat' dir='ltr'><strong>nostra</strong></span> <span class='ocrx_word' id='word_1_143' title='bbox 1520 1999 1746 2059; x_wconf 85' lang='lat' dir='ltr'><strong>corpora</strong></span> <span class='ocrx_word' id='word_1_144' title='bbox 1784 1981 2077 2047; x_wconf 90' lang='lat' dir='ltr'><strong>vulnerari,</strong></span> <span class='ocrx_word' id='word_1_145' title='bbox 2124 1980 2253 2051; x_wconf 85' lang='lat' dir='ltr'><strong>quia</strong></span> 
     </span>
    </p>
   </div>
   <div class='ocr_carea' id='block_1_20' title="bbox 652 2063 2251 2147">
    <p class='ocr_par' dir='ltr' id='par_1_20' title="bbox 652 2063 2251 2147">
     <span class='ocr_line' id='line_1_20' title="bbox 652 2063 2251 2147; baseline -0.007 -10"><span class='ocrx_word' id='word_1_146' title='bbox 652 2081 931 2137; x_wconf 83' lang='lat' dir='ltr'><strong>terrestria</strong></span> <span class='ocrx_word' id='word_1_147' title='bbox 978 2088 1137 2147; x_wconf 85' lang='lat' dir='ltr'><strong>sunt,</strong></span> <span class='ocrx_word' id='word_1_148' title='bbox 1182 2063 1500 2135; x_wconf 69' lang='lat' dir='ltr'><strong>ostenderes</strong></span> <span class='ocrx_word' id='word_1_149' title='bbox 1529 2086 1583 2131; x_wconf 93' lang='lat' dir='ltr'><strong>tu</strong></span> <span class='ocrx_word' id='word_1_150' title='bbox 1627 2089 1854 2144; x_wconf 86' lang='lat' dir='ltr'><strong>corpora</strong></span> <span class='ocrx_word' id='word_1_151' title='bbox 1882 2073 2046 2127; x_wconf 89' lang='lat' dir='ltr'><strong>multa</strong></span> <span class='ocrx_word' id='word_1_152' title='bbox 2074 2080 2251 2127; x_wconf 88' lang='lat' dir='ltr'><strong>terre-</strong></span> 
     </span>
    </p>
   </div>
   <div class='ocr_carea' id='block_1_21' title="bbox 654 2164 2254 2245">
    <p class='ocr_par' dir='ltr' id='par_1_21' title="bbox 654 2164 2254 2245">
     <span class='ocr_line' id='line_1_21' title="bbox 654 2164 2254 2245; baseline -0.008 -16"><span class='ocrx_word' id='word_1_153' title='bbox 654 2175 810 2237; x_wconf 87' lang='lat' dir='ltr'><strong>stria,</strong></span> <span class='ocrx_word' id='word_1_154' title='bbox 836 2189 957 2245; x_wconf 82' lang='lat' dir='ltr'><strong>qua:</strong></span> <span class='ocrx_word' id='word_1_155' title='bbox 982 2180 1253 2243; x_wconf 83' lang='lat' dir='ltr'><strong>nequeant</strong></span> <span class='ocrx_word' id='word_1_156' title='bbox 1283 2168 1571 2225; x_wconf 88' lang='lat' dir='ltr'><strong>vulnerari.</strong></span> <span class='ocrx_word' id='word_1_157' title='bbox 1596 2168 1715 2222; x_wconf 90' lang='lat' dir='ltr'><strong>Non</strong></span> <span class='ocrx_word' id='word_1_158' title='bbox 1741 2166 1885 2223; x_wconf 91' lang='lat' dir='ltr'><strong>enim</strong></span> <span class='ocrx_word' id='word_1_159' title='bbox 1908 2181 2030 2221; x_wconf 89' lang='lat' dir='ltr'><strong>esse</strong></span> <span class='ocrx_word' id='word_1_160' title='bbox 2059 2164 2254 2219; x_wconf 87' lang='lat' dir='ltr'><strong>vulnus</strong></span> 
     </span>
    </p>
   </div>
   <div class='ocr_carea' id='block_1_22' title="bbox 653 2256 2250 2337">
    <p class='ocr_par' dir='ltr' id='par_1_22' title="bbox 653 2256 2250 2337">
     <span class='ocr_line' id='line_1_22' title="bbox 653 2256 2250 2337; baseline -0.008 -16"><span class='ocrx_word' id='word_1_161' title='bbox 653 2276 855 2337; x_wconf 90' lang='lat' dir='ltr'><strong>potest,</strong></span> <span class='ocrx_word' id='word_1_162' title='bbox 894 2265 996 2320; x_wconf 75' lang='lat' dir='ltr'><strong>nisi</strong></span> <span class='ocrx_word' id='word_1_163' title='bbox 1029 2264 1083 2318; x_wconf 92' lang='lat' dir='ltr'><strong>in</strong></span> <span class='ocrx_word' id='word_1_164' title='bbox 1113 2278 1342 2334; x_wconf 91' lang='lat' dir='ltr'><strong>corpore</strong></span> <span class='ocrx_word' id='word_1_165' title='bbox 1379 2260 1689 2326; x_wconf 82' lang='lat' dir='ltr'><strong>animantis,</strong></span> <span class='ocrx_word' id='word_1_166' title='bbox 1718 2274 1837 2330; x_wconf 69' lang='lat' dir='ltr'><strong>qua:</strong></span> <span class='ocrx_word' id='word_1_167' title='bbox 1880 2273 2013 2329; x_wconf 82' lang='lat' dir='ltr'><strong>caro</strong></span> <span class='ocrx_word' id='word_1_168' title='bbox 2035 2256 2250 2311; x_wconf 85' lang='lat' dir='ltr'><strong>dicitur.</strong></span> 
     </span>
    </p>
   </div>
   <div class='ocr_carea' id='block_1_23' title="bbox 655 2344 2253 2421">
    <p class='ocr_par' dir='ltr' id='par_1_23' title="bbox 655 2344 2253 2421">
     <span class='ocr_line' id='line_1_23' title="bbox 655 2344 2253 2421; baseline -0.008 -9"><span class='ocrx_word' id='word_1_169' title='bbox 655 2352 761 2412; x_wconf 88' lang='lat' dir='ltr'><strong>Ubi</strong></span> <span class='ocrx_word' id='word_1_170' title='bbox 794 2366 845 2410; x_wconf 90' lang='lat' dir='ltr'><strong>te</strong></span> <span class='ocrx_word' id='word_1_171' title='bbox 870 2355 1163 2409; x_wconf 91' lang='lat' dir='ltr'><strong>admonere</strong></span> <span class='ocrx_word' id='word_1_172' title='bbox 1191 2352 1467 2418; x_wconf 85' lang='lat' dir='ltr'><strong>deberem,</strong></span> <span class='ocrx_word' id='word_1_173' title='bbox 1497 2349 1640 2421; x_wconf 87' lang='lat' dir='ltr'><strong>quod</strong></span> <span class='ocrx_word' id='word_1_174' title='bbox 1666 2349 1852 2403; x_wconf 87' lang='lat' dir='ltr'><strong>videre</strong></span> <span class='ocrx_word' id='word_1_175' title='bbox 1878 2363 1985 2402; x_wconf 90' lang='lat' dir='ltr'><strong>non</strong></span> <span class='ocrx_word' id='word_1_176' title='bbox 2010 2344 2253 2415; x_wconf 86' lang='lat' dir='ltr'><strong>potueris</strong></span> 
     </span>
    </p>
   </div>
   <div class='ocr_carea' id='block_1_24' title="bbox 658 2439 2255 2511">
    <p class='ocr_par' dir='ltr' id='par_1_24' title="bbox 658 2439 2255 2511">
     <span class='ocr_line' id='line_1_24' title="bbox 658 2439 2255 2511; baseline -0.007 -9"><span class='ocrx_word' id='word_1_177' title='bbox 658 2448 981 2503; x_wconf 88' lang='lat' dir='ltr'><strong>sententiam</strong></span> <span class='ocrx_word' id='word_1_178' title='bbox 1027 2446 1183 2500; x_wconf 91' lang='lat' dir='ltr'><strong>istam</strong></span> <span class='ocrx_word' id='word_1_179' title='bbox 1224 2459 1328 2499; x_wconf 91' lang='lat' dir='ltr'><strong>non</strong></span> <span class='ocrx_word' id='word_1_180' title='bbox 1357 2457 1636 2498; x_wconf 89' lang='lat' dir='ltr'><strong>recurrere</strong></span> <span class='ocrx_word' id='word_1_181' title='bbox 1674 2441 1836 2511; x_wconf 91' lang='lat' dir='ltr'><strong>:quia</strong></span> <span class='ocrx_word' id='word_1_182' title='bbox 1870 2455 1975 2494; x_wconf 93' lang='lat' dir='ltr'><strong>non</strong></span> <span class='ocrx_word' id='word_1_183' title='bbox 2007 2439 2147 2493; x_wconf 89' lang='lat' dir='ltr'><strong>sicut</strong></span> <span class='ocrx_word' id='word_1_184' title='bbox 2170 2453 2255 2493; x_wconf 85' lang='lat' dir='ltr'><strong>ve-</strong></span> 
     </span>
    </p>
   </div>
   <div class='ocr_carea' id='block_1_25' title="bbox 663 2518 2251 2608">
    <p class='ocr_par' dir='ltr' id='par_1_25' title="bbox 663 2518 2251 2608">
     <span class='ocr_line' id='line_1_25' title="bbox 663 2518 2251 2608; baseline -0.006 -13"><span class='ocrx_word' id='word_1_185' title='bbox 663 2556 783 2595; x_wconf 90' lang='lat' dir='ltr'><strong>rum</strong></span> <span class='ocrx_word' id='word_1_186' title='bbox 810 2549 915 2603; x_wconf 89' lang='lat' dir='ltr'><strong>est,</strong></span> <span class='ocrx_word' id='word_1_187' title='bbox 941 2537 1115 2594; x_wconf 89' lang='lat' dir='ltr'><strong>Omne</strong></span> <span class='ocrx_word' id='word_1_188' title='bbox 1150 2530 1289 2608; x_wconf 85' lang='lat' dir='ltr'><strong>quod</strong></span> <span class='ocrx_word' id='word_1_189' title='bbox 1318 2526 1494 2606; x_wconf 80' lang='lat' dir='ltr'><strong>potest</strong></span> <span class='ocrx_word' id='word_1_190' title='bbox 1518 2518 1807 2601; x_wconf 83' lang='lat' dir='ltr'><strong>vulnerari,</strong></span> <span class='ocrx_word' id='word_1_191' title='bbox 1842 2541 2096 2589; x_wconf 87' lang='lat' dir='ltr'><strong>terrestre</strong></span> <span class='ocrx_word' id='word_1_192' title='bbox 2126 2547 2251 2587; x_wconf 92' lang='lat' dir='ltr'><strong>eor-</strong></span> 
     </span>
    </p>
   </div>
   <div class='ocr_carea' id='block_1_26' title="bbox 665 2626 2256 2704">
    <p class='ocr_par' dir='ltr' id='par_1_26' title="bbox 665 2626 2256 2704">
     <span class='ocr_line' id='line_1_26' title="bbox 665 2626 2256 2704; baseline -0.005 -15"><span class='ocrx_word' id='word_1_193' title='bbox 665 2646 767 2704; x_wconf 88' lang='lat' dir='ltr'><strong>pus</strong></span> <span class='ocrx_word' id='word_1_194' title='bbox 783 2641 897 2698; x_wconf 91' lang='lat' dir='ltr'><strong>est;</strong></span> <span class='ocrx_word' id='word_1_195' title='bbox 929 2632 1001 2686; x_wconf 89' lang='lat' dir='ltr'><strong>ita</strong></span> <span class='ocrx_word' id='word_1_196' title='bbox 1036 2630 1200 2685; x_wconf 86' lang='lat' dir='ltr'><strong>etiam</strong></span> <span class='ocrx_word' id='word_1_197' title='bbox 1229 2642 1416 2684; x_wconf 80' lang='lat' dir='ltr'><strong>verum</strong></span> <span class='ocrx_word' id='word_1_198' title='bbox 1455 2637 1558 2694; x_wconf 87' lang='lat' dir='ltr'><strong>est,</strong></span> <span class='ocrx_word' id='word_1_199' title='bbox 1586 2626 1759 2683; x_wconf 84' lang='lat' dir='ltr'><strong>Omne</strong></span> <span class='ocrx_word' id='word_1_200' title='bbox 1785 2636 2040 2682; x_wconf 86' lang='lat' dir='ltr'><strong>terrestre</strong></span> <span class='ocrx_word' id='word_1_201' title='bbox 2060 2640 2256 2697; x_wconf 88' lang='lat' dir='ltr'><strong>corpus</strong></span> 
     </span>
    </p>
   </div>
   <div class='ocr_carea' id='block_1_27' title="bbox 666 2718 2255 2795">
    <p class='ocr_par' dir='ltr' id='par_1_27' title="bbox 666 2718 2255 2795">
     <span class='ocr_line' id='line_1_27' title="bbox 666 2718 2255 2795; baseline -0.005 -14"><span class='ocrx_word' id='word_1_202' title='bbox 666 2724 941 2782; x_wconf 88' lang='lat' dir='ltr'><strong>vulnerari</strong></span> <span class='ocrx_word' id='word_1_203' title='bbox 979 2731 1172 2795; x_wconf 88' lang='lat' dir='ltr'><strong>potest.</strong></span> <span class='ocrx_word' id='word_1_204' title='bbox 1202 2721 1313 2778; x_wconf 85' lang='lat' dir='ltr'><strong>Cur</strong></span> <span class='ocrx_word' id='word_1_205' title='bbox 1339 2736 1469 2793; x_wconf 90' lang='lat' dir='ltr'><strong>ergo</strong></span> <span class='ocrx_word' id='word_1_206' title='bbox 1502 2721 1554 2775; x_wconf 87' lang='lat' dir='ltr'><strong>itt</strong></span> <span class='ocrx_word' id='word_1_207' title='bbox 1586 2720 1879 2776; x_wconf 88' lang='lat' dir='ltr'><strong>dialecticis</strong></span> <span class='ocrx_word' id='word_1_208' title='bbox 1907 2718 2255 2790; x_wconf 89' lang='lat' dir='ltr'><strong>jactanticula</strong></span> 
     </span>
    </p>
   </div>
   <div class='ocr_carea' id='block_1_28' title="bbox 672 2810 2263 2880">
    <p class='ocr_par' dir='ltr' id='par_1_28' title="bbox 672 2810 2263 2880">
     <span class='ocr_line' id='line_1_28' title="bbox 672 2810 2263 2880; baseline -0.004 -7"><span class='ocrx_word' id='word_1_209' title='bbox 672 2826 764 2873; x_wconf 89' lang='lat' dir='ltr'><strong>tua</strong></span> <span class='ocrx_word' id='word_1_210' title='bbox 793 2817 1011 2874; x_wconf 89' lang='lat' dir='ltr'><strong>solertia</strong></span> <span class='ocrx_word' id='word_1_211' title='bbox 1032 2815 1375 2880; x_wconf 87' lang='lat' dir='ltr'><strong>dormitavit,</strong></span> <span class='ocrx_word' id='word_1_212' title='bbox 1423 2822 1482 2869; x_wconf 92' lang='lat' dir='ltr'><strong>ut</strong></span> <span class='ocrx_word' id='word_1_213' title='bbox 1520 2830 1623 2869; x_wconf 92' lang='lat' dir='ltr'><strong>non</strong></span> <span class='ocrx_word' id='word_1_214' title='bbox 1652 2813 1992 2877; x_wconf 87' lang='lat' dir='ltr'><strong>adverteres,</strong></span> <span class='ocrx_word' id='word_1_215' title='bbox 2032 2812 2120 2867; x_wconf 89' lang='lat' dir='ltr'><strong>ubi</strong></span> <span class='ocrx_word' id='word_1_216' title='bbox 2145 2810 2263 2875; x_wconf 29' lang='lat' dir='ltr'><strong>dixi,</strong></span> 
     </span>
    </p>
   </div>
   <div class='ocr_carea' id='block_1_29' title="bbox 668 2904 2257 2976">
    <p class='ocr_par' dir='ltr' id='par_1_29' title="bbox 668 2904 2257 2976">
     <span class='ocr_line' id='line_1_29' title="bbox 668 2904 2257 2976; baseline -0.005 -10"><span class='ocrx_word' id='word_1_217' title='bbox 668 2910 792 2966; x_wconf 86' lang='lat' dir='ltr'><strong>ideo</strong></span> <span class='ocrx_word' id='word_1_218' title='bbox 823 2917 1122 2965; x_wconf 88' lang='lat' dir='ltr'><strong>creaturam</strong></span> <span class='ocrx_word' id='word_1_219' title='bbox 1155 2906 1469 2962; x_wconf 89' lang='lat' dir='ltr'><strong>rationalem</strong></span> <span class='ocrx_word' id='word_1_220' title='bbox 1502 2920 1724 2976; x_wconf 85' lang='lat' dir='ltr'><strong>peccare</strong></span> <span class='ocrx_word' id='word_1_221' title='bbox 1752 2905 2007 2974; x_wconf 87' lang='lat' dir='ltr'><strong>potuisse,</strong></span> <span class='ocrx_word' id='word_1_222' title='bbox 2035 2904 2159 2974; x_wconf 88' lang='lat' dir='ltr'><strong>quia</strong></span> <span class='ocrx_word' id='word_1_223' title='bbox 2188 2918 2257 2958; x_wconf 88' lang='lat' dir='ltr'><strong>ex</strong></span> 
     </span>
    </p>
   </div>
   <div class='ocr_carea' id='block_1_30' title="bbox 663 2992 2258 3068">
    <p class='ocr_par' dir='ltr' id='par_1_30' title="bbox 663 2992 2258 3068">
     <span class='ocr_line' id='line_1_30' title="bbox 663 2992 2258 3068; baseline -0.008 -8"><span class='ocrx_word' id='word_1_224' title='bbox 663 3003 833 3060; x_wconf 85' lang='lat' dir='ltr'><strong>nihilo</strong></span> <span class='ocrx_word' id='word_1_225' title='bbox 881 3001 1019 3057; x_wconf 84' lang='lat' dir='ltr'><strong>facta</strong></span> <span class='ocrx_word' id='word_1_226' title='bbox 1066 3008 1300 3065; x_wconf 61' lang='lat' dir='ltr'><strong>est,,tne</strong></span> <span class='ocrx_word' id='word_1_227' title='bbox 1331 2996 1871 3068; x_wconf 81' lang='lat' dir='ltr'><strong>intelligivoluisse,</strong></span> <span class='ocrx_word' id='word_1_228' title='bbox 1915 3010 2075 3050; x_wconf 90' lang='lat' dir='ltr'><strong>omne</strong></span> <span class='ocrx_word' id='word_1_229' title='bbox 2112 2992 2258 3066; x_wconf 91' lang='lat' dir='ltr'><strong>quod</strong></span> 
     </span>
    </p>
   </div>
   <div class='ocr_carea' id='block_1_31' title="bbox 661 3090 2256 3169">
    <p class='ocr_par' dir='ltr' id='par_1_31' title="bbox 661 3090 2256 3169">
     <span class='ocr_line' id='line_1_31' title="bbox 661 3090 2256 3169; baseline -0.008 -16"><span class='ocrx_word' id='word_1_230' title='bbox 661 3106 890 3169; x_wconf 86' lang='lat' dir='ltr'><strong>peccare</strong></span> <span class='ocrx_word' id='word_1_231' title='bbox 933 3102 1127 3166; x_wconf 90' lang='lat' dir='ltr'><strong>potest,</strong></span> <span class='ocrx_word' id='word_1_232' title='bbox 1179 3107 1246 3147; x_wconf 84' lang='lat' dir='ltr'><strong>ex</strong></span> <span class='ocrx_word' id='word_1_233' title='bbox 1287 3091 1454 3146; x_wconf 90' lang='lat' dir='ltr'><strong>nihilo</strong></span> <span class='ocrx_word' id='word_1_234' title='bbox 1495 3090 1692 3145; x_wconf 87' lang='lat' dir='ltr'><strong>factum</strong></span> <span class='ocrx_word' id='word_1_235' title='bbox 1736 3104 1879 3156; x_wconf 87' lang='lat' dir='ltr'><strong>esse,</strong></span> <span class='ocrx_word' id='word_1_236' title='bbox 1929 3104 2035 3143; x_wconf 92' lang='lat' dir='ltr'><strong>non</strong></span> <span class='ocrx_word' id='word_1_237' title='bbox 2075 3098 2256 3141; x_wconf 90' lang='lat' dir='ltr'><strong>autem</strong></span> 
     </span>
    </p>
   </div>
   <div class='ocr_carea' id='block_1_32' title="bbox 662 3174 2273 3261">
    <p class='ocr_par' dir='ltr' id='par_1_32' title="bbox 662 3174 2273 3261">
     <span class='ocr_line' id='line_1_32' title="bbox 662 3174 2273 3261; baseline -0.007 -18"><span class='ocrx_word' id='word_1_238' title='bbox 662 3180 826 3243; x_wconf 76' lang='lat' dir='ltr'><strong>mune</strong></span> <span class='ocrx_word' id='word_1_239' title='bbox 847 3184 989 3257; x_wconf 91' lang='lat' dir='ltr'><strong>quod</strong></span> <span class='ocrx_word' id='word_1_240' title='bbox 1017 3201 1079 3240; x_wconf 75' lang='lat' dir='ltr'><strong>ex</strong></span> <span class='ocrx_word' id='word_1_241' title='bbox 1101 3182 1271 3240; x_wconf 87' lang='lat' dir='ltr'><strong>nihilo</strong></span> <span class='ocrx_word' id='word_1_242' title='bbox 1290 3180 1487 3261; x_wconf 75' lang='lat' dir='ltr'><strong>factum</strong></span> <span class='ocrx_word' id='word_1_243' title='bbox 1509 3190 1613 3244; x_wconf 83' lang='lat' dir='ltr'><strong>est,</strong></span> <span class='ocrx_word' id='word_1_244' title='bbox 1642 3196 1799 3249; x_wconf 84' lang='lat' dir='ltr'><strong>posse</strong></span> <span class='ocrx_word' id='word_1_245' title='bbox 1825 3174 2085 3250; x_wconf 84' lang='lat' dir='ltr'><strong>peccare?</strong></span> <span class='ocrx_word' id='word_1_246' title='bbox 2104 3176 2273 3247; x_wconf 39' lang='lat' dir='ltr'><strong>Quod,</strong></span> 
     </span>
    </p>
   </div>
   <div class='ocr_carea' id='block_1_33' title="bbox 664 3270 2267 3350">
    <p class='ocr_par' dir='ltr' id='par_1_33' title="bbox 664 3270 2267 3350">
     <span class='ocr_line' id='line_1_33' title="bbox 664 3270 2267 3350; baseline -0.008 -15"><span class='ocrx_word' id='word_1_247' title='bbox 664 3290 918 3350; x_wconf 88' lang='lat' dir='ltr'><strong>tanquam</strong></span> <span class='ocrx_word' id='word_1_248' title='bbox 947 3276 1225 3342; x_wconf 84' lang='lat' dir='ltr'><strong>dixissem,</strong></span> <span class='ocrx_word' id='word_1_249' title='bbox 1257 3275 1327 3328; x_wconf 91' lang='lat' dir='ltr'><strong>ita</strong></span> <span class='ocrx_word' id='word_1_250' title='bbox 1352 3270 1483 3329; x_wconf 86' lang='lat' dir='ltr'><strong>mihi</strong></span> <span class='ocrx_word' id='word_1_251' title='bbox 1510 3272 1751 3342; x_wconf 90' lang='lat' dir='ltr'><strong>objecisli</strong></span> <span class='ocrx_word' id='word_1_252' title='bbox 1782 3285 1870 3327; x_wconf 90' lang='lat' dir='ltr'><strong>res</strong></span> <span class='ocrx_word' id='word_1_253' title='bbox 1892 3270 2046 3336; x_wconf 88' lang='lat' dir='ltr'><strong>alias,</strong></span> <span class='ocrx_word' id='word_1_254' title='bbox 2071 3279 2124 3325; x_wconf 89' lang='lat' dir='ltr'><strong>et</strong></span> <span class='ocrx_word' id='word_1_255' title='bbox 2146 3270 2267 3339; x_wconf 81' lang='lat' dir='ltr'><strong>ipsa</strong></span> 
     </span>
    </p>
   </div>
   <div class='ocr_carea' id='block_1_34' title="bbox 660 3361 2269 3438">
    <p class='ocr_par' dir='ltr' id='par_1_34' title="bbox 660 3361 2269 3438">
     <span class='ocr_line' id='line_1_34' title="bbox 660 3361 2269 3438; baseline -0.007 -11"><span class='ocrx_word' id='word_1_256' title='bbox 660 3370 852 3427; x_wconf 89' lang='lat' dir='ltr'><strong>mundi</strong></span> <span class='ocrx_word' id='word_1_257' title='bbox 884 3370 1147 3425; x_wconf 83' lang='lat' dir='ltr'><strong>elementa</strong></span> <span class='ocrx_word' id='word_1_258' title='bbox 1166 3409 1181 3433; x_wconf 92' lang='lat'><strong>,</strong></span> <span class='ocrx_word' id='word_1_259' title='bbox 1214 3381 1336 3438; x_wconf 76' lang='lat' dir='ltr'><strong>qua:</strong></span> <span class='ocrx_word' id='word_1_260' title='bbox 1360 3381 1483 3420; x_wconf 93' lang='lat' dir='ltr'><strong>cum</strong></span> <span class='ocrx_word' id='word_1_261' title='bbox 1509 3381 1571 3419; x_wconf 82' lang='lat' dir='ltr'><strong>ex</strong></span> <span class='ocrx_word' id='word_1_262' title='bbox 1602 3364 1768 3419; x_wconf 90' lang='lat' dir='ltr'><strong>nihilo</strong></span> <span class='ocrx_word' id='word_1_263' title='bbox 1797 3361 1934 3417; x_wconf 88' lang='lat' dir='ltr'><strong>facta</strong></span> <span class='ocrx_word' id='word_1_264' title='bbox 1973 3363 2103 3426; x_wconf 87' lang='lat' dir='ltr'><strong>sint,</strong></span> <span class='ocrx_word' id='word_1_265' title='bbox 2133 3377 2269 3432; x_wconf 38' lang='lat' dir='ltr'><strong>pec:</strong></span> 
     </span>
    </p>
   </div>
   <div class='ocr_carea' id='block_1_35' title="bbox 663 3454 2271 3532">
    <p class='ocr_par' dir='ltr' id='par_1_35' title="bbox 663 3454 2271 3532">
     <span class='ocr_line' id='line_1_35' title="bbox 663 3454 2271 3532; baseline -0.007 -13"><span class='ocrx_word' id='word_1_266' title='bbox 663 3480 789 3520; x_wconf 89' lang='lat' dir='ltr'><strong>care</strong></span> <span class='ocrx_word' id='word_1_267' title='bbox 818 3479 926 3518; x_wconf 91' lang='lat' dir='ltr'><strong>non</strong></span> <span class='ocrx_word' id='word_1_268' title='bbox 952 3467 1213 3532; x_wconf 86' lang='lat' dir='ltr'><strong>possunt;</strong></span> <span class='ocrx_word' id='word_1_269' title='bbox 1246 3458 1499 3528; x_wconf 88' lang='lat' dir='ltr'><strong>quoniam</strong></span> <span class='ocrx_word' id='word_1_270' title='bbox 1527 3457 1698 3512; x_wconf 90' lang='lat' dir='ltr'><strong>solum</strong></span> <span class='ocrx_word' id='word_1_271' title='bbox 1730 3464 1901 3527; x_wconf 84' lang='lat' dir='ltr'><strong>potest</strong></span> <span class='ocrx_word' id='word_1_272' title='bbox 1943 3454 2145 3509; x_wconf 89' lang='lat' dir='ltr'><strong>animal</strong></span> <span class='ocrx_word' id='word_1_273' title='bbox 2177 3467 2271 3517; x_wconf 80' lang='lat' dir='ltr'><strong>t&#39;a-_</strong></span> 
     </span>
    </p>
   </div>
   <div class='ocr_carea' id='block_1_36' title="bbox 663 3547 2257 3625">
    <p class='ocr_par' dir='ltr' id='par_1_36' title="bbox 663 3547 2257 3625">
     <span class='ocr_line' id='line_1_36' title="bbox 663 3547 2257 3625; baseline -0.006 -14"><span class='ocrx_word' id='word_1_274' title='bbox 663 3555 860 3611; x_wconf 87' lang='lat' dir='ltr'><strong>tinnale</strong></span> <span class='ocrx_word' id='word_1_275' title='bbox 904 3568 1149 3625; x_wconf 86' lang='lat' dir='ltr'><strong>peccare.</strong></span> <span class='ocrx_word' id='word_1_276' title='bbox 1196 3550 1351 3607; x_wconf 81' lang='lat' dir='ltr'><strong>Nunc</strong></span> <span class='ocrx_word' id='word_1_277' title='bbox 1402 3565 1531 3622; x_wconf 80' lang='lat' dir='ltr'><strong>ergo</strong></span> <span class='ocrx_word' id='word_1_278' title='bbox 1573 3549 1788 3620; x_wconf 82' lang='lat' dir='ltr'><strong>evigila,</strong></span> <span class='ocrx_word' id='word_1_279' title='bbox 1830 3557 1993 3619; x_wconf 88' lang='lat' dir='ltr'><strong>atque</strong></span> <span class='ocrx_word' id='word_1_280' title='bbox 2040 3547 2257 3618; x_wconf 87' lang='lat' dir='ltr'><strong>aspice,</strong></span> 
     </span>
    </p>
   </div>
   <div class='ocr_carea' id='block_1_37' title="bbox 665 3640 2258 3717">
    <p class='ocr_par' dir='ltr' id='par_1_37' title="bbox 665 3640 2258 3717">
     <span class='ocr_line' id='line_1_37' title="bbox 665 3640 2258 3717; baseline -0.006 -14"><span class='ocrx_word' id='word_1_281' title='bbox 665 3663 827 3703; x_wconf 87' lang='lat' dir='ltr'><strong>omne</strong></span> <span class='ocrx_word' id='word_1_282' title='bbox 853 3645 995 3717; x_wconf 86' lang='lat' dir='ltr'><strong>quod</strong></span> <span class='ocrx_word' id='word_1_283' title='bbox 1046 3659 1285 3717; x_wconf 24' lang='lat' dir='ltr'><strong>peccare.</strong></span> <span class='ocrx_word' id='word_1_284' title='bbox 1322 3649 1518 3714; x_wconf 86' lang='lat' dir='ltr'><strong>potest,</strong></span> <span class='ocrx_word' id='word_1_285' title='bbox 1567 3640 1636 3697; x_wconf 90' lang='lat' dir='ltr'><strong>de</strong></span> <span class='ocrx_word' id='word_1_286' title='bbox 1662 3641 1833 3696; x_wconf 90' lang='lat' dir='ltr'><strong>nihilo</strong></span> <span class='ocrx_word' id='word_1_287' title='bbox 1870 3641 2065 3694; x_wconf 87' lang='lat' dir='ltr'><strong>factum</strong></span> <span class='ocrx_word' id='word_1_288' title='bbox 2096 3654 2258 3705; x_wconf 90' lang='lat' dir='ltr'><strong>esse;</strong></span> 
     </span>
    </p>
   </div>
   <div class='ocr_carea' id='block_1_38' title="bbox 667 3730 2262 3808">
    <p class='ocr_par' dir='ltr' id='par_1_38' title="bbox 667 3730 2262 3808">
     <span class='ocr_line' id='line_1_38' title="bbox 667 3730 2262 3808; baseline -0.007 -12"><span class='ocrx_word' id='word_1_289' title='bbox 667 3756 769 3797; x_wconf 92' lang='lat' dir='ltr'><strong>nec</strong></span> <span class='ocrx_word' id='word_1_290' title='bbox 790 3739 909 3794; x_wconf 89' lang='lat' dir='ltr'><strong>ideo</strong></span> <span class='ocrx_word' id='word_1_291' title='bbox 939 3738 1179 3808; x_wconf 89' lang='lat' dir='ltr'><strong>sequitur</strong></span> <span class='ocrx_word' id='word_1_292' title='bbox 1204 3736 1366 3792; x_wconf 92' lang='lat' dir='ltr'><strong>etiam</strong></span> <span class='ocrx_word' id='word_1_293' title='bbox 1396 3749 1558 3789; x_wconf 91' lang='lat' dir='ltr'><strong>omne</strong></span> <span class='ocrx_word' id='word_1_294' title='bbox 1585 3733 1728 3804; x_wconf 90' lang='lat' dir='ltr'><strong>quod</strong></span> <span class='ocrx_word' id='word_1_295' title='bbox 1773 3733 1843 3788; x_wconf 92' lang='lat' dir='ltr'><strong>de</strong></span> <span class='ocrx_word' id='word_1_296' title='bbox 1869 3731 2037 3787; x_wconf 90' lang='lat' dir='ltr'><strong>nihilo</strong></span> <span class='ocrx_word' id='word_1_297' title='bbox 2064 3730 2262 3786; x_wconf 89' lang='lat' dir='ltr'><strong>factum</strong></span> 
     </span>
    </p>
   </div>
   <div class='ocr_carea' id='block_1_39' title="bbox 668 3822 2260 3900">
    <p class='ocr_par' dir='ltr' id='par_1_39' title="bbox 668 3822 2260 3900">
     <span class='ocr_line' id='line_1_39' title="bbox 668 3822 2260 3900; baseline -0.007 -14"><span class='ocrx_word' id='word_1_298' title='bbox 668 3840 771 3895; x_wconf 77' lang='lat' dir='ltr'><strong>est,</strong></span> <span class='ocrx_word' id='word_1_299' title='bbox 802 3845 962 3900; x_wconf 89' lang='lat' dir='ltr'><strong>posse</strong></span> <span class='ocrx_word' id='word_1_300' title='bbox 992 3843 1236 3897; x_wconf 88' lang='lat' dir='ltr'><strong>peccare.</strong></span> <span class='ocrx_word' id='word_1_301' title='bbox 1264 3825 1379 3881; x_wconf 88' lang='lat' dir='ltr'><strong>Non</strong></span> <span class='ocrx_word' id='word_1_302' title='bbox 1411 3826 1571 3897; x_wconf 81' lang='lat' dir='ltr'><strong>igitur</strong></span> <span class='ocrx_word' id='word_1_303' title='bbox 1606 3825 1737 3879; x_wconf 90' lang='lat' dir='ltr'><strong>mihi</strong></span> <span class='ocrx_word' id='word_1_304' title='bbox 1763 3822 2107 3894; x_wconf 87' lang='lat' dir='ltr'><strong>proferantur</strong></span> <span class='ocrx_word' id='word_1_305' title='bbox 2135 3822 2260 3889; x_wconf 89' lang='lat' dir='ltr'><strong>alia,</strong></span> 
     </span>
    </p>
   </div>
   <div class='ocr_carea' id='block_1_40' title="bbox 671 3916 2261 3991">
    <p class='ocr_par' dir='ltr' id='par_1_40' title="bbox 671 3916 2261 3991">
     <span class='ocr_line' id='line_1_40' title="bbox 671 3916 2261 3991; baseline -0.004 -16"><span class='ocrx_word' id='word_1_306' title='bbox 671 3938 793 3991; x_wconf 77' lang='lat' dir='ltr'><strong>qua:</strong></span> <span class='ocrx_word' id='word_1_307' title='bbox 819 3920 889 3975; x_wconf 93' lang='lat' dir='ltr'><strong>de</strong></span> <span class='ocrx_word' id='word_1_308' title='bbox 927 3916 1099 3973; x_wconf 85' lang='lat' dir='ltr'><strong>nihilo</strong></span> <span class='ocrx_word' id='word_1_309' title='bbox 1130 3916 1265 3972; x_wconf 83' lang='lat' dir='ltr'><strong>facta</strong></span> <span class='ocrx_word' id='word_1_310' title='bbox 1294 3926 1452 3981; x_wconf 90' lang='lat' dir='ltr'><strong>sunt,</strong></span> <span class='ocrx_word' id='word_1_311' title='bbox 1494 3924 1551 3970; x_wconf 92' lang='lat' dir='ltr'><strong>et</strong></span> <span class='ocrx_word' id='word_1_312' title='bbox 1591 3929 1814 3985; x_wconf 86' lang='lat' dir='ltr'><strong>peccare</strong></span> <span class='ocrx_word' id='word_1_313' title='bbox 1848 3930 1957 3967; x_wconf 93' lang='lat' dir='ltr'><strong>non</strong></span> <span class='ocrx_word' id='word_1_314' title='bbox 1995 3922 2261 3984; x_wconf 89' lang='lat' dir='ltr'><strong>possunt:</strong></span> 
     </span>
    </p>
   </div>
   <div class='ocr_carea' id='block_1_41' title="bbox 675 4002 2261 4082">
    <p class='ocr_par' dir='ltr' id='par_1_41' title="bbox 675 4002 2261 4082">
     <span class='ocr_line' id='line_1_41' title="bbox 675 4002 2261 4082; baseline -0.005 -17"><span class='ocrx_word' id='word_1_315' title='bbox 675 4011 930 4082; x_wconf 86' lang='lat' dir='ltr'><strong>quoniam</strong></span> <span class='ocrx_word' id='word_1_316' title='bbox 969 4024 1074 4063; x_wconf 92' lang='lat' dir='ltr'><strong>non</strong></span> <span class='ocrx_word' id='word_1_317' title='bbox 1100 4002 1245 4075; x_wconf 86' lang='lat' dir='ltr'><strong>dico,</strong></span> <span class='ocrx_word' id='word_1_318' title='bbox 1280 4002 1451 4062; x_wconf 88' lang='lat' dir='ltr'><strong>Omne</strong></span> <span class='ocrx_word' id='word_1_319' title='bbox 1489 4006 1629 4076; x_wconf 91' lang='lat' dir='ltr'><strong>quod</strong></span> <span class='ocrx_word' id='word_1_320' title='bbox 1652 4020 1716 4060; x_wconf 85' lang='lat' dir='ltr'><strong>ex</strong></span> <span class='ocrx_word' id='word_1_321' title='bbox 1746 4004 1913 4059; x_wconf 88' lang='lat' dir='ltr'><strong>nihilo</strong></span> <span class='ocrx_word' id='word_1_322' title='bbox 1935 4004 2131 4058; x_wconf 82' lang='lat' dir='ltr'><strong>factum</strong></span> <span class='ocrx_word' id='word_1_323' title='bbox 2158 4014 2261 4070; x_wconf 92' lang='lat' dir='ltr'><strong>est,</strong></span> 
     </span>
    </p>
   </div>
   <div class='ocr_carea' id='block_1_42' title="bbox 679 4092 2263 4174">
    <p class='ocr_par' dir='ltr' id='par_1_42' title="bbox 679 4092 2263 4174">
     <span class='ocr_line' id='line_1_42' title="bbox 679 4092 2263 4174; baseline -0.005 -18"><span class='ocrx_word' id='word_1_324' title='bbox 679 4118 903 4174; x_wconf 83' lang='lat' dir='ltr'><strong>peccare</strong></span> <span class='ocrx_word' id='word_1_325' title='bbox 940 4108 1148 4172; x_wconf 88' lang='lat' dir='ltr'><strong>potest;</strong></span> <span class='ocrx_word' id='word_1_326' title='bbox 1178 4098 1271 4154; x_wconf 90' lang='lat' dir='ltr'><strong>sed</strong></span> <span class='ocrx_word' id='word_1_327' title='bbox 1294 4092 1416 4154; x_wconf 89' lang='lat' dir='ltr'><strong>dico</strong></span> <span class='ocrx_word' id='word_1_328' title='bbox 1434 4141 1447 4163; x_wconf 93' lang='lat'><strong>,</strong></span> <span class='ocrx_word' id='word_1_329' title='bbox 1467 4098 1637 4153; x_wconf 91' lang='lat' dir='ltr'><strong>Omne</strong></span> <span class='ocrx_word' id='word_1_330' title='bbox 1657 4096 1797 4168; x_wconf 91' lang='lat' dir='ltr'><strong>quod</strong></span> <span class='ocrx_word' id='word_1_331' title='bbox 1823 4111 2044 4165; x_wconf 87' lang='lat' dir='ltr'><strong>peccare</strong></span> <span class='ocrx_word' id='word_1_332' title='bbox 2064 4103 2263 4167; x_wconf 85' lang='lat' dir='ltr'><strong>potest,</strong></span> 
     </span>
    </p>
   </div>
   <div class='ocr_carea' id='block_1_43' title="bbox 678 4184 2279 4262">
    <p class='ocr_par' dir='ltr' id='par_1_43' title="bbox 678 4184 2279 4262">
     <span class='ocr_line' id='line_1_43' title="bbox 678 4184 2279 4262; baseline -0.01 -8"><span class='ocrx_word' id='word_1_333' title='bbox 678 4213 747 4254; x_wconf 84' lang='lat' dir='ltr'><strong>ex</strong></span> <span class='ocrx_word' id='word_1_334' title='bbox 796 4193 966 4251; x_wconf 88' lang='lat' dir='ltr'><strong>nihilo</strong></span> <span class='ocrx_word' id='word_1_335' title='bbox 1010 4193 1205 4248; x_wconf 85' lang='lat' dir='ltr'><strong>factum</strong></span> <span class='ocrx_word' id='word_1_336' title='bbox 1235 4200 1319 4248; x_wconf 91' lang='lat' dir='ltr'><strong>est</strong></span> <span class='ocrx_word' id='word_1_337' title='bbox 1350 4208 1363 4245; x_wconf 90' lang='lat'><strong>:</strong></span> <span class='ocrx_word' id='word_1_338' title='bbox 1392 4196 1643 4262; x_wconf 86' lang='lat' dir='ltr'><strong>tanquam</strong></span> <span class='ocrx_word' id='word_1_339' title='bbox 1674 4189 1717 4245; x_wconf 88' lang='lat' dir='ltr'><strong>si</strong></span> <span class='ocrx_word' id='word_1_340' title='bbox 1758 4187 2035 4253; x_wconf 80' lang='lat' dir='ltr'><strong>dixissem,</strong></span> <span class='ocrx_word' id='word_1_341' title='bbox 2078 4184 2279 4259; x_wconf 17' lang='lat' dir='ltr'><strong>Omnis.</strong></span> 
     </span>
    </p>
   </div>
   <div class='ocr_carea' id='block_1_44' title="bbox 680 4281 2275 4355">
    <p class='ocr_par' dir='ltr' id='par_1_44' title="bbox 680 4281 2275 4355">
     <span class='ocr_line' id='line_1_44' title="bbox 680 4281 2275 4355; baseline -0.009 -10"><span class='ocrx_word' id='word_1_342' title='bbox 680 4290 778 4345; x_wconf 89' lang='lat' dir='ltr'><strong>bos</strong></span> <span class='ocrx_word' id='word_1_343' title='bbox 806 4287 1001 4344; x_wconf 88' lang='lat' dir='ltr'><strong>animal</strong></span> <span class='ocrx_word' id='word_1_344' title='bbox 1022 4294 1125 4352; x_wconf 92' lang='lat' dir='ltr'><strong>est,</strong></span> <span class='ocrx_word' id='word_1_345' title='bbox 1160 4300 1265 4340; x_wconf 92' lang='lat' dir='ltr'><strong>non</strong></span> <span class='ocrx_word' id='word_1_346' title='bbox 1295 4284 1478 4355; x_wconf 89' lang='lat' dir='ltr'><strong>utique</strong></span> <span class='ocrx_word' id='word_1_347' title='bbox 1516 4281 1801 4337; x_wconf 88' lang='lat' dir='ltr'><strong>adversum</strong></span> <span class='ocrx_word' id='word_1_348' title='bbox 1828 4295 1915 4335; x_wconf 90' lang='lat' dir='ltr'><strong>me</strong></span> <span class='ocrx_word' id='word_1_349' title='bbox 1939 4292 2275 4351; x_wconf 43' lang='lat' dir='ltr'><strong>commemof</strong></span> 
     </span>
    </p>
   </div>
   <div class='ocr_carea' id='block_1_45' title="bbox 679 4370 2264 4445">
    <p class='ocr_par' dir='ltr' id='par_1_45' title="bbox 679 4370 2264 4445">
     <span class='ocr_line' id='line_1_45' title="bbox 679 4370 2264 4445; baseline -0.008 -8"><span class='ocrx_word' id='word_1_350' title='bbox 679 4381 790 4438; x_wconf 87' lang='lat' dir='ltr'><strong>rari</strong></span> <span class='ocrx_word' id='word_1_351' title='bbox 817 4378 1116 4435; x_wconf 88' lang='lat' dir='ltr'><strong>debuerunt</strong></span> <span class='ocrx_word' id='word_1_352' title='bbox 1143 4376 1307 4432; x_wconf 88' lang='lat' dir='ltr'><strong>multa</strong></span> <span class='ocrx_word' id='word_1_353' title='bbox 1330 4375 1601 4440; x_wconf 88' lang='lat' dir='ltr'><strong>animalia,</strong></span> <span class='ocrx_word' id='word_1_354' title='bbox 1632 4388 1751 4445; x_wconf 74' lang='lat' dir='ltr'><strong>qua:</strong></span> <span class='ocrx_word' id='word_1_355' title='bbox 1779 4388 1884 4427; x_wconf 89' lang='lat' dir='ltr'><strong>non</strong></span> <span class='ocrx_word' id='word_1_356' title='bbox 1913 4381 2037 4426; x_wconf 92' lang='lat' dir='ltr'><strong>sunt</strong></span> <span class='ocrx_word' id='word_1_357' title='bbox 2064 4370 2264 4436; x_wconf 82' lang='lat' dir='ltr'><strong>boves;</strong></span> 
     </span>
    </p>
   </div>
   <div class='ocr_carea' id='block_1_46' title="bbox 676 4448 2281 4545">
    <p class='ocr_par' dir='ltr' id='par_1_46' title="bbox 676 4448 2281 4545">
     <span class='ocr_line' id='line_1_46' title="bbox 676 4448 2281 4545; baseline -0.007 -18"><span class='ocrx_word' id='word_1_358' title='bbox 676 4472 929 4545; x_wconf 88' lang='lat' dir='ltr'><strong>quoniam</strong></span> <span class='ocrx_word' id='word_1_359' title='bbox 960 4486 1067 4525; x_wconf 92' lang='lat' dir='ltr'><strong>non</strong></span> <span class='ocrx_word' id='word_1_360' title='bbox 1111 4467 1361 4533; x_wconf 80' lang='lat' dir='ltr'><strong>dixerim,</strong></span> <span class='ocrx_word' id='word_1_361' title='bbox 1405 4465 1578 4522; x_wconf 91' lang='lat' dir='ltr'><strong>Omne</strong></span> <span class='ocrx_word' id='word_1_362' title='bbox 1615 4448 1811 4519; x_wconf 85' lang='lat' dir='ltr'><strong>animal</strong></span> <span class='ocrx_word' id='word_1_363' title='bbox 1840 4462 1939 4518; x_wconf 89' lang='lat' dir='ltr'><strong>bos</strong></span> <span class='ocrx_word' id='word_1_364' title='bbox 1976 4470 2096 4527; x_wconf 91' lang='lat' dir='ltr'><strong>est,</strong></span> <span class='ocrx_word' id='word_1_365' title='bbox 2126 4459 2222 4516; x_wconf 87' lang='lat' dir='ltr'><strong>sed</strong></span> <span class='ocrx_word' id='word_1_366' title='bbox 2246 4501 2281 4541; x_wconf 16' lang='grc' dir='ltr'><strong>,ἱ</strong></span> 
     </span>
    </p>
   </div>
   <div class='ocr_carea' id='block_1_47' title="bbox 676 4542 2268 4655">
    <p class='ocr_par' dir='ltr' id='par_1_47' title="bbox 676 4542 2268 4655">
     <span class='ocr_line' id='line_1_47' title="bbox 676 4542 2268 4655; baseline -0.007 -31"><span class='ocrx_word' id='word_1_367' title='bbox 676 4542 867 4655; x_wconf 80' lang='lat' dir='ltr'><strong>Omnis</strong></span> <span class='ocrx_word' id='word_1_368' title='bbox 890 4566 989 4623; x_wconf 91' lang='lat' dir='ltr'><strong>bos</strong></span> <span class='ocrx_word' id='word_1_369' title='bbox 1013 4564 1210 4645; x_wconf 88' lang='lat' dir='ltr'><strong>animal</strong></span> <span class='ocrx_word' id='word_1_370' title='bbox 1240 4572 1343 4619; x_wconf 89' lang='lat' dir='ltr'><strong>est.</strong></span> <span class='ocrx_word' id='word_1_371' title='bbox 1372 4546 1570 4618; x_wconf 87' lang='lat' dir='ltr'><strong>lterum</strong></span> <span class='ocrx_word' id='word_1_372' title='bbox 1592 4577 1725 4633; x_wconf 84' lang='lat' dir='ltr'><strong>ergo</strong></span> <span class='ocrx_word' id='word_1_373' title='bbox 1750 4559 1892 4628; x_wconf 92' lang='lat' dir='ltr'><strong>dico,</strong></span> <span class='ocrx_word' id='word_1_374' title='bbox 1925 4542 2095 4614; x_wconf 90' lang='lat' dir='ltr'><strong>Omne</strong></span> <span class='ocrx_word' id='word_1_375' title='bbox 2124 4556 2268 4630; x_wconf 92' lang='lat' dir='ltr'><strong>quod</strong></span> 
     </span>
    </p>
   </div>
   <div class='ocr_carea' id='block_1_48' title="bbox 679 4648 2279 4733">
    <p class='ocr_par' dir='ltr' id='par_1_48' title="bbox 679 4648 2279 4733">
     <span class='ocr_line' id='line_1_48' title="bbox 679 4648 2279 4733; baseline -0.007 -14"><span class='ocrx_word' id='word_1_376' title='bbox 679 4648 905 4733; x_wconf 81' lang='lat' dir='ltr'><strong>peccare</strong></span> <span class='ocrx_word' id='word_1_377' title='bbox 945 4668 1159 4732; x_wconf 90' lang='lat' dir='ltr'><strong>potest,</strong></span> <span class='ocrx_word' id='word_1_378' title='bbox 1205 4673 1275 4714; x_wconf 84' lang='lat' dir='ltr'><strong>ex</strong></span> <span class='ocrx_word' id='word_1_379' title='bbox 1316 4656 1484 4713; x_wconf 87' lang='lat' dir='ltr'><strong>nihilo</strong></span> <span class='ocrx_word' id='word_1_380' title='bbox 1528 4648 1726 4712; x_wconf 83' lang='lat' dir='ltr'><strong>factum</strong></span> <span class='ocrx_word' id='word_1_381' title='bbox 1763 4652 1855 4710; x_wconf 62' lang='lat' dir='ltr'><strong>&#39;est</strong></span> <span class='ocrx_word' id='word_1_382' title='bbox 1884 4671 1899 4720; x_wconf 93' lang='lat'><strong>;</strong></span> <span class='ocrx_word' id='word_1_383' title='bbox 1931 4668 2093 4708; x_wconf 88' lang='lat' dir='ltr'><strong>omne</strong></span> <span class='ocrx_word' id='word_1_384' title='bbox 2138 4666 2279 4733; x_wconf 81' lang='lat' dir='ltr'><strong>ergo</strong></span> 
     </span>
    </p>
   </div>
   <div class='ocr_carea' id='block_1_49' title="bbox 679 4744 2266 4828">
    <p class='ocr_par' dir='ltr' id='par_1_49' title="bbox 679 4744 2266 4828">
     <span class='ocr_line' id='line_1_49' title="bbox 679 4744 2266 4828; baseline -0.008 -17"><span class='ocrx_word' id='word_1_385' title='bbox 679 4752 821 4828; x_wconf 85' lang='lat' dir='ltr'><strong>quod</strong></span> <span class='ocrx_word' id='word_1_386' title='bbox 838 4769 909 4810; x_wconf 88' lang='lat' dir='ltr'><strong>ex</strong></span> <span class='ocrx_word' id='word_1_387' title='bbox 936 4752 1101 4809; x_wconf 91' lang='lat' dir='ltr'><strong>nihilo</strong></span> <span class='ocrx_word' id='word_1_388' title='bbox 1122 4751 1317 4808; x_wconf 89' lang='lat' dir='ltr'><strong>factum</strong></span> <span class='ocrx_word' id='word_1_389' title='bbox 1341 4761 1461 4816; x_wconf 90' lang='lat' dir='ltr'><strong>est,</strong></span> <span class='ocrx_word' id='word_1_390' title='bbox 1490 4757 1664 4821; x_wconf 90' lang='lat' dir='ltr'><strong>potest</strong></span> <span class='ocrx_word' id='word_1_391' title='bbox 1694 4762 1947 4819; x_wconf 89' lang='lat' dir='ltr'><strong>peccare,</strong></span> <span class='ocrx_word' id='word_1_392' title='bbox 1976 4761 2085 4802; x_wconf 92' lang='lat' dir='ltr'><strong>non</strong></span> <span class='ocrx_word' id='word_1_393' title='bbox 2109 4744 2266 4811; x_wconf 89' lang='lat' dir='ltr'><strong>dico;</strong></span> 
     </span>
    </p>
   </div>
   <div class='ocr_carea' id='block_1_50' title="bbox 675 4835 2269 4917">
    <p class='ocr_par' dir='ltr' id='par_1_50' title="bbox 675 4835 2269 4917">
     <span class='ocr_line' id='line_1_50' title="bbox 675 4835 2269 4917; baseline -0.005 -19"><span class='ocrx_word' id='word_1_394' title='bbox 675 4845 818 4917; x_wconf 87' lang='lat' dir='ltr'><strong>quod</strong></span> <span class='ocrx_word' id='word_1_395' title='bbox 844 4839 988 4902; x_wconf 87' lang='lat' dir='ltr'><strong>velut</strong></span> <span class='ocrx_word' id='word_1_396' title='bbox 1015 4840 1267 4911; x_wconf 79' lang='lat' dir='ltr'><strong>dixerim,</strong></span> <span class='ocrx_word' id='word_1_397' title='bbox 1298 4841 1460 4897; x_wconf 87' lang='lat' dir='ltr'><strong>multa</strong></span> <span class='ocrx_word' id='word_1_398' title='bbox 1484 4854 1895 4901; x_wconf 88' lang='lat' dir='ltr'><strong>commemoras,</strong></span> <span class='ocrx_word' id='word_1_399' title='bbox 1928 4835 2175 4908; x_wconf 84' lang='lat' dir='ltr'><strong>quamvis</strong></span> <span class='ocrx_word' id='word_1_400' title='bbox 2199 4850 2269 4891; x_wconf 83' lang='lat' dir='ltr'><strong>ex</strong></span> 
     </span>
    </p>
   </div>
   <div class='ocr_carea' id='block_1_51' title="bbox 646 4920 2270 5007">
    <p class='ocr_par' dir='ltr' id='par_1_51' title="bbox 646 4920 2270 5007">
     <span class='ocr_line' id='line_1_51' title="bbox 646 4920 2270 5007; baseline -0.007 -15"><span class='ocrx_word' id='word_1_401' title='bbox 646 4969 650 4972; x_wconf 85' lang='lat'><strong><em>~</em></strong></span> <span class='ocrx_word' id='word_1_402' title='bbox 678 4937 846 4992; x_wconf 89' lang='lat' dir='ltr'><strong>nihilo</strong></span> <span class='ocrx_word' id='word_1_403' title='bbox 871 4933 1033 4999; x_wconf 86' lang='lat' dir='ltr'><strong>facta,</strong></span> <span class='ocrx_word' id='word_1_404' title='bbox 1057 4952 1179 5007; x_wconf 67' lang='lat' dir='ltr'><strong>quae</strong></span> <span class='ocrx_word' id='word_1_405' title='bbox 1207 4944 1382 4990; x_wconf 90' lang='lat' dir='ltr'><strong>tamen</strong></span> <span class='ocrx_word' id='word_1_406' title='bbox 1410 4920 1638 5004; x_wconf 88' lang='lat' dir='ltr'><strong>peccare</strong></span> <span class='ocrx_word' id='word_1_407' title='bbox 1658 4948 1763 4987; x_wconf 88' lang='lat' dir='ltr'><strong>non</strong></span> <span class='ocrx_word' id='word_1_408' title='bbox 1786 4939 2030 5002; x_wconf 90' lang='lat' dir='ltr'><strong>possunt.</strong></span> <span class='ocrx_word' id='word_1_409' title='bbox 2054 4927 2270 4985; x_wconf 87' lang='lat' dir='ltr'><strong>Callidi-</strong></span> 
     </span>
    </p>
   </div>
   <div class='ocr_carea' id='block_1_52' title="bbox 680 5021 2266 5096">
    <p class='ocr_par' dir='ltr' id='par_1_52' title="bbox 680 5021 2266 5096">
     <span class='ocr_line' id='line_1_52' title="bbox 680 5021 2266 5096; baseline -0.006 -11"><span class='ocrx_word' id='word_1_410' title='bbox 680 5037 843 5086; x_wconf 88' lang='lat' dir='ltr'><strong>tatetn</strong></span> <span class='ocrx_word' id='word_1_411' title='bbox 873 5038 1018 5085; x_wconf 91' lang='lat' dir='ltr'><strong>tuam</strong></span> <span class='ocrx_word' id='word_1_412' title='bbox 1046 5029 1174 5085; x_wconf 90' lang='lat' dir='ltr'><strong>tolle</strong></span> <span class='ocrx_word' id='word_1_413' title='bbox 1195 5027 1265 5084; x_wconf 86' lang='lat' dir='ltr'><strong>de</strong></span> <span class='ocrx_word' id='word_1_414' title='bbox 1286 5026 1484 5093; x_wconf 91' lang='lat' dir='ltr'><strong>medio,</strong></span> <span class='ocrx_word' id='word_1_415' title='bbox 1512 5041 1614 5096; x_wconf 91' lang='lat' dir='ltr'><strong>qua</strong></span> <span class='ocrx_word' id='word_1_416' title='bbox 1634 5024 1799 5080; x_wconf 89' lang='lat' dir='ltr'><strong>tardis</strong></span> <span class='ocrx_word' id='word_1_417' title='bbox 1819 5023 1998 5079; x_wconf 90' lang='lat' dir='ltr'><strong>illudis</strong></span> <span class='ocrx_word' id='word_1_418' title='bbox 2015 5021 2266 5093; x_wconf 78' lang='lat' dir='ltr'><strong>ingeniis;</strong></span> 
     </span>
    </p>
   </div>
   <div class='ocr_carea' id='block_1_53' title="bbox 684 5113 2270 5190">
    <p class='ocr_par' dir='ltr' id='par_1_53' title="bbox 684 5113 2270 5190">
     <span class='ocr_line' id='line_1_53' title="bbox 684 5113 2270 5190; baseline -0.007 -14"><span class='ocrx_word' id='word_1_419' title='bbox 684 5131 775 5176; x_wconf 75' lang='lat' dir='ltr'><strong>aut</strong></span> <span class='ocrx_word' id='word_1_420' title='bbox 814 5121 1131 5188; x_wconf 61' lang='lat' dir='ltr'><strong>caecitatem,</strong></span> <span class='ocrx_word' id='word_1_421' title='bbox 1161 5134 1267 5190; x_wconf 90' lang='lat' dir='ltr'><strong>qua</strong></span> <span class='ocrx_word' id='word_1_422' title='bbox 1309 5114 1592 5173; x_wconf 86' lang='lat' dir='ltr'><strong>manifesta</strong></span> <span class='ocrx_word' id='word_1_423' title='bbox 1622 5131 1728 5170; x_wconf 92' lang='lat' dir='ltr'><strong>non</strong></span> <span class='ocrx_word' id='word_1_424' title='bbox 1767 5113 1967 5170; x_wconf 88' lang='lat' dir='ltr'><strong>cernis.</strong></span> <span class='ocrx_word' id='word_1_425' title='bbox 1998 5113 2133 5169; x_wconf 88' lang='lat' dir='ltr'><strong>Cum</strong></span> <span class='ocrx_word' id='word_1_426' title='bbox 2173 5128 2270 5167; x_wconf 88' lang='lat' dir='ltr'><strong>au-</strong></span> 
     </span>
    </p>
   </div>
   <div class='ocr_carea' id='block_1_54' title="bbox 690 5206 2289 5285">
    <p class='ocr_par' dir='ltr' id='par_1_54' title="bbox 690 5206 2289 5285">
     <span class='ocr_line' id='line_1_54' title="bbox 690 5206 2289 5285; baseline -0.006 -16"><span class='ocrx_word' id='word_1_427' title='bbox 690 5222 794 5269; x_wconf 86' lang='lat' dir='ltr'><strong>tem</strong></span> <span class='ocrx_word' id='word_1_428' title='bbox 820 5213 941 5269; x_wconf 90' lang='lat' dir='ltr'><strong>dico</strong></span> <span class='ocrx_word' id='word_1_429' title='bbox 958 5255 974 5279; x_wconf 96' lang='lat'><strong>,</strong></span> <span class='ocrx_word' id='word_1_430' title='bbox 1002 5212 1196 5268; x_wconf 83' lang='lat' dir='ltr'><strong>Natura</strong></span> <span class='ocrx_word' id='word_1_431' title='bbox 1224 5226 1347 5283; x_wconf 68' lang='lat' dir='ltr'><strong>qum</strong></span> <span class='ocrx_word' id='word_1_432' title='bbox 1371 5209 1647 5265; x_wconf 89' lang='lat' dir='ltr'><strong>rationalis</strong></span> <span class='ocrx_word' id='word_1_433' title='bbox 1675 5217 1852 5263; x_wconf 88' lang='lat' dir='ltr'><strong>creata</strong></span> <span class='ocrx_word' id='word_1_434' title='bbox 1878 5213 1980 5285; x_wconf 82' lang='lat' dir='ltr'><strong>est,</strong></span> <span class='ocrx_word' id='word_1_435' title='bbox 2010 5206 2132 5262; x_wconf 90' lang='lat' dir='ltr'><strong>ideo</strong></span> <span class='ocrx_word' id='word_1_436' title='bbox 2154 5220 2289 5277; x_wconf 3' lang='lat' dir='ltr'><strong>pec-g</strong></span> 
     </span>
    </p>
   </div>
   <div class='ocr_carea' id='block_1_55' title="bbox 686 5296 2266 5375">
    <p class='ocr_par' dir='ltr' id='par_1_55' title="bbox 686 5296 2266 5375">
     <span class='ocr_line' id='line_1_55' title="bbox 686 5296 2266 5375; baseline -0.006 -16"><span class='ocrx_word' id='word_1_437' title='bbox 686 5316 810 5359; x_wconf 84' lang='lat' dir='ltr'><strong>care</strong></span> <span class='ocrx_word' id='word_1_438' title='bbox 854 5303 1053 5375; x_wconf 91' lang='lat' dir='ltr'><strong>potuit,</strong></span> <span class='ocrx_word' id='word_1_439' title='bbox 1092 5303 1216 5373; x_wconf 89' lang='lat' dir='ltr'><strong>quia</strong></span> <span class='ocrx_word' id='word_1_440' title='bbox 1260 5302 1330 5359; x_wconf 85' lang='lat' dir='ltr'><strong>de</strong></span> <span class='ocrx_word' id='word_1_441' title='bbox 1373 5297 1543 5356; x_wconf 89' lang='lat' dir='ltr'><strong>nihilo</strong></span> <span class='ocrx_word' id='word_1_442' title='bbox 1573 5298 1711 5354; x_wconf 86' lang='lat' dir='ltr'><strong>facta</strong></span> <span class='ocrx_word' id='word_1_443' title='bbox 1741 5306 1844 5365; x_wconf 88' lang='lat' dir='ltr'><strong>est,</strong></span> <span class='ocrx_word' id='word_1_444' title='bbox 1876 5312 1982 5353; x_wconf 90' lang='lat' dir='ltr'><strong>non</strong></span> <span class='ocrx_word' id='word_1_445' title='bbox 2027 5296 2096 5353; x_wconf 90' lang='lat' dir='ltr'><strong>de</strong></span> <span class='ocrx_word' id='word_1_446' title='bbox 2121 5296 2266 5362; x_wconf 90' lang='lat' dir='ltr'><strong>Deo;</strong></span> 
     </span>
    </p>
   </div>
   <div class='ocr_carea' id='block_1_56' title="bbox 685 5378 2287 5463">
    <p class='ocr_par' dir='ltr' id='par_1_56' title="bbox 685 5378 2287 5463">
     <span class='ocr_line' id='line_1_56' title="bbox 685 5378 2287 5463; baseline -0.003 -14"><span class='ocrx_word' id='word_1_447' title='bbox 685 5392 901 5449; x_wconf 88' lang='lat' dir='ltr'><strong>attende</strong></span> <span class='ocrx_word' id='word_1_448' title='bbox 941 5390 1067 5463; x_wconf 86' lang='lat' dir='ltr'><strong>quid</strong></span> <span class='ocrx_word' id='word_1_449' title='bbox 1091 5392 1289 5459; x_wconf 92' lang='lat' dir='ltr'><strong>dicam,</strong></span> <span class='ocrx_word' id='word_1_450' title='bbox 1317 5378 1541 5447; x_wconf 89' lang='lat' dir='ltr'><strong>nemihi</strong></span> <span class='ocrx_word' id='word_1_451' title='bbox 1572 5403 1756 5445; x_wconf 87' lang='lat' dir='ltr'><strong>rursus</strong></span> <span class='ocrx_word' id='word_1_452' title='bbox 1781 5388 1924 5444; x_wconf 89' lang='lat' dir='ltr'><strong>inani</strong></span> <span class='ocrx_word' id='word_1_453' title='bbox 1950 5388 2287 5459; x_wconf 18' lang='lat' dir='ltr'><strong>loquacitate,</strong></span> 
     </span>
    </p>
   </div>
   <div class='ocr_carea' id='block_1_57' title="bbox 687 5478 2274 5552">
    <p class='ocr_par' dir='ltr' id='par_1_57' title="bbox 687 5478 2274 5552">
     <span class='ocr_line' id='line_1_57' title="bbox 687 5478 2274 5552; baseline -0.003 -15"><span class='ocrx_word' id='word_1_454' title='bbox 687 5485 915 5541; x_wconf 84' lang='lat' dir='ltr'><strong>ventilcs</strong></span> <span class='ocrx_word' id='word_1_455' title='bbox 937 5484 1091 5552; x_wconf 91' lang='lat' dir='ltr'><strong>nihil,</strong></span> <span class='ocrx_word' id='word_1_456' title='bbox 1116 5494 1171 5540; x_wconf 93' lang='lat' dir='ltr'><strong>et</strong></span> <span class='ocrx_word' id='word_1_457' title='bbox 1196 5498 1286 5539; x_wconf 89' lang='lat' dir='ltr'><strong>me</strong></span> <span class='ocrx_word' id='word_1_458' title='bbox 1310 5483 1510 5538; x_wconf 78' lang='lat' dir='ltr'><strong>dixisse</strong></span> <span class='ocrx_word' id='word_1_459' title='bbox 1534 5481 1769 5536; x_wconf 83' lang='lat' dir='ltr'><strong>affirmes</strong></span> <span class='ocrx_word' id='word_1_460' title='bbox 1798 5481 1905 5535; x_wconf 91' lang='lat' dir='ltr'><strong>vim</strong></span> <span class='ocrx_word' id='word_1_461' title='bbox 1928 5478 2157 5536; x_wconf 89' lang='lat' dir='ltr'><strong>faciendi</strong></span> <span class='ocrx_word' id='word_1_462' title='bbox 2178 5478 2274 5533; x_wconf 90' lang='lat' dir='ltr'><strong>ali-</strong></span> 
     </span>
    </p>
   </div>
   <div class='ocr_carea' id='block_1_58' title="bbox 685 5572 2274 5649">
    <p class='ocr_par' dir='ltr' id='par_1_58' title="bbox 685 5572 2274 5649">
     <span class='ocr_line' id='line_1_58' title="bbox 685 5572 2274 5649; baseline -0.006 -15"><span class='ocrx_word' id='word_1_463' title='bbox 685 5576 812 5649; x_wconf 90' lang='lat' dir='ltr'><strong>quid</strong></span> <span class='ocrx_word' id='word_1_464' title='bbox 846 5577 1064 5640; x_wconf 89' lang='lat' dir='ltr'><strong>habere,</strong></span> <span class='ocrx_word' id='word_1_465' title='bbox 1094 5573 1236 5647; x_wconf 91' lang='lat' dir='ltr'><strong>quod</strong></span> <span class='ocrx_word' id='word_1_466' title='bbox 1263 5572 1396 5630; x_wconf 89' lang='lat' dir='ltr'><strong>nihil</strong></span> <span class='ocrx_word' id='word_1_467' title='bbox 1432 5582 1535 5629; x_wconf 87' lang='lat' dir='ltr'><strong>est.</strong></span> <span class='ocrx_word' id='word_1_468' title='bbox 1574 5572 1689 5629; x_wconf 80' lang='lat' dir='ltr'><strong>Hoc</strong></span> <span class='ocrx_word' id='word_1_469' title='bbox 1721 5572 1841 5629; x_wconf 91' lang='lat' dir='ltr'><strong>dico</strong></span> <span class='ocrx_word' id='word_1_470' title='bbox 1865 5588 1985 5644; x_wconf 83' lang='lat' dir='ltr'><strong>ego,</strong></span> <span class='ocrx_word' id='word_1_471' title='bbox 2026 5580 2274 5627; x_wconf 90' lang='lat' dir='ltr'><strong>naturam</strong></span> 
     </span>
    </p>
   </div>
   <div class='ocr_carea' id='block_1_59' title="bbox 685 5664 2272 5742">
    <p class='ocr_par' dir='ltr' id='par_1_59' title="bbox 685 5664 2272 5742">
     <span class='ocr_line' id='line_1_59' title="bbox 685 5664 2272 5742; baseline -0.003 -18"><span class='ocrx_word' id='word_1_472' title='bbox 685 5686 806 5742; x_wconf 71' lang='lat' dir='ltr'><strong>qua:</strong></span> <span class='ocrx_word' id='word_1_473' title='bbox 835 5668 1114 5726; x_wconf 87' lang='lat' dir='ltr'><strong>rationalis</strong></span> <span class='ocrx_word' id='word_1_474' title='bbox 1131 5676 1310 5725; x_wconf 88' lang='lat' dir='ltr'><strong>creata</strong></span> <span class='ocrx_word' id='word_1_475' title='bbox 1336 5674 1440 5734; x_wconf 91' lang='lat' dir='ltr'><strong>est,</strong></span> <span class='ocrx_word' id='word_1_476' title='bbox 1474 5675 1753 5737; x_wconf 86' lang='lat' dir='ltr'><strong>prepterea</strong></span> <span class='ocrx_word' id='word_1_477' title='bbox 1770 5680 1992 5738; x_wconf 88' lang='lat' dir='ltr'><strong>peccare</strong></span> <span class='ocrx_word' id='word_1_478' title='bbox 2014 5664 2272 5735; x_wconf 90' lang='lat' dir='ltr'><strong>potuisse,</strong></span> 
     </span>
    </p>
   </div>
   <div class='ocr_carea' id='block_1_60' title="bbox 684 5759 2274 5835">
    <p class='ocr_par' dir='ltr' id='par_1_60' title="bbox 684 5759 2274 5835">
     <span class='ocr_line' id='line_1_60' title="bbox 684 5759 2274 5835; baseline -0.004 -15"><span class='ocrx_word' id='word_1_479' title='bbox 684 5766 808 5835; x_wconf 87' lang='lat' dir='ltr'><strong>quia</strong></span> <span class='ocrx_word' id='word_1_480' title='bbox 834 5780 900 5823; x_wconf 85' lang='lat' dir='ltr'><strong>ex</strong></span> <span class='ocrx_word' id='word_1_481' title='bbox 924 5762 1091 5821; x_wconf 90' lang='lat' dir='ltr'><strong>nihilo</strong></span> <span class='ocrx_word' id='word_1_482' title='bbox 1132 5763 1268 5819; x_wconf 88' lang='lat' dir='ltr'><strong>facta</strong></span> <span class='ocrx_word' id='word_1_483' title='bbox 1297 5770 1381 5818; x_wconf 87' lang='lat' dir='ltr'><strong>est</strong></span> <span class='ocrx_word' id='word_1_484' title='bbox 1414 5777 1425 5815; x_wconf 90' lang='lat'>:</span> <span class='ocrx_word' id='word_1_485' title='bbox 1458 5760 1601 5832; x_wconf 88' lang='lat' dir='ltr'><strong>quod</strong></span> <span class='ocrx_word' id='word_1_486' title='bbox 1627 5759 1770 5817; x_wconf 87' lang='lat' dir='ltr'><strong>aliud</strong></span> <span class='ocrx_word' id='word_1_487' title='bbox 1813 5759 1942 5832; x_wconf 87' lang='lat' dir='ltr'><strong>quid</strong></span> <span class='ocrx_word' id='word_1_488' title='bbox 1967 5765 2083 5828; x_wconf 91' lang='lat' dir='ltr'><strong>est,</strong></span> <span class='ocrx_word' id='word_1_489' title='bbox 2113 5773 2274 5831; x_wconf 87' lang='lat' dir='ltr'><strong>quam</strong></span> 
     </span>
    </p>
   </div>
   <div class='ocr_carea' id='block_1_61' title="bbox 1323 274 2260 408">
    <p class='ocr_par' dir='ltr' id='par_1_61' title="bbox 1323 274 2260 408">
     <span class='ocr_line' id='line_1_61' title="bbox 1323 274 2260 408; baseline -0.014 -32"><span class='ocrx_word' id='word_1_490' title='bbox 1323 274 1567 377; x_wconf 65' lang='lat' dir='ltr'><strong>ornats</strong></span> <span class='ocrx_word' id='word_1_491' title='bbox 1605 308 2017 408; x_wconf 65' lang='lat' dir='ltr'><strong>lapsuram</strong></span> <span class='ocrx_word' id='word_1_492' title='bbox 2054 308 2260 367; x_wconf 66' lang='lat' dir='ltr'><strong>eoarr</strong></span> 
     </span>
    </p>
   </div>
   <div class='ocr_carea' id='block_1_62' title="bbox 2364 274 3221 408">
    <p class='ocr_par' dir='ltr' id='par_1_62' title="bbox 2364 284 3221 373">
     <span class='ocr_line' id='line_1_62' title="bbox 2364 284 3221 373; baseline 0.004 -9"><span class='ocrx_word' id='word_1_493' title='bbox 2364 297 2724 373; x_wconf 74' lang='lat' dir='ltr'><strong>JULIANUM,</strong></span> <span class='ocrx_word' id='word_1_494' title='bbox 2764 307 2821 364; x_wconf 92' lang='grc' dir='ltr'><em>ε.</em></span> <span class='ocrx_word' id='word_1_495' title='bbox 2856 284 3221 367; x_wconf 63' lang='lat' dir='ltr'><strong>auctisru‘vt</strong></span> 
     </span>
    </p>
   </div>
   <div class='ocr_carea' id='block_1_63' title="bbox 3791 313 3917 376">
    <p class='ocr_par' dir='ltr' id='par_1_63' title="bbox 3791 313 3917 376">
     <span class='ocr_line' id='line_1_63' title="bbox 3791 313 3917 376; baseline 0.016 -2"><span class='ocrx_word' id='word_1_496' title='bbox 3791 313 3814 374; x_wconf 81' lang='grc' dir='ltr'><strong>Ι</strong></span> <span class='ocrx_word' id='word_1_497' title='bbox 3827 317 3917 376; x_wconf 63' lang='lat'><strong>$76</strong></span> 
     </span>
    </p>
   </div>
   <div class='ocr_carea' id='block_1_64' title="bbox 2356 420 3918 495">
    <p class='ocr_par' dir='ltr' id='par_1_64' title="bbox 2356 420 3918 495">
     <span class='ocr_line' id='line_1_64' title="bbox 2356 420 3918 495; baseline 0.011 -25"><span class='ocrx_word' id='word_1_498' title='bbox 2356 428 2635 487; x_wconf 72' lang='lat' dir='ltr'><strong>propterea</strong></span> <span class='ocrx_word' id='word_1_499' title='bbox 2659 433 2881 490; x_wconf 85' lang='lat' dir='ltr'><strong>peccare</strong></span> <span class='ocrx_word' id='word_1_500' title='bbox 2911 421 3167 489; x_wconf 89' lang='lat' dir='ltr'><strong>potuisse,</strong></span> <span class='ocrx_word' id='word_1_501' title='bbox 3195 420 3320 493; x_wconf 82' lang='lat' dir='ltr'><strong>quia</strong></span> <span class='ocrx_word' id='word_1_502' title='bbox 3344 424 3531 495; x_wconf 84' lang='lat' dir='ltr'><strong>natura</strong></span> <span class='ocrx_word' id='word_1_503' title='bbox 3556 423 3652 483; x_wconf 82' lang='lat' dir='ltr'><strong>Dei</strong></span> <span class='ocrx_word' id='word_1_504' title='bbox 3680 428 3784 484; x_wconf 84' lang='lat' dir='ltr'><strong>non</strong></span> <span class='ocrx_word' id='word_1_505' title='bbox 3805 433 3918 486; x_wconf 80' lang='lat' dir='ltr'><strong>est?</strong></span> 
     </span>
    </p>
   </div>
   <div class='ocr_carea' id='block_1_65' title="bbox 2356 506 3918 582">
    <p class='ocr_par' dir='ltr' id='par_1_65' title="bbox 2356 506 3918 582">
     <span class='ocr_line' id='line_1_65' title="bbox 2356 506 3918 582; baseline 0.011 -20"><span class='ocrx_word' id='word_1_506' title='bbox 2356 507 2414 562; x_wconf 89' lang='lat' dir='ltr'><strong>Si</strong></span> <span class='ocrx_word' id='word_1_507' title='bbox 2435 506 2577 562; x_wconf 88' lang='lat' dir='ltr'><strong>enim</strong></span> <span class='ocrx_word' id='word_1_508' title='bbox 2606 509 2675 564; x_wconf 90' lang='lat' dir='ltr'><strong>de</strong></span> <span class='ocrx_word' id='word_1_509' title='bbox 2703 508 2869 565; x_wconf 91' lang='lat' dir='ltr'><strong>nihilo</strong></span> <span class='ocrx_word' id='word_1_510' title='bbox 2896 510 3032 566; x_wconf 87' lang='lat' dir='ltr'><strong>facta</strong></span> <span class='ocrx_word' id='word_1_511' title='bbox 3062 527 3168 567; x_wconf 90' lang='lat' dir='ltr'><strong>non</strong></span> <span class='ocrx_word' id='word_1_512' title='bbox 3196 522 3359 582; x_wconf 89' lang='lat' dir='ltr'><strong>esset,</strong></span> <span class='ocrx_word' id='word_1_513' title='bbox 3387 515 3456 571; x_wconf 87' lang='lat' dir='ltr'><strong>de</strong></span> <span class='ocrx_word' id='word_1_514' title='bbox 3484 516 3594 573; x_wconf 88' lang='lat' dir='ltr'><strong>Deo</strong></span> <span class='ocrx_word' id='word_1_515' title='bbox 3620 521 3918 579; x_wconf 88' lang='lat' dir='ltr'><strong>naturaliter</strong></span> 
     </span>
    </p>
   </div>
   <div class='ocr_carea' id='block_1_66' title="bbox 2356 596 3910 681">
    <p class='ocr_par' dir='ltr' id='par_1_66' title="bbox 2356 596 3910 681">
     <span class='ocr_line' id='line_1_66' title="bbox 2356 596 3910 681; baseline 0.01 -27"><span class='ocrx_word' id='word_1_516' title='bbox 2356 610 2535 668; x_wconf 89' lang='lat' dir='ltr'><strong>esset,</strong></span> <span class='ocrx_word' id='word_1_517' title='bbox 2564 601 2820 674; x_wconf 80' lang='lat' dir='ltr'><strong>quidquid</strong></span> <span class='ocrx_word' id='word_1_518' title='bbox 2861 613 3047 660; x_wconf 89' lang='lat' dir='ltr'><strong>esset:</strong></span> <span class='ocrx_word' id='word_1_519' title='bbox 3078 605 3124 661; x_wconf 90' lang='lat' dir='ltr'><strong>si</strong></span> <span class='ocrx_word' id='word_1_520' title='bbox 3159 608 3467 664; x_wconf 87' lang='lat' dir='ltr'><strong>naturaliter</strong></span> <span class='ocrx_word' id='word_1_521' title='bbox 3509 596 3578 666; x_wconf 89' lang='lat' dir='ltr'><strong>de</strong></span> <span class='ocrx_word' id='word_1_522' title='bbox 3622 612 3735 667; x_wconf 93' lang='lat' dir='ltr'><strong>Deo</strong></span> <span class='ocrx_word' id='word_1_523' title='bbox 3760 624 3910 681; x_wconf 87' lang='lat' dir='ltr'><strong>esset,</strong></span> 
     </span>
    </p>
   </div>
   <div class='ocr_carea' id='block_1_67' title="bbox 2357 690 3911 773">
    <p class='ocr_par' dir='ltr' id='par_1_67' title="bbox 2357 690 3911 773">
     <span class='ocr_line' id='line_1_67' title="bbox 2357 690 3911 773; baseline 0.011 -28"><span class='ocrx_word' id='word_1_524' title='bbox 2357 690 2451 745; x_wconf 85' lang='lat' dir='ltr'><strong>Dei</strong></span> <span class='ocrx_word' id='word_1_525' title='bbox 2481 699 2669 769; x_wconf 82' lang='lat' dir='ltr'><strong>natura</strong></span> <span class='ocrx_word' id='word_1_526' title='bbox 2712 703 2857 750; x_wconf 88' lang='lat' dir='ltr'><strong>esset</strong></span> <span class='ocrx_word' id='word_1_527' title='bbox 2885 714 2897 750; x_wconf 96' lang='lat'>:</span> <span class='ocrx_word' id='word_1_528' title='bbox 2929 697 2976 752; x_wconf 91' lang='lat' dir='ltr'><strong>si</strong></span> <span class='ocrx_word' id='word_1_529' title='bbox 3005 696 3098 752; x_wconf 92' lang='lat' dir='ltr'><strong>Dei</strong></span> <span class='ocrx_word' id='word_1_530' title='bbox 3128 707 3315 754; x_wconf 89' lang='lat' dir='ltr'><strong>natura</strong></span> <span class='ocrx_word' id='word_1_531' title='bbox 3354 709 3525 769; x_wconf 89' lang='lat' dir='ltr'><strong>esset,</strong></span> <span class='ocrx_word' id='word_1_532' title='bbox 3556 717 3781 773; x_wconf 90' lang='lat' dir='ltr'><strong>peccare</strong></span> <span class='ocrx_word' id='word_1_533' title='bbox 3818 722 3911 762; x_wconf 88' lang='lat' dir='ltr'><strong>non</strong></span> 
     </span>
    </p>
   </div>
   <div class='ocr_carea' id='block_1_68' title="bbox 2356 783 3912 863">
    <p class='ocr_par' dir='ltr' id='par_1_68' title="bbox 2356 783 3912 863">
     <span class='ocr_line' id='line_1_68' title="bbox 2356 783 3912 863; baseline 0.012 -28"><span class='ocrx_word' id='word_1_534' title='bbox 2356 793 2559 857; x_wconf 88' lang='lat' dir='ltr'><strong>posset.</strong></span> <span class='ocrx_word' id='word_1_535' title='bbox 2591 783 2714 840; x_wconf 88' lang='lat' dir='ltr'><strong>Ideo</strong></span> <span class='ocrx_word' id='word_1_536' title='bbox 2736 786 2894 857; x_wconf 83' lang='lat' dir='ltr'><strong>igitur</strong></span> <span class='ocrx_word' id='word_1_537' title='bbox 2923 803 3142 858; x_wconf 88' lang='lat' dir='ltr'><strong>peccare</strong></span> <span class='ocrx_word' id='word_1_538' title='bbox 3164 792 3355 861; x_wconf 89' lang='lat' dir='ltr'><strong>potuit,</strong></span> <span class='ocrx_word' id='word_1_539' title='bbox 3372 795 3615 863; x_wconf 88' lang='lat' dir='ltr'><strong>quamvis</strong></span> <span class='ocrx_word' id='word_1_540' title='bbox 3648 794 3787 852; x_wconf 86' lang='lat' dir='ltr'><strong>facta</strong></span> <span class='ocrx_word' id='word_1_541' title='bbox 3807 799 3912 854; x_wconf 81' lang='lat' dir='ltr'><strong>sita</strong></span> 
     </span>
    </p>
   </div>
   <div class='ocr_carea' id='block_1_69' title="bbox 2356 875 3910 950">
    <p class='ocr_par' dir='ltr' id='par_1_69' title="bbox 2356 875 3910 950">
     <span class='ocr_line' id='line_1_69' title="bbox 2356 875 3910 950; baseline 0.01 -19"><span class='ocrx_word' id='word_1_542' title='bbox 2356 875 2487 941; x_wconf 91' lang='lat' dir='ltr'><strong>Deo,</strong></span> <span class='ocrx_word' id='word_1_543' title='bbox 2527 876 2648 947; x_wconf 90' lang='lat' dir='ltr'><strong>quia</strong></span> <span class='ocrx_word' id='word_1_544' title='bbox 2671 878 2740 934; x_wconf 89' lang='lat' dir='ltr'><strong>de</strong></span> <span class='ocrx_word' id='word_1_545' title='bbox 2765 880 2933 936; x_wconf 93' lang='lat' dir='ltr'><strong>nihilo</strong></span> <span class='ocrx_word' id='word_1_546' title='bbox 2959 881 3097 940; x_wconf 86' lang='lat' dir='ltr'><strong>facta</strong></span> <span class='ocrx_word' id='word_1_547' title='bbox 3126 892 3241 950; x_wconf 83' lang='lat' dir='ltr'><strong>est,</strong></span> <span class='ocrx_word' id='word_1_548' title='bbox 3269 899 3375 940; x_wconf 91' lang='lat' dir='ltr'><strong>non</strong></span> <span class='ocrx_word' id='word_1_549' title='bbox 3403 886 3472 942; x_wconf 91' lang='lat' dir='ltr'><strong>de</strong></span> <span class='ocrx_word' id='word_1_550' title='bbox 3498 886 3629 943; x_wconf 90' lang='lat' dir='ltr'><strong>Deo.</strong></span> <span class='ocrx_word' id='word_1_551' title='bbox 3662 888 3774 944; x_wconf 80' lang='lat' dir='ltr'><strong>[loc</strong></span> <span class='ocrx_word' id='word_1_552' title='bbox 3796 899 3847 944; x_wconf 91' lang='lat' dir='ltr'><strong>tu</strong></span> <span class='ocrx_word' id='word_1_553' title='bbox 3870 892 3910 946; x_wconf 87' lang='lat' dir='ltr'><strong>si</strong></span> 
     </span>
    </p>
   </div>
   <div class='ocr_carea' id='block_1_70' title="bbox 2355 966 3913 1048">
    <p class='ocr_par' dir='ltr' id='par_1_70' title="bbox 2355 966 3913 1048">
     <span class='ocr_line' id='line_1_70' title="bbox 2355 966 3913 1048; baseline 0.01 -25"><span class='ocrx_word' id='word_1_554' title='bbox 2355 966 2703 1039; x_wconf 77' lang='lat' dir='ltr'><strong>intellexeris,</strong></span> <span class='ocrx_word' id='word_1_555' title='bbox 2748 981 2803 1029; x_wconf 90' lang='lat' dir='ltr'><strong>et</strong></span> <span class='ocrx_word' id='word_1_556' title='bbox 2843 975 3051 1030; x_wconf 90' lang='lat' dir='ltr'><strong>veritati</strong></span> <span class='ocrx_word' id='word_1_557' title='bbox 3095 990 3392 1048; x_wconf 87' lang='lat' dir='ltr'><strong>repugnare</strong></span> <span class='ocrx_word' id='word_1_558' title='bbox 3434 979 3698 1046; x_wconf 87' lang='lat' dir='ltr'><strong>nolueris.</strong></span> <span class='ocrx_word' id='word_1_559' title='bbox 3725 983 3794 1037; x_wconf 89' lang='lat' dir='ltr'><strong>ab</strong></span> <span class='ocrx_word' id='word_1_560' title='bbox 3828 982 3913 1039; x_wconf 76' lang='lat' dir='ltr'><strong>hac</strong></span> 
     </span>
    </p>
   </div>
   <div class='ocr_carea' id='block_1_71' title="bbox 2318 1062 3496 1138">
    <p class='ocr_par' dir='ltr' id='par_1_71' title="bbox 2318 1062 3496 1138">
     <span class='ocr_line' id='line_1_71' title="bbox 2318 1062 3496 1138; baseline 0.009 -23"><span class='ocrx_word' id='word_1_561' title='bbox 2318 1070 2323 1074; x_wconf 89' lang='lat'>&#39;</span> <span class='ocrx_word' id='word_1_562' title='bbox 2354 1062 2697 1121; x_wconf 88' lang='lat' dir='ltr'><strong>contentione</strong></span> <span class='ocrx_word' id='word_1_563' title='bbox 2716 1064 2771 1120; x_wconf 91' lang='lat' dir='ltr'><strong>in</strong></span> <span class='ocrx_word' id='word_1_564' title='bbox 2794 1065 2894 1122; x_wconf 87' lang='lat' dir='ltr'><strong>hac</strong></span> <span class='ocrx_word' id='word_1_565' title='bbox 2921 1069 3216 1138; x_wconf 63' lang='lat' dir='ltr'><strong>quaestione</strong></span> <span class='ocrx_word' id='word_1_566' title='bbox 3240 1072 3496 1127; x_wconf 86' lang='lat' dir='ltr'><strong>cessabis.</strong></span> 
     </span>
    </p>
   </div>
   <div class='ocr_carea' id='block_1_72' title="bbox 2436 1156 3909 1236">
    <p class='ocr_par' dir='ltr' id='par_1_72' title="bbox 2436 1156 3909 1236">
     <span class='ocr_line' id='line_1_72' title="bbox 2436 1156 3909 1236; baseline 0.007 -24"><span class='ocrx_word' id='word_1_567' title='bbox 2436 1156 2547 1212; x_wconf 77' lang='lat' dir='ltr'><strong>XL.</strong></span> <span class='ocrx_word' id='word_1_568' title='bbox 2578 1158 2698 1213; x_wconf 68' lang='lat' dir='ltr'><strong>Jun.</strong></span> <span class='ocrx_word' id='word_1_569' title='bbox 2720 1158 2853 1215; x_wconf 87' lang='lat' dir='ltr'><strong>Cum</strong></span> <span class='ocrx_word' id='word_1_570' title='bbox 2884 1175 3011 1231; x_wconf 87' lang='lat' dir='ltr'><strong>ergo</strong></span> <span class='ocrx_word' id='word_1_571' title='bbox 3033 1160 3137 1217; x_wconf 92' lang='lat' dir='ltr'><strong>hoe</strong></span> <span class='ocrx_word' id='word_1_572' title='bbox 3162 1171 3268 1218; x_wconf 83' lang='lat' dir='ltr'><strong>tam</strong></span> <span class='ocrx_word' id='word_1_573' title='bbox 3289 1162 3537 1235; x_wconf 83' lang='lat' dir='ltr'><strong>maguum</strong></span> <span class='ocrx_word' id='word_1_574' title='bbox 3564 1164 3807 1236; x_wconf 82' lang='lat' dir='ltr'><strong>apertum</strong></span> <span class='ocrx_word' id='word_1_575' title='bbox 3832 1183 3909 1222; x_wconf 86' lang='lat' dir='ltr'><strong>es-</strong></span> 
     </span>
    </p>
   </div>
   <div class='ocr_carea' id='block_1_73' title="bbox 2354 1230 3995 1325">
    <p class='ocr_par' dir='ltr' id='par_1_73' title="bbox 2354 1230 3995 1325">
     <span class='ocr_line' id='line_1_73' title="bbox 2354 1230 3995 1325; baseline 0.003 -14"><span class='ocrx_word' id='word_1_576' title='bbox 2354 1262 2460 1319; x_wconf 84' lang='lat' dir='ltr'><strong>set,</strong></span> <span class='ocrx_word' id='word_1_577' title='bbox 2490 1252 2617 1325; x_wconf 91' lang='lat' dir='ltr'><strong>quid</strong></span> <span class='ocrx_word' id='word_1_578' title='bbox 2657 1251 2786 1309; x_wconf 90' lang='lat' dir='ltr'><strong>illud</strong></span> <span class='ocrx_word' id='word_1_579' title='bbox 2830 1230 3115 1324; x_wconf 68' lang='lat' dir='ltr'><strong>fuit,un</strong></span> <span class='ocrx_word' id='word_1_580' title='bbox 3146 1256 3238 1310; x_wconf 92' lang='lat' dir='ltr'><strong>tibi</strong></span> <span class='ocrx_word' id='word_1_581' title='bbox 3271 1230 3527 1325; x_wconf 73' lang='lat' dir='ltr'><strong>persuasit</strong></span> <span class='ocrx_word' id='word_1_582' title='bbox 3550 1298 3566 1322; x_wconf 95' lang='lat'><strong>,</strong></span> <span class='ocrx_word' id='word_1_583' title='bbox 3597 1230 3657 1313; x_wconf 76' lang='lat' dir='ltr'><strong>ut</strong></span> <span class='ocrx_word' id='word_1_584' title='bbox 3674 1259 3909 1316; x_wconf 73' lang='lat' dir='ltr'><strong>crederes</strong></span> <span class='ocrx_word' id='word_1_585' title='bbox 3976 1230 3995 1251; x_wconf 30' lang='lat' dir='ltr'><strong>L</strong></span> 
     </span>
    </p>
   </div>
   <div class='ocr_carea' id='block_1_74' title="bbox 2353 1345 3914 1416">
    <p class='ocr_par' dir='ltr' id='par_1_74' title="bbox 2353 1345 3914 1416">
     <span class='ocr_line' id='line_1_74' title="bbox 2353 1345 3914 1416; baseline 0.004 -16"><span class='ocrx_word' id='word_1_586' title='bbox 2353 1345 2559 1416; x_wconf 91' lang='lat' dir='ltr'><strong>antiqui</strong></span> <span class='ocrx_word' id='word_1_587' title='bbox 2617 1345 2769 1400; x_wconf 90' lang='lat' dir='ltr'><strong>nihili</strong></span> <span class='ocrx_word' id='word_1_588' title='bbox 2816 1345 3124 1402; x_wconf 90' lang='lat' dir='ltr'><strong>violentiam</strong></span> <span class='ocrx_word' id='word_1_589' title='bbox 3171 1362 3387 1402; x_wconf 86' lang='lat' dir='ltr'><strong>causam</strong></span> <span class='ocrx_word' id='word_1_590' title='bbox 3441 1349 3598 1404; x_wconf 69' lang='lat' dir='ltr'><strong>mala:</strong></span> <span class='ocrx_word' id='word_1_591' title='bbox 3641 1350 3914 1407; x_wconf 74' lang='lat' dir='ltr'><strong>voluntatis</strong></span> 
     </span>
    </p>
   </div>
   <div class='ocr_carea' id='block_1_75' title="bbox 2356 1434 3919 1513">
    <p class='ocr_par' dir='ltr' id='par_1_75' title="bbox 2356 1434 3919 1513">
     <span class='ocr_line' id='line_1_75' title="bbox 2356 1434 3919 1513; baseline 0.004 -22"><span class='ocrx_word' id='word_1_592' title='bbox 2356 1436 2558 1492; x_wconf 90' lang='lat' dir='ltr'><strong>fuisse?</strong></span> <span class='ocrx_word' id='word_1_593' title='bbox 2583 1435 2828 1493; x_wconf 84' lang='lat' dir='ltr'><strong>Profecto</strong></span> <span class='ocrx_word' id='word_1_594' title='bbox 2857 1447 2913 1492; x_wconf 90' lang='lat' dir='ltr'><strong>ut</strong></span> <span class='ocrx_word' id='word_1_595' title='bbox 2933 1434 3348 1508; x_wconf 81' lang='lat' dir='ltr'><strong>intelliget-emus</strong></span> <span class='ocrx_word' id='word_1_596' title='bbox 3370 1454 3489 1506; x_wconf 89' lang='lat' dir='ltr'><strong>nos,</strong></span> <span class='ocrx_word' id='word_1_597' title='bbox 3508 1440 3685 1495; x_wconf 87' lang='lat' dir='ltr'><strong>omnia</strong></span> <span class='ocrx_word' id='word_1_598' title='bbox 3716 1447 3788 1506; x_wconf 76' lang='lat' dir='ltr'><strong>te,</strong></span> <span class='ocrx_word' id='word_1_599' title='bbox 3811 1458 3919 1513; x_wconf 72' lang='lat' dir='ltr'><strong>qua:</strong></span> 
     </span>
    </p>
   </div>
   <div class='ocr_carea' id='block_1_76' title="bbox 2355 1527 3917 1595">
    <p class='ocr_par' dir='ltr' id='par_1_76' title="bbox 2355 1527 3917 1595">
     <span class='ocr_line' id='line_1_76' title="bbox 2355 1527 3917 1595; baseline 0.003 -11"><span class='ocrx_word' id='word_1_600' title='bbox 2355 1536 2482 1584; x_wconf 87' lang='lat' dir='ltr'><strong>sunt</strong></span> <span class='ocrx_word' id='word_1_601' title='bbox 2502 1528 2635 1583; x_wconf 87' lang='lat' dir='ltr'><strong>facta</strong></span> <span class='ocrx_word' id='word_1_602' title='bbox 2663 1527 2732 1584; x_wconf 90' lang='lat' dir='ltr'><strong>de</strong></span> <span class='ocrx_word' id='word_1_603' title='bbox 2759 1528 2948 1593; x_wconf 89' lang='lat' dir='ltr'><strong>nihilo,</strong></span> <span class='ocrx_word' id='word_1_604' title='bbox 2979 1544 3070 1585; x_wconf 88' lang='lat' dir='ltr'><strong>rea</strong></span> <span class='ocrx_word' id='word_1_605' title='bbox 3095 1529 3332 1595; x_wconf 69' lang='lat' dir='ltr'><strong>credere,</strong></span> <span class='ocrx_word' id='word_1_606' title='bbox 3363 1540 3418 1585; x_wconf 92' lang='lat' dir='ltr'><strong>et</strong></span> <span class='ocrx_word' id='word_1_607' title='bbox 3447 1531 3749 1587; x_wconf 90' lang='lat' dir='ltr'><strong>universum</strong></span> <span class='ocrx_word' id='word_1_608' title='bbox 3775 1549 3917 1588; x_wconf 90' lang='lat' dir='ltr'><strong>mun-</strong></span> 
     </span>
    </p>
   </div>
   <div class='ocr_carea' id='block_1_77' title="bbox 2355 1610 3951 1700">
    <p class='ocr_par' dir='ltr' id='par_1_77' title="bbox 2355 1610 3951 1700">
     <span class='ocr_line' id='line_1_77' title="bbox 2355 1610 3951 1700; baseline 0.003 -26"><span class='ocrx_word' id='word_1_609' title='bbox 2355 1618 2484 1685; x_wconf 91' lang='lat' dir='ltr'><strong>dum</strong></span> <span class='ocrx_word' id='word_1_610' title='bbox 2513 1618 2731 1675; x_wconf 91' lang='lat' dir='ltr'><strong>diabolo</strong></span> <span class='ocrx_word' id='word_1_611' title='bbox 2751 1621 3074 1690; x_wconf 89' lang='lat' dir='ltr'><strong>mancipare.</strong></span> <span class='ocrx_word' id='word_1_612' title='bbox 3103 1620 3362 1700; x_wconf 84' lang='lat' dir='ltr'><strong>Quoniam</strong></span> <span class='ocrx_word' id='word_1_613' title='bbox 3383 1622 3540 1692; x_wconf 91' lang='lat' dir='ltr'><strong>igitur</strong></span> <span class='ocrx_word' id='word_1_614' title='bbox 3563 1623 3691 1679; x_wconf 89' lang='lat' dir='ltr'><strong>mihi</strong></span> <span class='ocrx_word' id='word_1_615' title='bbox 3718 1623 3913 1699; x_wconf 78' lang='lat' dir='ltr'><strong>claruit,</strong></span> <span class='ocrx_word' id='word_1_616' title='bbox 3936 1610 3951 1621; x_wconf 27' lang='grc'><strong>”“</strong></span> 
     </span>
    </p>
   </div>
   <div class='ocr_carea' id='block_1_78' title="bbox 2355 1696 3915 1782">
    <p class='ocr_par' dir='ltr' id='par_1_78' title="bbox 2355 1696 3915 1782">
     <span class='ocr_line' id='line_1_78' title="bbox 2355 1696 3915 1782; baseline 0.003 -18"><span class='ocrx_word' id='word_1_617' title='bbox 2355 1710 2627 1781; x_wconf 83' lang='lat' dir='ltr'><strong>antiquam</strong></span> <span class='ocrx_word' id='word_1_618' title='bbox 2670 1709 2811 1765; x_wconf 92' lang='lat' dir='ltr'><strong>inter</strong></span> <span class='ocrx_word' id='word_1_619' title='bbox 2849 1725 2946 1765; x_wconf 86' lang='lat' dir='ltr'><strong>vos</strong></span> <span class='ocrx_word' id='word_1_620' title='bbox 2967 1696 3273 1782; x_wconf 84' lang='lat' dir='ltr'><strong>dogmatum</strong></span> <span class='ocrx_word' id='word_1_621' title='bbox 3305 1725 3526 1770; x_wconf 87' lang='lat' dir='ltr'><strong>manere</strong></span> <span class='ocrx_word' id='word_1_622' title='bbox 3548 1696 3915 1782; x_wconf 82' lang='lat' dir='ltr'><strong>concordiam;</strong></span> 
     </span>
    </p>
   </div>
   <div class='ocr_carea' id='block_1_79' title="bbox 2357 1796 3919 1874">
    <p class='ocr_par' dir='ltr' id='par_1_79' title="bbox 2357 1796 3919 1874">
     <span class='ocr_line' id='line_1_79' title="bbox 2357 1796 3919 1874; baseline 0.004 -19"><span class='ocrx_word' id='word_1_623' title='bbox 2357 1799 2482 1855; x_wconf 89' lang='lat' dir='ltr'><strong>hinc</strong></span> <span class='ocrx_word' id='word_1_624' title='bbox 2505 1801 2615 1871; x_wconf 88' lang='lat' dir='ltr'><strong>jam</strong></span> <span class='ocrx_word' id='word_1_625' title='bbox 2644 1801 2736 1856; x_wconf 89' lang='lat' dir='ltr'><strong>tibi</strong></span> <span class='ocrx_word' id='word_1_626' title='bbox 2767 1801 2968 1871; x_wconf 88' lang='lat' dir='ltr'><strong>pariter</strong></span> <span class='ocrx_word' id='word_1_627' title='bbox 2996 1809 3052 1857; x_wconf 92' lang='lat' dir='ltr'><strong>et</strong></span> <span class='ocrx_word' id='word_1_628' title='bbox 3087 1801 3378 1859; x_wconf 62' lang='lat' dir='ltr'><strong>Manichaee</strong></span> <span class='ocrx_word' id='word_1_629' title='bbox 3419 1804 3735 1874; x_wconf 80' lang='lat' dir='ltr'><strong>respondeo.</strong></span> <span class='ocrx_word' id='word_1_630' title='bbox 3775 1796 3919 1869; x_wconf 69' lang='lat' dir='ltr'><strong>Qua:-</strong></span> 
     </span>
    </p>
   </div>
   <div class='ocr_carea' id='block_1_80' title="bbox 2357 1892 3918 1966">
    <p class='ocr_par' dir='ltr' id='par_1_80' title="bbox 2357 1892 3918 1966">
     <span class='ocr_line' id='line_1_80' title="bbox 2357 1892 3918 1966; baseline 0.001 -18"><span class='ocrx_word' id='word_1_631' title='bbox 2357 1892 2478 1948; x_wconf 88' lang='lat' dir='ltr'><strong>ritis</strong></span> <span class='ocrx_word' id='word_1_632' title='bbox 2498 1901 2666 1959; x_wconf 86' lang='lat' dir='ltr'><strong>certe,</strong></span> <span class='ocrx_word' id='word_1_633' title='bbox 2692 1899 2752 1947; x_wconf 92' lang='lat' dir='ltr'><strong>ut</strong></span> <span class='ocrx_word' id='word_1_634' title='bbox 2775 1894 2862 1963; x_wconf 90' lang='lat' dir='ltr'><strong>qui</strong></span> <span class='ocrx_word' id='word_1_635' title='bbox 2899 1908 3036 1964; x_wconf 86' lang='lat' dir='ltr'><strong>nego</strong></span> <span class='ocrx_word' id='word_1_636' title='bbox 3056 1894 3181 1948; x_wconf 88' lang='lat' dir='ltr'><strong>mali</strong></span> <span class='ocrx_word' id='word_1_637' title='bbox 3207 1908 3327 1949; x_wconf 81' lang='lat' dir='ltr'><strong>esse</strong></span> <span class='ocrx_word' id='word_1_638' title='bbox 3352 1902 3616 1961; x_wconf 84' lang='lat' dir='ltr'><strong>naturam,</strong></span> <span class='ocrx_word' id='word_1_639' title='bbox 3646 1896 3690 1949; x_wconf 91' lang='lat' dir='ltr'><strong>si</strong></span> <span class='ocrx_word' id='word_1_640' title='bbox 3715 1912 3918 1966; x_wconf 84' lang='lat' dir='ltr'><strong>possunt</strong></span> 
     </span>
    </p>
   </div>
   <div class='ocr_carea' id='block_1_81' title="bbox 2356 1984 3921 2055">
    <p class='ocr_par' dir='ltr' id='par_1_81' title="bbox 2356 1984 3921 2055">
     <span class='ocr_line' id='line_1_81' title="bbox 2356 1984 3921 2055; baseline 0.004 -17"><span class='ocrx_word' id='word_1_641' title='bbox 2356 1984 2747 2054; x_wconf 89' lang='lat' dir='ltr'><strong>respondeam,</strong></span> <span class='ocrx_word' id='word_1_642' title='bbox 2789 1984 2931 2040; x_wconf 92' lang='lat' dir='ltr'><strong>unde</strong></span> <span class='ocrx_word' id='word_1_643' title='bbox 2982 1986 3092 2055; x_wconf 89' lang='lat' dir='ltr'><strong>ipsa</strong></span> <span class='ocrx_word' id='word_1_644' title='bbox 3140 1986 3281 2040; x_wconf 88' lang='lat' dir='ltr'><strong>mala</strong></span> <span class='ocrx_word' id='word_1_645' title='bbox 3323 1986 3567 2041; x_wconf 89' lang='lat' dir='ltr'><strong>voluntas</strong></span> <span class='ocrx_word' id='word_1_646' title='bbox 3618 1987 3671 2041; x_wconf 90' lang='lat' dir='ltr'><strong>in</strong></span> <span class='ocrx_word' id='word_1_647' title='bbox 3718 1986 3921 2044; x_wconf 86' lang='lat' dir='ltr'><strong>homine</strong></span> 
     </span>
    </p>
   </div>
   <div class='ocr_carea' id='block_1_82' title="bbox 2357 2074 3921 2151">
    <p class='ocr_par' dir='ltr' id='par_1_82' title="bbox 2357 2074 3921 2151">
     <span class='ocr_line' id='line_1_82' title="bbox 2357 2074 3921 2151; baseline 0.004 -23"><span class='ocrx_word' id='word_1_648' title='bbox 2357 2075 2533 2146; x_wconf 85' lang='lat' dir='ltr'><strong>primo</strong></span> <span class='ocrx_word' id='word_1_649' title='bbox 2552 2076 2720 2145; x_wconf 91' lang='lat' dir='ltr'><strong>potuit</strong></span> <span class='ocrx_word' id='word_1_650' title='bbox 2734 2076 2952 2131; x_wconf 87' lang='lat' dir='ltr'><strong>exoriri.</strong></span> <span class='ocrx_word' id='word_1_651' title='bbox 2981 2077 3053 2131; x_wconf 78' lang='lat' dir='ltr'><strong>At</strong></span> <span class='ocrx_word' id='word_1_652' title='bbox 3079 2092 3178 2147; x_wconf 83' lang='lat' dir='ltr'><strong>ego</strong></span> <span class='ocrx_word' id='word_1_653' title='bbox 3199 2076 3374 2133; x_wconf 85' lang='lat' dir='ltr'><strong>refero</strong></span> <span class='ocrx_word' id='word_1_654' title='bbox 3399 2093 3503 2133; x_wconf 92' lang='lat' dir='ltr'><strong>non</strong></span> <span class='ocrx_word' id='word_1_655' title='bbox 3523 2074 3616 2134; x_wconf 87' lang='lat' dir='ltr'><strong>ves</strong></span> <span class='ocrx_word' id='word_1_656' title='bbox 3639 2080 3921 2151; x_wconf 82' lang='lat' dir='ltr'><strong>intelligere</strong></span> 
     </span>
    </p>
   </div>
   <div class='ocr_carea' id='block_1_83' title="bbox 2357 2166 3924 2243">
    <p class='ocr_par' dir='ltr' id='par_1_83' title="bbox 2357 2166 3924 2243">
     <span class='ocr_line' id='line_1_83' title="bbox 2357 2166 3924 2243; baseline 0.006 -23"><span class='ocrx_word' id='word_1_657' title='bbox 2357 2166 2484 2239; x_wconf 88' lang='lat' dir='ltr'><strong>quid</strong></span> <span class='ocrx_word' id='word_1_658' title='bbox 2509 2166 2717 2222; x_wconf 90' lang='lat' dir='ltr'><strong>dicatis.</strong></span> <span class='ocrx_word' id='word_1_659' title='bbox 2747 2167 3001 2224; x_wconf 77' lang='lat' dir='ltr'><strong>Voluntas</strong></span> <span class='ocrx_word' id='word_1_660' title='bbox 3028 2170 3171 2225; x_wconf 89' lang='lat' dir='ltr'><strong>enim</strong></span> <span class='ocrx_word' id='word_1_661' title='bbox 3193 2169 3324 2225; x_wconf 85' lang='lat' dir='ltr'><strong>nihil</strong></span> <span class='ocrx_word' id='word_1_662' title='bbox 3350 2180 3433 2226; x_wconf 87' lang='lat' dir='ltr'><strong>est</strong></span> <span class='ocrx_word' id='word_1_663' title='bbox 3453 2171 3617 2239; x_wconf 80' lang='lat' dir='ltr'><strong>aliud,</strong></span> <span class='ocrx_word' id='word_1_664' title='bbox 3637 2188 3796 2243; x_wconf 91' lang='lat' dir='ltr'><strong>quam</strong></span> <span class='ocrx_word' id='word_1_665' title='bbox 3817 2189 3924 2229; x_wconf 54' lang='lat' dir='ltr'><strong>mos</strong></span> 
     </span>
    </p>
   </div>
   <div class='ocr_carea' id='block_1_84' title="bbox 2359 2258 3101 2332">
    <p class='ocr_par' dir='ltr' id='par_1_84' title="bbox 2359 2258 3101 2332">
     <span class='ocr_line' id='line_1_84' title="bbox 2359 2258 3101 2332; baseline 0 -17"><span class='ocrx_word' id='word_1_666' title='bbox 2359 2266 2448 2315; x_wconf 89' lang='lat' dir='ltr'><strong>tus</strong></span> <span class='ocrx_word' id='word_1_667' title='bbox 2470 2258 2668 2332; x_wconf 78' lang='lat' dir='ltr'><strong>animi,</strong></span> <span class='ocrx_word' id='word_1_668' title='bbox 2686 2270 2909 2330; x_wconf 83' lang='lat' dir='ltr'><strong>cogente</strong></span> <span class='ocrx_word' id='word_1_669' title='bbox 2933 2260 3101 2315; x_wconf 92' lang='lat' dir='ltr'><strong>nullo.</strong></span> 
     </span>
    </p>
   </div>
   <div class='ocr_carea' id='block_1_85' title="bbox 2453 2349 3925 2429">
    <p class='ocr_par' dir='ltr' id='par_1_85' title="bbox 2453 2349 3925 2429">
     <span class='ocr_line' id='line_1_85' title="bbox 2453 2349 3925 2429; baseline 0.003 -26"><span class='ocrx_word' id='word_1_670' title='bbox 2453 2352 2593 2429; x_wconf 80' lang='lat' dir='ltr'><strong>Anc.</strong></span> <span class='ocrx_word' id='word_1_671' title='bbox 2622 2349 2797 2404; x_wconf 80' lang='lat' dir='ltr'><strong>Motus</strong></span> <span class='ocrx_word' id='word_1_672' title='bbox 2846 2351 3010 2405; x_wconf 91' lang='lat' dir='ltr'><strong>animi</strong></span> <span class='ocrx_word' id='word_1_673' title='bbox 3055 2351 3182 2422; x_wconf 90' lang='lat' dir='ltr'><strong>quid</strong></span> <span class='ocrx_word' id='word_1_674' title='bbox 3226 2360 3351 2421; x_wconf 85' lang='lat' dir='ltr'><strong>est,</strong></span> <span class='ocrx_word' id='word_1_675' title='bbox 3392 2353 3495 2408; x_wconf 83' lang='lat' dir='ltr'><strong>nisi</strong></span> <span class='ocrx_word' id='word_1_676' title='bbox 3541 2364 3716 2410; x_wconf 88' lang='lat' dir='ltr'><strong>tnotus</strong></span> <span class='ocrx_word' id='word_1_677' title='bbox 3775 2365 3925 2410; x_wconf 87' lang='lat' dir='ltr'><strong>natu-</strong></span> 
     </span>
    </p>
   </div>
   <div class='ocr_carea' id='block_1_86' title="bbox 2358 2438 3920 2514">
    <p class='ocr_par' dir='ltr' id='par_1_86' title="bbox 2358 2438 3920 2514">
     <span class='ocr_line' id='line_1_86' title="bbox 2358 2438 3920 2514; baseline 0.004 -18"><span class='ocrx_word' id='word_1_678' title='bbox 2358 2455 2434 2496; x_wconf 69' lang='lat' dir='ltr'><strong>ra:</strong></span> <span class='ocrx_word' id='word_1_679' title='bbox 2473 2438 2589 2514; x_wconf 78' lang='lat' dir='ltr'><strong>(tt)?</strong></span> <span class='ocrx_word' id='word_1_680' title='bbox 2619 2442 2843 2497; x_wconf 84' lang='lat' dir='ltr'><strong>Animus</strong></span> <span class='ocrx_word' id='word_1_681' title='bbox 2884 2443 3027 2498; x_wconf 89' lang='lat' dir='ltr'><strong>enim</strong></span> <span class='ocrx_word' id='word_1_682' title='bbox 3066 2444 3183 2500; x_wconf 88' lang='lat' dir='ltr'><strong>sine</strong></span> <span class='ocrx_word' id='word_1_683' title='bbox 3209 2444 3539 2501; x_wconf 87' lang='lat' dir='ltr'><strong>dubitatione</strong></span> <span class='ocrx_word' id='word_1_684' title='bbox 3589 2457 3773 2501; x_wconf 78' lang='lat' dir='ltr'><strong>natum</strong></span> <span class='ocrx_word' id='word_1_685' title='bbox 3800 2459 3877 2503; x_wconf 90' lang='lat' dir='ltr'><strong>est</strong></span> <span class='ocrx_word' id='word_1_686' title='bbox 3906 2466 3920 2503; x_wconf 93' lang='lat'>:</span> 
     </span>
    </p>
   </div>
   <div class='ocr_carea' id='block_1_87' title="bbox 2360 2530 3924 2613">
    <p class='ocr_par' dir='ltr' id='par_1_87' title="bbox 2360 2530 3924 2613">
     <span class='ocr_line' id='line_1_87' title="bbox 2360 2530 3924 2613; baseline 0.005 -26"><span class='ocrx_word' id='word_1_687' title='bbox 2360 2532 2586 2613; x_wconf 85' lang='lat' dir='ltr'><strong>proinde</strong></span> <span class='ocrx_word' id='word_1_688' title='bbox 2627 2533 2873 2588; x_wconf 87' lang='lat' dir='ltr'><strong>voluntas</strong></span> <span class='ocrx_word' id='word_1_689' title='bbox 2896 2530 3078 2591; x_wconf 83' lang='lat' dir='ltr'><strong>metus</strong></span> <span class='ocrx_word' id='word_1_690' title='bbox 3119 2544 3203 2591; x_wconf 90' lang='lat' dir='ltr'><strong>est</strong></span> <span class='ocrx_word' id='word_1_691' title='bbox 3232 2545 3454 2607; x_wconf 66' lang='lat' dir='ltr'><strong>naturat,</strong></span> <span class='ocrx_word' id='word_1_692' title='bbox 3481 2540 3729 2608; x_wconf 88' lang='lat' dir='ltr'><strong>quoniam</strong></span> <span class='ocrx_word' id='word_1_693' title='bbox 3757 2552 3924 2595; x_wconf 89' lang='lat' dir='ltr'><strong>mutus</strong></span> 
     </span>
    </p>
   </div>
   <div class='ocr_carea' id='block_1_88' title="bbox 2360 2623 3931 2702">
    <p class='ocr_par' dir='ltr' id='par_1_88' title="bbox 2360 2623 3931 2702">
     <span class='ocr_line' id='line_1_88' title="bbox 2360 2623 3931 2702; baseline 0.006 -23"><span class='ocrx_word' id='word_1_694' title='bbox 2360 2633 2444 2680; x_wconf 90' lang='lat' dir='ltr'><strong>est</strong></span> <span class='ocrx_word' id='word_1_695' title='bbox 2471 2623 2661 2679; x_wconf 80' lang='lat' dir='ltr'><strong>animi.</strong></span> <span class='ocrx_word' id='word_1_696' title='bbox 2683 2624 2761 2681; x_wconf 84' lang='lat' dir='ltr'><strong>Tu</strong></span> <span class='ocrx_word' id='word_1_697' title='bbox 2801 2634 2977 2681; x_wconf 91' lang='lat' dir='ltr'><strong>autem</strong></span> <span class='ocrx_word' id='word_1_698' title='bbox 3005 2642 3125 2682; x_wconf 90' lang='lat' dir='ltr'><strong>eum</strong></span> <span class='ocrx_word' id='word_1_699' title='bbox 3151 2628 3397 2699; x_wconf 90' lang='lat' dir='ltr'><strong>superius</strong></span> <span class='ocrx_word' id='word_1_700' title='bbox 3425 2638 3666 2685; x_wconf 91' lang='lat' dir='ltr'><strong>naturam</strong></span> <span class='ocrx_word' id='word_1_701' title='bbox 3690 2642 3931 2702; x_wconf 79' lang='lat' dir='ltr'><strong>tanquam</strong></span> 
     </span>
    </p>
   </div>
   <div class='ocr_carea' id='block_1_89' title="bbox 2361 2719 3926 2795">
    <p class='ocr_par' dir='ltr' id='par_1_89' title="bbox 2361 2719 3926 2795">
     <span class='ocr_line' id='line_1_89' title="bbox 2361 2719 3926 2795; baseline 0.007 -23"><span class='ocrx_word' id='word_1_702' title='bbox 2361 2733 2530 2789; x_wconf 88' lang='lat' dir='ltr'><strong>genus</strong></span> <span class='ocrx_word' id='word_1_703' title='bbox 2574 2734 2823 2788; x_wconf 89' lang='lat' dir='ltr'><strong>poneres,</strong></span> <span class='ocrx_word' id='word_1_704' title='bbox 2856 2719 3012 2790; x_wconf 88' lang='lat' dir='ltr'><strong>eique</strong></span> <span class='ocrx_word' id='word_1_705' title='bbox 3039 2722 3221 2791; x_wconf 87' lang='lat' dir='ltr'><strong>generi</strong></span> <span class='ocrx_word' id='word_1_706' title='bbox 3251 2723 3460 2791; x_wconf 87' lang='lat' dir='ltr'><strong>species</strong></span> <span class='ocrx_word' id='word_1_707' title='bbox 3495 2739 3619 2779; x_wconf 86' lang='lat' dir='ltr'><strong>suas</strong></span> <span class='ocrx_word' id='word_1_708' title='bbox 3658 2725 3926 2795; x_wconf 80' lang='lat' dir='ltr'><strong>subderes,</strong></span> 
     </span>
    </p>
   </div>
   <div class='ocr_carea' id='block_1_90' title="bbox 2359 2809 3928 2889">
    <p class='ocr_par' dir='ltr' id='par_1_90' title="bbox 2359 2809 3928 2889">
     <span class='ocr_line' id='line_1_90' title="bbox 2359 2809 3928 2889; baseline 0.005 -24"><span class='ocrx_word' id='word_1_709' title='bbox 2359 2809 2440 2865; x_wconf 91' lang='lat' dir='ltr'><strong>sic</strong></span> <span class='ocrx_word' id='word_1_710' title='bbox 2475 2819 2624 2889; x_wconf 89' lang='lat' dir='ltr'><strong>certe</strong></span> <span class='ocrx_word' id='word_1_711' title='bbox 2653 2810 2861 2865; x_wconf 93' lang='lat' dir='ltr'><strong>locutus</strong></span> <span class='ocrx_word' id='word_1_712' title='bbox 2899 2826 2998 2866; x_wconf 89' lang='lat' dir='ltr'><strong>es:</strong></span> <span class='ocrx_word' id='word_1_713' title='bbox 3031 2831 3050 2862; x_wconf 85' lang='lat' dir='ltr'><strong>t</strong></span> <span class='ocrx_word' id='word_1_714' title='bbox 3084 2811 3318 2879; x_wconf 64' lang='lat' dir='ltr'><strong>Naturae,</strong></span> <span class='ocrx_word' id='word_1_715' title='bbox 3355 2832 3376 2866; x_wconf 71' lang='grc' dir='ltr'><strong><em>ι</em></strong></span> <span class='ocrx_word' id='word_1_716' title='bbox 3411 2813 3602 2884; x_wconf 87' lang='lat' dir='ltr'><strong>inquis,</strong></span> <span class='ocrx_word' id='word_1_717' title='bbox 3638 2834 3656 2867; x_wconf 92' lang='lat' dir='ltr'><strong>t</strong></span> <span class='ocrx_word' id='word_1_718' title='bbox 3694 2816 3928 2873; x_wconf 67' lang='lat' dir='ltr'><strong>humana!</strong></span> 
     </span>
    </p>
   </div>
   <div class='ocr_carea' id='block_1_91' title="bbox 2358 2896 3931 2978">
    <p class='ocr_par' dir='ltr' id='par_1_91' title="bbox 2358 2896 3931 2978">
     <span class='ocr_line' id='line_1_91' title="bbox 2358 2896 3931 2978; baseline 0.006 -22"><span class='ocrx_word' id='word_1_719' title='bbox 2358 2902 2697 2972; x_wconf 72' lang='lat' dir='ltr'><strong>generalitas,</strong></span> <span class='ocrx_word' id='word_1_720' title='bbox 2748 2903 3139 2958; x_wconf 87' lang='lat' dir='ltr'><strong>institutionum</strong></span> <span class='ocrx_word' id='word_1_721' title='bbox 3179 2896 3312 2958; x_wconf 82' lang='lat' dir='ltr'><strong>infra</strong></span> <span class='ocrx_word' id='word_1_722' title='bbox 3351 2919 3413 2960; x_wconf 88' lang='lat' dir='ltr'><strong>se</strong></span> <span class='ocrx_word' id='word_1_723' title='bbox 3460 2906 3744 2962; x_wconf 77' lang='lat' dir='ltr'><strong>locatardm</strong></span> <span class='ocrx_word' id='word_1_724' title='bbox 3769 2924 3931 2978; x_wconf 79' lang='lat' dir='ltr'><strong>genus</strong></span> 
     </span>
    </p>
   </div>
   <div class='ocr_carea' id='block_1_92' title="bbox 2360 2992 3944 3064">
    <p class='ocr_par' dir='ltr' id='par_1_92' title="bbox 2360 2992 3944 3064">
     <span class='ocr_line' id='line_1_92' title="bbox 2360 2992 3944 3064; baseline 0.005 -19"><span class='ocrx_word' id='word_1_725' title='bbox 2360 2992 2627 3063; x_wconf 90' lang='lat' dir='ltr'><strong>quoddam</strong></span> <span class='ocrx_word' id='word_1_726' title='bbox 2655 3002 2738 3048; x_wconf 90' lang='lat' dir='ltr'><strong>est</strong></span> <span class='ocrx_word' id='word_1_727' title='bbox 2766 3011 2779 3047; x_wconf 90' lang='lat'><strong>:</strong></span> <span class='ocrx_word' id='word_1_728' title='bbox 2819 2992 2936 3048; x_wconf 68' lang='lat' dir='ltr'><strong>htee</strong></span> <span class='ocrx_word' id='word_1_729' title='bbox 2980 2994 3124 3049; x_wconf 91' lang='lat' dir='ltr'><strong>velut</strong></span> <span class='ocrx_word' id='word_1_730' title='bbox 3169 2995 3377 3064; x_wconf 83' lang='lat' dir='ltr'><strong>species</strong></span> <span class='ocrx_word' id='word_1_731' title='bbox 3405 2994 3593 3059; x_wconf 88' lang='lat' dir='ltr'><strong>habet,</strong></span> <span class='ocrx_word' id='word_1_732' title='bbox 3621 2998 3671 3051; x_wconf 90' lang='lat' dir='ltr'><strong>in</strong></span> <span class='ocrx_word' id='word_1_733' title='bbox 3713 3002 3815 3053; x_wconf 77' lang='lat' dir='ltr'><strong>Situ</strong></span> <span class='ocrx_word' id='word_1_734' title='bbox 3836 3042 3851 3063; x_wconf 93' lang='lat'><strong>,</strong></span> <span class='ocrx_word' id='word_1_735' title='bbox 3882 3001 3944 3059; x_wconf 75' lang='lat' dir='ltr'><strong>in,</strong></span> 
     </span>
    </p>
   </div>
   <div class='ocr_carea' id='block_1_93' title="bbox 2362 3085 3932 3161">
    <p class='ocr_par' dir='ltr' id='par_1_93' title="bbox 2362 3085 3932 3161">
     <span class='ocr_line' id='line_1_93' title="bbox 2362 3085 3932 3161; baseline 0.003 -21"><span class='ocrx_word' id='word_1_736' title='bbox 2362 3085 2640 3152; x_wconf 90' lang='lat' dir='ltr'><strong>membris,</strong></span> <span class='ocrx_word' id='word_1_737' title='bbox 2673 3085 2726 3139; x_wconf 91' lang='lat' dir='ltr'><strong>in</strong></span> <span class='ocrx_word' id='word_1_738' title='bbox 2770 3085 3067 3149; x_wconf 72' lang='lat' dir='ltr'><strong>ordinibus,</strong></span> <span class='ocrx_word' id='word_1_739' title='bbox 3110 3086 3162 3141; x_wconf 93' lang='lat' dir='ltr'><strong>in</strong></span> <span class='ocrx_word' id='word_1_740' title='bbox 3208 3087 3463 3153; x_wconf 87' lang='lat' dir='ltr'><strong>motibus,</strong></span> <span class='ocrx_word' id='word_1_741' title='bbox 3495 3087 3577 3142; x_wconf 85' lang='lat' dir='ltr'><strong>vel</strong></span> <span class='ocrx_word' id='word_1_742' title='bbox 3606 3089 3722 3143; x_wconf 89' lang='lat' dir='ltr'><strong>aliis</strong></span> <span class='ocrx_word' id='word_1_743' title='bbox 3765 3090 3815 3145; x_wconf 92' lang='lat' dir='ltr'><strong>id</strong></span> <span class='ocrx_word' id='word_1_744' title='bbox 3843 3107 3932 3161; x_wconf 87' lang='lat' dir='ltr'><strong>ge-</strong></span> 
     </span>
    </p>
   </div>
   <div class='ocr_carea' id='block_1_94' title="bbox 2362 3176 3931 3250">
    <p class='ocr_par' dir='ltr' id='par_1_94' title="bbox 2362 3176 3931 3250">
     <span class='ocr_line' id='line_1_94' title="bbox 2362 3176 3931 3250; baseline 0.003 -18"><span class='ocrx_word' id='word_1_745' title='bbox 2362 3178 2466 3233; x_wconf 89' lang='lat' dir='ltr'><strong>nus</strong></span> <span class='ocrx_word' id='word_1_746' title='bbox 2493 3177 2509 3208; x_wconf 83' lang='grc'>¹</span> <span class='ocrx_word' id='word_1_747' title='bbox 2547 3196 2566 3229; x_wconf 72' lang='grc' dir='ltr'><strong>ι</strong></span> <span class='ocrx_word' id='word_1_748' title='bbox 2602 3176 2820 3250; x_wconf 84' lang='lat' dir='ltr'><strong>(Supra,</strong></span> <span class='ocrx_word' id='word_1_749' title='bbox 2860 3195 2976 3247; x_wconf 82' lang='lat' dir='ltr'><strong>cap.</strong></span> <span class='ocrx_word' id='word_1_750' title='bbox 3002 3179 3117 3248; x_wconf 75' lang='grc'><strong>24).</strong></span> <span class='ocrx_word' id='word_1_751' title='bbox 3162 3177 3263 3233; x_wconf 67' lang='lat' dir='ltr'><strong>ista</strong></span> <span class='ocrx_word' id='word_1_752' title='bbox 3292 3194 3420 3250; x_wconf 91' lang='lat' dir='ltr'><strong>ergo</strong></span> <span class='ocrx_word' id='word_1_753' title='bbox 3462 3188 3547 3234; x_wconf 87' lang='lat' dir='ltr'><strong>tua</strong></span> <span class='ocrx_word' id='word_1_754' title='bbox 3583 3180 3931 3250; x_wconf 85' lang='lat' dir='ltr'><strong>disputatione</strong></span> 
     </span>
    </p>
   </div>
   <div class='ocr_carea' id='block_1_95' title="bbox 2340 3272 3935 3355">
    <p class='ocr_par' dir='ltr' id='par_1_95' title="bbox 2340 3272 3935 3355">
     <span class='ocr_line' id='line_1_95' title="bbox 2340 3272 3935 3355; baseline 0.003 -29"><span class='ocrx_word' id='word_1_755' title='bbox 2340 3280 2542 3355; x_wconf 26' lang='lat' dir='ltr'><strong>‘molns</strong></span> <span class='ocrx_word' id='word_1_756' title='bbox 2569 3282 2771 3327; x_wconf 64' lang='lat' dir='ltr'><strong>naturae</strong></span> <span class='ocrx_word' id='word_1_757' title='bbox 2799 3272 3035 3343; x_wconf 89' lang='lat' dir='ltr'><strong>speciem</strong></span> <span class='ocrx_word' id='word_1_758' title='bbox 3065 3273 3346 3328; x_wconf 86' lang='lat' dir='ltr'><strong>asscruisti</strong></span> <span class='ocrx_word' id='word_1_759' title='bbox 3386 3288 3506 3328; x_wconf 89' lang='lat' dir='ltr'><strong>esse</strong></span> <span class='ocrx_word' id='word_1_760' title='bbox 3535 3282 3735 3329; x_wconf 80' lang='lat' dir='ltr'><strong>natura:</strong></span> <span class='ocrx_word' id='word_1_761' title='bbox 3758 3292 3771 3328; x_wconf 92' lang='lat'>:</span> <span class='ocrx_word' id='word_1_762' title='bbox 3798 3277 3935 3330; x_wconf 88' lang='lat' dir='ltr'><strong>unde</strong></span> 
     </span>
    </p>
   </div>
   <div class='ocr_carea' id='block_1_96' title="bbox 2367 3363 3935 3434">
    <p class='ocr_par' dir='ltr' id='par_1_96' title="bbox 2367 3363 3935 3434">
     <span class='ocr_line' id='line_1_96' title="bbox 2367 3363 3935 3434; baseline 0.003 -16"><span class='ocrx_word' id='word_1_763' title='bbox 2367 3375 2418 3418; x_wconf 92' lang='lat' dir='ltr'><strong>te</strong></span> <span class='ocrx_word' id='word_1_764' title='bbox 2445 3363 2701 3433; x_wconf 88' lang='lat' dir='ltr'><strong>sequitur,</strong></span> <span class='ocrx_word' id='word_1_765' title='bbox 2733 3364 2875 3434; x_wconf 87' lang='lat' dir='ltr'><strong>quod</strong></span> <span class='ocrx_word' id='word_1_766' title='bbox 2903 3380 3007 3418; x_wconf 93' lang='lat' dir='ltr'><strong>non</strong></span> <span class='ocrx_word' id='word_1_767' title='bbox 3036 3363 3135 3431; x_wconf 86' lang='lat' dir='ltr'><strong>vis,</strong></span> <span class='ocrx_word' id='word_1_768' title='bbox 3156 3373 3213 3419; x_wconf 89' lang='lat' dir='ltr'><strong>ut</strong></span> <span class='ocrx_word' id='word_1_769' title='bbox 3236 3374 3422 3421; x_wconf 86' lang='lat' dir='ltr'><strong>natura</strong></span> <span class='ocrx_word' id='word_1_770' title='bbox 3451 3365 3521 3420; x_wconf 93' lang='lat' dir='ltr'><strong>sit</strong></span> <span class='ocrx_word' id='word_1_771' title='bbox 3544 3366 3716 3421; x_wconf 89' lang='lat' dir='ltr'><strong>omnis</strong></span> <span class='ocrx_word' id='word_1_772' title='bbox 3739 3378 3935 3423; x_wconf 72' lang='lat' dir='ltr'><strong>natura:</strong></span> 
     </span>
    </p>
   </div>
   <div class='ocr_carea' id='block_1_97' title="bbox 2365 3457 3935 3529">
    <p class='ocr_par' dir='ltr' id='par_1_97' title="bbox 2365 3457 3935 3529">
     <span class='ocr_line' id='line_1_97' title="bbox 2365 3457 3935 3529; baseline 0.001 -17"><span class='ocrx_word' id='word_1_773' title='bbox 2365 3466 2564 3522; x_wconf 92' lang='lat' dir='ltr'><strong>motus,</strong></span> <span class='ocrx_word' id='word_1_774' title='bbox 2596 3458 2639 3511; x_wconf 90' lang='lat' dir='ltr'><strong>si</strong></span> <span class='ocrx_word' id='word_1_775' title='bbox 2676 3467 2862 3513; x_wconf 84' lang='lat' dir='ltr'><strong>natura</strong></span> <span class='ocrx_word' id='word_1_776' title='bbox 2892 3472 3092 3528; x_wconf 86' lang='lat' dir='ltr'><strong>genus,</strong></span> <span class='ocrx_word' id='word_1_777' title='bbox 3121 3457 3345 3528; x_wconf 86' lang='lat' dir='ltr'><strong>ejusque</strong></span> <span class='ocrx_word' id='word_1_778' title='bbox 3382 3459 3588 3529; x_wconf 85' lang='lat' dir='ltr'><strong>species</strong></span> <span class='ocrx_word' id='word_1_779' title='bbox 3622 3469 3705 3514; x_wconf 91' lang='lat' dir='ltr'><strong>est.</strong></span> <span class='ocrx_word' id='word_1_780' title='bbox 3739 3470 3935 3515; x_wconf 69' lang='lat' dir='ltr'><strong>naturae</strong></span> 
     </span>
    </p>
   </div>
   <div class='ocr_carea' id='block_1_98' title="bbox 2364 3550 3936 3623">
    <p class='ocr_par' dir='ltr' id='par_1_98' title="bbox 2364 3550 3936 3623">
     <span class='ocr_line' id='line_1_98' title="bbox 2364 3550 3936 3623; baseline 0.001 -17"><span class='ocrx_word' id='word_1_781' title='bbox 2364 3560 2578 3617; x_wconf 90' lang='lat' dir='ltr'><strong>motus;</strong></span> <span class='ocrx_word' id='word_1_782' title='bbox 2605 3550 3052 3621; x_wconf 80' lang='lat' dir='ltr'><strong>quemadmodum</strong></span> <span class='ocrx_word' id='word_1_783' title='bbox 3096 3551 3296 3606; x_wconf 87' lang='lat' dir='ltr'><strong>animal</strong></span> <span class='ocrx_word' id='word_1_784' title='bbox 3333 3560 3418 3606; x_wconf 87' lang='lat' dir='ltr'><strong>est</strong></span> <span class='ocrx_word' id='word_1_785' title='bbox 3460 3552 3631 3607; x_wconf 91' lang='lat' dir='ltr'><strong>omnis</strong></span> <span class='ocrx_word' id='word_1_786' title='bbox 3657 3567 3846 3623; x_wconf 82' lang='lat' dir='ltr'><strong>equus,</strong></span> <span class='ocrx_word' id='word_1_787' title='bbox 3872 3568 3936 3607; x_wconf 92' lang='lat' dir='ltr'><strong>eo</strong></span> 
     </span>
    </p>
   </div>
   <div class='ocr_carea' id='block_1_99' title="bbox 2365 3641 3937 3719">
    <p class='ocr_par' dir='ltr' id='par_1_99' title="bbox 2365 3641 3937 3719">
     <span class='ocr_line' id='line_1_99' title="bbox 2365 3641 3937 3719; baseline 0.002 -24"><span class='ocrx_word' id='word_1_788' title='bbox 2365 3641 2509 3715; x_wconf 89' lang='lat' dir='ltr'><strong>quod</strong></span> <span class='ocrx_word' id='word_1_789' title='bbox 2552 3643 2746 3719; x_wconf 88' lang='lat' dir='ltr'><strong>animal</strong></span> <span class='ocrx_word' id='word_1_790' title='bbox 2789 3656 2961 3713; x_wconf 87' lang='lat' dir='ltr'><strong>genus</strong></span> <span class='ocrx_word' id='word_1_791' title='bbox 2979 3651 3094 3709; x_wconf 88' lang='lat' dir='ltr'><strong>est,</strong></span> <span class='ocrx_word' id='word_1_792' title='bbox 3147 3643 3359 3713; x_wconf 80' lang='lat' dir='ltr'><strong>species</strong></span> <span class='ocrx_word' id='word_1_793' title='bbox 3384 3652 3512 3699; x_wconf 77' lang='lat' dir='ltr'><strong>vero</strong></span> <span class='ocrx_word' id='word_1_794' title='bbox 3538 3644 3695 3714; x_wconf 89' lang='lat' dir='ltr'><strong>hujus</strong></span> <span class='ocrx_word' id='word_1_795' title='bbox 3727 3646 3937 3715; x_wconf 81' lang='lat' dir='ltr'><strong>generis</strong></span> 
     </span>
    </p>
   </div>
   <div class='ocr_carea' id='block_1_100' title="bbox 2367 3732 3939 3805">
    <p class='ocr_par' dir='ltr' id='par_1_100' title="bbox 2367 3732 3939 3805">
     <span class='ocr_line' id='line_1_100' title="bbox 2367 3732 3939 3805; baseline 0.001 -17"><span class='ocrx_word' id='word_1_796' title='bbox 2367 3748 2557 3804; x_wconf 90' lang='lat' dir='ltr'><strong>equus.</strong></span> <span class='ocrx_word' id='word_1_797' title='bbox 2586 3735 2661 3788; x_wconf 75' lang='lat' dir='ltr'><strong>Ac</strong></span> <span class='ocrx_word' id='word_1_798' title='bbox 2690 3749 2784 3802; x_wconf 89' lang='lat' dir='ltr'><strong>per</strong></span> <span class='ocrx_word' id='word_1_799' title='bbox 2810 3732 2917 3803; x_wconf 84' lang='lat' dir='ltr'><strong>hoc</strong></span> <span class='ocrx_word' id='word_1_800' title='bbox 2941 3734 3205 3801; x_wconf 84' lang='lat' dir='ltr'><strong>voluntas,</strong></span> <span class='ocrx_word' id='word_1_801' title='bbox 3231 3733 3481 3805; x_wconf 89' lang='lat' dir='ltr'><strong>quoniam</strong></span> <span class='ocrx_word' id='word_1_802' title='bbox 3509 3743 3679 3789; x_wconf 89' lang='lat' dir='ltr'><strong>motus</strong></span> <span class='ocrx_word' id='word_1_803' title='bbox 3706 3746 3788 3791; x_wconf 89' lang='lat' dir='ltr'><strong>est</strong></span> <span class='ocrx_word' id='word_1_804' title='bbox 3825 3737 3939 3790; x_wconf 84' lang='lat' dir='ltr'><strong>ani-</strong></span> 
     </span>
    </p>
   </div>
   <div class='ocr_carea' id='block_1_101' title="bbox 2367 3824 3942 3891">
    <p class='ocr_par' dir='ltr' id='par_1_101' title="bbox 2367 3824 3942 3891">
     <span class='ocr_line' id='line_1_101' title="bbox 2367 3824 3942 3891; baseline 0.001 -11"><span class='ocrx_word' id='word_1_805' title='bbox 2367 3826 2463 3891; x_wconf 91' lang='lat' dir='ltr'><strong>mi,</strong></span> <span class='ocrx_word' id='word_1_806' title='bbox 2495 3834 2549 3879; x_wconf 91' lang='lat' dir='ltr'><strong>et</strong></span> <span class='ocrx_word' id='word_1_807' title='bbox 2575 3824 2698 3878; x_wconf 90' lang='lat' dir='ltr'><strong>inde</strong></span> <span class='ocrx_word' id='word_1_808' title='bbox 2729 3824 3033 3879; x_wconf 90' lang='lat' dir='ltr'><strong>ostenditur</strong></span> <span class='ocrx_word' id='word_1_809' title='bbox 3058 3835 3234 3879; x_wconf 88' lang='lat' dir='ltr'><strong>motus</strong></span> <span class='ocrx_word' id='word_1_810' title='bbox 3261 3840 3381 3880; x_wconf 91' lang='lat' dir='ltr'><strong>esse</strong></span> <span class='ocrx_word' id='word_1_811' title='bbox 3409 3835 3628 3890; x_wconf 60' lang='lat' dir='ltr'><strong>naturae,</strong></span> <span class='ocrx_word' id='word_1_812' title='bbox 3657 3834 3708 3880; x_wconf 89' lang='lat' dir='ltr'><strong>te</strong></span> <span class='ocrx_word' id='word_1_813' title='bbox 3737 3827 3807 3879; x_wconf 77' lang='lat' dir='ltr'><strong>ita</strong></span> <span class='ocrx_word' id='word_1_814' title='bbox 3837 3826 3942 3881; x_wconf 80' lang='lat' dir='ltr'><strong>tl&#39;ts-</strong></span> 
     </span>
    </p>
   </div>
   <div class='ocr_carea' id='block_1_102' title="bbox 2369 3916 3943 3997">
    <p class='ocr_par' dir='ltr' id='par_1_102' title="bbox 2369 3916 3943 3997">
     <span class='ocr_line' id='line_1_102' title="bbox 2369 3916 3943 3997; baseline 0.001 -27"><span class='ocrx_word' id='word_1_815' title='bbox 2369 3923 2802 3997; x_wconf 82' lang='lat' dir='ltr'><strong>putantenatura</strong></span> <span class='ocrx_word' id='word_1_816' title='bbox 2827 3923 2948 3981; x_wconf 91' lang='lat' dir='ltr'><strong>est;</strong></span> <span class='ocrx_word' id='word_1_817' title='bbox 2982 3916 3104 3985; x_wconf 89' lang='lat' dir='ltr'><strong>quia</strong></span> <span class='ocrx_word' id='word_1_818' title='bbox 3130 3924 3331 3971; x_wconf 79' lang='lat' dir='ltr'><strong>natura:</strong></span> <span class='ocrx_word' id='word_1_819' title='bbox 3355 3926 3599 3987; x_wconf 86' lang='lat' dir='ltr'><strong>tanquam</strong></span> <span class='ocrx_word' id='word_1_820' title='bbox 3625 3918 3804 3987; x_wconf 79' lang='lat' dir='ltr'><strong>generi</strong></span> <span class='ocrx_word' id='word_1_821' title='bbox 3833 3932 3943 3986; x_wconf 77' lang='lat' dir='ltr'><strong>spe-</strong></span> 
     </span>
    </p>
   </div>
   <div class='ocr_carea' id='block_1_103' title="bbox 2369 4008 3942 4080">
    <p class='ocr_par' dir='ltr' id='par_1_103' title="bbox 2369 4008 3942 4080">
     <span class='ocr_line' id='line_1_103' title="bbox 2369 4008 3942 4080; baseline -0.003 -15"><span class='ocrx_word' id='word_1_822' title='bbox 2369 4012 2482 4066; x_wconf 89' lang='lat' dir='ltr'><strong>cies</strong></span> <span class='ocrx_word' id='word_1_823' title='bbox 2511 4008 2813 4080; x_wconf 90' lang='lat' dir='ltr'><strong>hujusmodi</strong></span> <span class='ocrx_word' id='word_1_824' title='bbox 2842 4008 3274 4079; x_wconf 83' lang='lat' dir='ltr'><strong>subdidisti.&#39;_Cur</strong></span> <span class='ocrx_word' id='word_1_825' title='bbox 3293 4024 3420 4080; x_wconf 83' lang='lat' dir='ltr'><strong>ergo</strong></span> <span class='ocrx_word' id='word_1_826' title='bbox 3445 4009 3784 4079; x_wconf 83' lang='lat' dir='ltr'><strong>reprehendis</strong></span> <span class='ocrx_word' id='word_1_827' title='bbox 3804 4010 3942 4080; x_wconf 84' lang='lat' dir='ltr'><strong>quod</strong></span> 
     </span>
    </p>
   </div>
   <div class='ocr_carea' id='block_1_104' title="bbox 2369 4100 3941 4171">
    <p class='ocr_par' dir='ltr' id='par_1_104' title="bbox 2369 4100 3941 4171">
     <span class='ocr_line' id='line_1_104' title="bbox 2369 4100 3941 4171; baseline -0.002 -15"><span class='ocrx_word' id='word_1_828' title='bbox 2369 4102 2565 4157; x_wconf 86' lang='lat' dir='ltr'><strong>dicitur</strong></span> <span class='ocrx_word' id='word_1_829' title='bbox 2595 4101 2838 4156; x_wconf 89' lang='lat' dir='ltr'><strong>naturale</strong></span> <span class='ocrx_word' id='word_1_830' title='bbox 2866 4110 3163 4171; x_wconf 87' lang='lat' dir='ltr'><strong>peccatum,</strong></span> <span class='ocrx_word' id='word_1_831' title='bbox 3183 4100 3323 4171; x_wconf 89' lang='lat' dir='ltr'><strong>quod</strong></span> <span class='ocrx_word' id='word_1_832' title='bbox 3361 4100 3484 4156; x_wconf 89' lang='lat' dir='ltr'><strong>fecit</strong></span> <span class='ocrx_word' id='word_1_833' title='bbox 3508 4101 3747 4155; x_wconf 89' lang='lat' dir='ltr'><strong>voluntas</strong></span> <span class='ocrx_word' id='word_1_834' title='bbox 3775 4102 3907 4155; x_wconf 84' lang='lat' dir='ltr'><strong>mala</strong></span> <span class='ocrx_word' id='word_1_835' title='bbox 3927 4143 3941 4163; x_wconf 85' lang='lat'><strong>,</strong></span> 
     </span>
    </p>
   </div>
   <div class='ocr_carea' id='block_1_105' title="bbox 2370 4193 3945 4268">
    <p class='ocr_par' dir='ltr' id='par_1_105' title="bbox 2370 4193 3945 4268">
     <span class='ocr_line' id='line_1_105' title="bbox 2370 4193 3945 4268; baseline -0.003 -18"><span class='ocrx_word' id='word_1_836' title='bbox 2370 4212 2528 4268; x_wconf 85' lang='lat' dir='ltr'><strong>quam</strong></span> <span class='ocrx_word' id='word_1_837' title='bbox 2545 4196 2563 4227; x_wconf 80' lang='grc' dir='ltr'>ί</span> <span class='ocrx_word' id='word_1_838' title='bbox 2581 4196 2748 4266; x_wconf 86' lang='lat' dir='ltr'><strong>ipsam</strong></span> <span class='ocrx_word' id='word_1_839' title='bbox 2766 4195 3089 4251; x_wconf 88' lang='lat' dir='ltr'><strong>voluntatem</strong></span> <span class='ocrx_word' id='word_1_840' title='bbox 3110 4193 3164 4250; x_wconf 87' lang='lat' dir='ltr'><strong>tu</strong></span> <span class='ocrx_word' id='word_1_841' title='bbox 3177 4194 3355 4266; x_wconf 82' lang='lat' dir='ltr'><strong>dicere</strong></span> <span class='ocrx_word' id='word_1_842' title='bbox 3368 4195 3697 4250; x_wconf 84' lang='lat' dir='ltr'><strong>convincaris</strong></span> <span class='ocrx_word' id='word_1_843' title='bbox 3716 4209 3837 4249; x_wconf 81' lang='lat' dir='ltr'><strong>esse</strong></span> <span class='ocrx_word' id='word_1_844' title='bbox 3856 4210 3945 4248; x_wconf 84' lang='lat' dir='ltr'><strong>na-</strong></span> 
     </span>
    </p>
   </div>
   <div class='ocr_carea' id='block_1_106' title="bbox 2372 4286 3943 4345">
    <p class='ocr_par' dir='ltr' id='par_1_106' title="bbox 2372 4286 3943 4345">
     <span class='ocr_line' id='line_1_106' title="bbox 2372 4286 3943 4345; baseline -0.003 -2"><span class='ocrx_word' id='word_1_845' title='bbox 2372 4288 2587 4343; x_wconf 79' lang='lat' dir='ltr'><strong>turam?</strong></span> <span class='ocrx_word' id='word_1_846' title='bbox 2616 4287 2721 4345; x_wconf 90' lang='lat' dir='ltr'><strong>Sed</strong></span> <span class='ocrx_word' id='word_1_847' title='bbox 2744 4297 2934 4343; x_wconf 83' lang='lat' dir='ltr'><strong>natura</strong></span> <span class='ocrx_word' id='word_1_848' title='bbox 2952 4304 3059 4342; x_wconf 92' lang='lat' dir='ltr'><strong>non</strong></span> <span class='ocrx_word' id='word_1_849' title='bbox 3085 4287 3155 4343; x_wconf 90' lang='lat' dir='ltr'><strong>sit</strong></span> <span class='ocrx_word' id='word_1_850' title='bbox 3170 4286 3415 4342; x_wconf 83' lang='lat' dir='ltr'><strong>voluntas</strong></span> <span class='ocrx_word' id='word_1_851' title='bbox 3437 4304 3452 4341; x_wconf 89' lang='lat'><strong>:</strong></span> <span class='ocrx_word' id='word_1_852' title='bbox 3481 4296 3625 4342; x_wconf 87' lang='lat' dir='ltr'><strong>certe</strong></span> <span class='ocrx_word' id='word_1_853' title='bbox 3651 4295 3829 4341; x_wconf 88' lang='lat' dir='ltr'><strong>tamen</strong></span> <span class='ocrx_word' id='word_1_854' title='bbox 3849 4287 3943 4340; x_wconf 87' lang='lat' dir='ltr'><strong>nisi</strong></span> 
     </span>
    </p>
   </div>
   <div class='ocr_carea' id='block_1_107' title="bbox 2373 4378 3947 4451">
    <p class='ocr_par' dir='ltr' id='par_1_107' title="bbox 2373 4378 3947 4451">
     <span class='ocr_line' id='line_1_107' title="bbox 2373 4378 3947 4451; baseline -0.001 -16"><span class='ocrx_word' id='word_1_855' title='bbox 2373 4381 2426 4436; x_wconf 93' lang='lat' dir='ltr'><strong>in</strong></span> <span class='ocrx_word' id='word_1_856' title='bbox 2441 4388 2628 4435; x_wconf 89' lang='lat' dir='ltr'><strong>natura</strong></span> <span class='ocrx_word' id='word_1_857' title='bbox 2650 4396 2755 4435; x_wconf 90' lang='lat' dir='ltr'><strong>non</strong></span> <span class='ocrx_word' id='word_1_858' title='bbox 2782 4388 2957 4451; x_wconf 91' lang='lat' dir='ltr'><strong>potest</strong></span> <span class='ocrx_word' id='word_1_859' title='bbox 2986 4394 3142 4449; x_wconf 87' lang='lat' dir='ltr'><strong>esse;</strong></span> <span class='ocrx_word' id='word_1_860' title='bbox 3174 4388 3429 4450; x_wconf 89' lang='lat' dir='ltr'><strong>quantum</strong></span> <span class='ocrx_word' id='word_1_861' title='bbox 3456 4380 3597 4434; x_wconf 92' lang='lat' dir='ltr'><strong>enim</strong></span> <span class='ocrx_word' id='word_1_862' title='bbox 3628 4380 3852 4448; x_wconf 84' lang='lat' dir='ltr'><strong>pertinet</strong></span> <span class='ocrx_word' id='word_1_863' title='bbox 3880 4378 3947 4433; x_wconf 85' lang='lat' dir='ltr'><strong>ad</strong></span> 
     </span>
    </p>
   </div>
   <div class='ocr_carea' id='block_1_108' title="bbox 2374 4473 3944 4544">
    <p class='ocr_par' dir='ltr' id='par_1_108' title="bbox 2374 4473 3944 4544">
     <span class='ocr_line' id='line_1_108' title="bbox 2374 4473 3944 4544; baseline -0.002 -14"><span class='ocrx_word' id='word_1_864' title='bbox 2374 4473 2668 4542; x_wconf 90' lang='lat' dir='ltr'><strong>hominem,</strong></span> <span class='ocrx_word' id='word_1_865' title='bbox 2705 4483 2883 4530; x_wconf 90' lang='lat' dir='ltr'><strong>motus</strong></span> <span class='ocrx_word' id='word_1_866' title='bbox 2924 4482 3009 4530; x_wconf 92' lang='lat' dir='ltr'><strong>est</strong></span> <span class='ocrx_word' id='word_1_867' title='bbox 3050 4474 3237 4540; x_wconf 88' lang='lat' dir='ltr'><strong>animi,</strong></span> <span class='ocrx_word' id='word_1_868' title='bbox 3274 4473 3588 4544; x_wconf 88' lang='lat' dir='ltr'><strong>animusque</strong></span> <span class='ocrx_word' id='word_1_869' title='bbox 3623 4483 3808 4528; x_wconf 86' lang='lat' dir='ltr'><strong>natura</strong></span> <span class='ocrx_word' id='word_1_870' title='bbox 3845 4484 3944 4527; x_wconf 83' lang='lat' dir='ltr'><strong>est.</strong></span> 
     </span>
    </p>
   </div>
   <div class='ocr_carea' id='block_1_109' title="bbox 2373 4564 3947 4639">
    <p class='ocr_par' dir='ltr' id='par_1_109' title="bbox 2373 4564 3947 4639">
     <span class='ocr_line' id='line_1_109' title="bbox 2373 4564 3947 4639; baseline -0.005 -15"><span class='ocrx_word' id='word_1_871' title='bbox 2373 4567 2499 4624; x_wconf 92' lang='lat' dir='ltr'><strong>Sine</strong></span> <span class='ocrx_word' id='word_1_872' title='bbox 2522 4567 2655 4637; x_wconf 90' lang='lat' dir='ltr'><strong>jam,</strong></span> <span class='ocrx_word' id='word_1_873' title='bbox 2680 4582 2886 4639; x_wconf 70' lang='lat' dir='ltr'><strong>quaeso,</strong></span> <span class='ocrx_word' id='word_1_874' title='bbox 2912 4568 2982 4621; x_wconf 89' lang='lat' dir='ltr'><strong>ita</strong></span> <span class='ocrx_word' id='word_1_875' title='bbox 3003 4566 3106 4622; x_wconf 93' lang='lat' dir='ltr'><strong>dici</strong></span> <span class='ocrx_word' id='word_1_876' title='bbox 3125 4564 3365 4622; x_wconf 87' lang='lat' dir='ltr'><strong>naturale</strong></span> <span class='ocrx_word' id='word_1_877' title='bbox 3381 4576 3672 4636; x_wconf 88' lang='lat' dir='ltr'><strong>peceatum,</strong></span> <span class='ocrx_word' id='word_1_878' title='bbox 3699 4565 3947 4636; x_wconf 82' lang='lat' dir='ltr'><strong>quaniam</strong></span> 
     </span>
    </p>
   </div>
   <div class='ocr_carea' id='block_1_110' title="bbox 2372 4655 3948 4733">
    <p class='ocr_par' dir='ltr' id='par_1_110' title="bbox 2372 4655 3948 4733">
     <span class='ocr_line' id='line_1_110' title="bbox 2372 4655 3948 4733; baseline -0.003 -19"><span class='ocrx_word' id='word_1_879' title='bbox 2372 4673 2494 4733; x_wconf 84' lang='lat' dir='ltr'><strong>cum</strong></span> <span class='ocrx_word' id='word_1_880' title='bbox 2516 4658 2680 4714; x_wconf 92' lang='lat' dir='ltr'><strong>homo</strong></span> <span class='ocrx_word' id='word_1_881' title='bbox 2703 4665 2908 4729; x_wconf 88' lang='lat' dir='ltr'><strong>peccat,</strong></span> <span class='ocrx_word' id='word_1_882' title='bbox 2933 4667 3117 4712; x_wconf 89' lang='lat' dir='ltr'><strong>natura</strong></span> <span class='ocrx_word' id='word_1_883' title='bbox 3138 4657 3321 4727; x_wconf 89' lang='lat' dir='ltr'><strong>utique</strong></span> <span class='ocrx_word' id='word_1_884' title='bbox 3343 4664 3554 4727; x_wconf 90' lang='lat' dir='ltr'><strong>peccat;</strong></span> <span class='ocrx_word' id='word_1_885' title='bbox 3583 4656 3738 4710; x_wconf 91' lang='lat' dir='ltr'><strong>homo</strong></span> <span class='ocrx_word' id='word_1_886' title='bbox 3754 4655 3948 4726; x_wconf 84' lang='lat' dir='ltr'><strong>quippe</strong></span> 
     </span>
    </p>
   </div>
   <div class='ocr_carea' id='block_1_111' title="bbox 2375 4746 3949 4821">
    <p class='ocr_par' dir='ltr' id='par_1_111' title="bbox 2375 4746 3949 4821">
     <span class='ocr_line' id='line_1_111' title="bbox 2375 4746 3949 4821; baseline -0.003 -16"><span class='ocrx_word' id='word_1_887' title='bbox 2375 4761 2564 4819; x_wconf 87' lang='lat' dir='ltr'><strong>natura</strong></span> <span class='ocrx_word' id='word_1_888' title='bbox 2595 4759 2720 4806; x_wconf 90' lang='lat' dir='ltr'><strong>est:</strong></span> <span class='ocrx_word' id='word_1_889' title='bbox 2754 4748 3205 4821; x_wconf 88' lang='lat' dir='ltr'><strong>quemadmodum</strong></span> <span class='ocrx_word' id='word_1_890' title='bbox 3252 4757 3400 4805; x_wconf 87' lang='lat' dir='ltr'><strong>recte</strong></span> <span class='ocrx_word' id='word_1_891' title='bbox 3426 4747 3528 4804; x_wconf 92' lang='lat' dir='ltr'><strong>dici</strong></span> <span class='ocrx_word' id='word_1_892' title='bbox 3574 4756 3747 4817; x_wconf 88' lang='lat' dir='ltr'><strong>potest</strong></span> <span class='ocrx_word' id='word_1_893' title='bbox 3788 4746 3949 4803; x_wconf 77' lang='lat' dir='ltr'><strong>etiam</strong></span> 
     </span>
    </p>
   </div>
   <div class='ocr_carea' id='block_1_112' title="bbox 2374 4838 3967 4913">
    <p class='ocr_par' dir='ltr' id='par_1_112' title="bbox 2374 4838 3967 4913">
     <span class='ocr_line' id='line_1_112' title="bbox 2374 4838 3967 4913; baseline -0.005 -16"><span class='ocrx_word' id='word_1_894' title='bbox 2374 4841 2648 4913; x_wconf 89' lang='lat' dir='ltr'><strong>spirituale</strong></span> <span class='ocrx_word' id='word_1_895' title='bbox 2687 4850 2989 4912; x_wconf 85' lang='lat' dir='ltr'><strong>peceatum,</strong></span> <span class='ocrx_word' id='word_1_896' title='bbox 3020 4855 3145 4896; x_wconf 90' lang='lat' dir='ltr'><strong>eum</strong></span> <span class='ocrx_word' id='word_1_897' title='bbox 3184 4840 3404 4910; x_wconf 86' lang='lat' dir='ltr'><strong>spiritus</strong></span> <span class='ocrx_word' id='word_1_898' title='bbox 3432 4848 3633 4910; x_wconf 83' lang='lat' dir='ltr'><strong>peccat.</strong></span> <span class='ocrx_word' id='word_1_899' title='bbox 3663 4838 3780 4894; x_wconf 85' lang='lat' dir='ltr'><strong>Non</strong></span> <span class='ocrx_word' id='word_1_900' title='bbox 3807 4839 3967 4901; x_wconf 81' lang='lat' dir='ltr'><strong>enim.</strong></span> 
     </span>
    </p>
   </div>
   <div class='ocr_carea' id='block_1_113' title="bbox 2373 4929 3949 5005">
    <p class='ocr_par' dir='ltr' id='par_1_113' title="bbox 2373 4929 3949 5005">
     <span class='ocr_line' id='line_1_113' title="bbox 2373 4929 3949 5005; baseline -0.005 -15"><span class='ocrx_word' id='word_1_901' title='bbox 2373 4933 2569 4990; x_wconf 92' lang='lat' dir='ltr'><strong>erravit</strong></span> <span class='ocrx_word' id='word_1_902' title='bbox 2588 4933 2898 5005; x_wconf 85' lang='lat' dir='ltr'><strong>Apostolus,</strong></span> <span class='ocrx_word' id='word_1_903' title='bbox 2921 4932 3119 4997; x_wconf 91' lang='lat' dir='ltr'><strong>ubiait,</strong></span> <span class='ocrx_word' id='word_1_904' title='bbox 3143 4931 3437 5003; x_wconf 74' lang='lat' dir='ltr'><strong>spiritualt&#39;a</strong></span> <span class='ocrx_word' id='word_1_905' title='bbox 3459 4930 3689 5001; x_wconf 75' lang='lat' dir='ltr'><strong>nequitia:</strong></span> <span class='ocrx_word' id='word_1_906' title='bbox 3706 4946 3719 4984; x_wconf 87' lang='lat'><strong>:</strong></span> <span class='ocrx_word' id='word_1_907' title='bbox 3734 4929 3949 5002; x_wconf 73' lang='lat' dir='ltr'><strong>(Ephes.</strong></span> 
     </span>
    </p>
   </div>
   <div class='ocr_carea' id='block_1_114' title="bbox 2372 5020 3950 5097">
    <p class='ocr_par' dir='ltr' id='par_1_114' title="bbox 2372 5020 3950 5097">
     <span class='ocr_line' id='line_1_114' title="bbox 2372 5020 3950 5097; baseline -0.01 -8"><span class='ocrx_word' id='word_1_908' title='bbox 2372 5042 2447 5094; x_wconf 80' lang='lat' dir='ltr'><strong>VI,</strong></span> <span class='ocrx_word' id='word_1_909' title='bbox 2480 5024 2569 5097; x_wconf 72' lang='lat' dir='ltr'><strong>l2)</strong></span> <span class='ocrx_word' id='word_1_910' title='bbox 2590 5041 2604 5079; x_wconf 90' lang='lat'><strong>:</strong></span> <span class='ocrx_word' id='word_1_911' title='bbox 2622 5031 2742 5096; x_wconf 68' lang='lat' dir='ltr'><strong>quae</strong></span> <span class='ocrx_word' id='word_1_912' title='bbox 2770 5023 3071 5096; x_wconf 88' lang='lat' dir='ltr'><strong>spiritualia</strong></span> <span class='ocrx_word' id='word_1_913' title='bbox 3091 5022 3459 5096; x_wconf 88' lang='lat' dir='ltr'><strong>proculdubio</strong></span> <span class='ocrx_word' id='word_1_914' title='bbox 3482 5020 3739 5078; x_wconf 77' lang='lat' dir='ltr'><strong>naturalia</strong></span> <span class='ocrx_word' id='word_1_915' title='bbox 3765 5022 3950 5085; x_wconf 72' lang='lat' dir='ltr'><strong>sunt’;</strong></span> 
     </span>
    </p>
   </div>
   <div class='ocr_carea' id='block_1_115' title="bbox 2440 5203 3536 5266">
    <p class='ocr_par' dir='ltr' id='par_1_115' title="bbox 2440 5203 3536 5266">
     <span class='ocr_line' id='line_1_115' title="bbox 2440 5203 3536 5266; baseline 0 0"><span class='ocrx_word' id='word_1_916' title='bbox 2440 5203 2457 5237; x_wconf 73' lang='grc' dir='ltr'>ί</span> <span class='ocrx_word' id='word_1_917' title='bbox 2493 5209 2651 5266; x_wconf 73' lang='lat' dir='ltr'><strong>Forte.</strong></span> <span class='ocrx_word' id='word_1_918' title='bbox 2671 5215 2837 5266; x_wconf 66' lang='lat' dir='ltr'><strong>quam.</strong></span> <span class='ocrx_word' id='word_1_919' title='bbox 3088 5263 3098 5266; x_wconf 71' lang='lat'><strong>-</strong></span> <span class='ocrx_word' id='word_1_920' title='bbox 3401 5260 3407 5266; x_wconf 81' lang='lat'><strong>.</strong></span> 
     </span>
    </p>
   </div>
   <div class='ocr_carea' id='block_1_116' title="bbox 2437 5256 3708 5327">
    <p class='ocr_par' dir='ltr' id='par_1_116' title="bbox 2437 5256 3708 5327">
     <span class='ocr_line' id='line_1_116' title="bbox 2437 5256 3708 5327; baseline -0.005 -14"><span class='ocrx_word' id='word_1_921' title='bbox 2437 5267 2459 5298; x_wconf 71' lang='grc'>⁸</span> <span class='ocrx_word' id='word_1_922' title='bbox 2492 5265 2626 5324; x_wconf 80' lang='lat' dir='ltr'><strong>Editi,</strong></span> <span class='ocrx_word' id='word_1_923' title='bbox 2639 5256 2827 5316; x_wconf 63' lang='lat' dir='ltr'><strong>natura</strong></span> <span class='ocrx_word' id='word_1_924' title='bbox 2844 5268 2972 5316; x_wconf 68' lang='grc' dir='ltr'><strong>διατι.</strong></span> <span class='ocrx_word' id='word_1_925' title='bbox 2998 5263 3162 5327; x_wconf 77' lang='lat' dir='ltr'><strong>Aptius</strong></span> <span class='ocrx_word' id='word_1_926' title='bbox 3182 5269 3308 5319; x_wconf 64' lang='lat' dir='ltr'><strong>Mss,</strong></span> <span class='ocrx_word' id='word_1_927' title='bbox 3325 5256 3566 5327; x_wconf 47' lang='lat' dir='ltr'><strong>naturalia</strong></span> <span class='ocrx_word' id='word_1_928' title='bbox 3585 5256 3708 5327; x_wconf 62' lang='lat' dir='ltr'><strong>steti.</strong></span> 
     </span>
    </p>
   </div>
   <div class='ocr_carea' id='block_1_117' title="bbox 2407 5319 3965 5389">
    <p class='ocr_par' dir='ltr' id='par_1_117' title="bbox 2407 5319 3965 5389">
     <span class='ocr_line' id='line_1_117' title="bbox 2407 5319 3965 5389; baseline -0.006 -12"><span class='ocrx_word' id='word_1_929' title='bbox 2407 5365 2413 5370; x_wconf 90' lang='lat'><strong>.</strong></span> <span class='ocrx_word' id='word_1_930' title='bbox 2437 5327 2512 5388; x_wconf 81' lang='grc' dir='ltr'><strong>(α)</strong></span> <span class='ocrx_word' id='word_1_931' title='bbox 2543 5319 2672 5377; x_wconf 77' lang='lat' dir='ltr'><strong>uane</strong></span> <span class='ocrx_word' id='word_1_932' title='bbox 2685 5328 2999 5385; x_wconf 86' lang='lat' dir='ltr'><strong>sententiam,</strong></span> <span class='ocrx_word' id='word_1_933' title='bbox 3013 5319 3232 5389; x_wconf 74' lang='lat' dir='ltr'><strong>aliasque</strong></span> <span class='ocrx_word' id='word_1_934' title='bbox 3249 5321 3502 5389; x_wconf 76' lang='lat' dir='ltr'><strong>nonnullas</strong></span> <span class='ocrx_word' id='word_1_935' title='bbox 3519 5319 3625 5370; x_wconf 84' lang='lat' dir='ltr'><strong>libri</strong></span> <span class='ocrx_word' id='word_1_936' title='bbox 3644 5320 3789 5389; x_wconf 81' lang='lat' dir='ltr'><strong>hujus</strong></span> <span class='ocrx_word' id='word_1_937' title='bbox 3805 5319 3965 5383; x_wconf 82' lang='lat' dir='ltr'><strong>quinti</strong></span> 
     </span>
    </p>
   </div>
   <div class='ocr_carea' id='block_1_118' title="bbox 2374 5385 3964 5453">
    <p class='ocr_par' dir='ltr' id='par_1_118' title="bbox 2374 5385 3964 5453">
     <span class='ocr_line' id='line_1_118' title="bbox 2374 5385 3964 5453; baseline -0.009 -9"><span class='ocrx_word' id='word_1_938' title='bbox 2374 5385 2695 5453; x_wconf 56' lang='lat' dir='ltr'><strong>dtat&#39;Agatho</strong></span> <span class='ocrx_word' id='word_1_939' title='bbox 2718 5402 2837 5453; x_wconf 85' lang='lat' dir='ltr'><strong>papa</strong></span> <span class='ocrx_word' id='word_1_940' title='bbox 2857 5385 3125 5453; x_wconf 24' lang='lat' dir='ltr'><strong>iuAEpistola</strong></span> <span class='ocrx_word' id='word_1_941' title='bbox 3150 5385 3372 5453; x_wconf 64' lang='lat' dir='ltr'><strong>Synodica</strong></span> <span class='ocrx_word' id='word_1_942' title='bbox 3393 5385 3454 5433; x_wconf 91' lang='lat' dir='ltr'><strong>ad</strong></span> <span class='ocrx_word' id='word_1_943' title='bbox 3490 5388 3825 5453; x_wconf 68' lang='lat' dir='ltr'><strong>butmwres,</strong></span> <span class='ocrx_word' id='word_1_944' title='bbox 3848 5395 3964 5446; x_wconf 67' lang='lat' dir='ltr'><strong>qua:</strong></span> 
     </span>
    </p>
   </div>
   <div class='ocr_carea' id='block_1_119' title="bbox 2375 5444 3967 5516">
    <p class='ocr_par' dir='ltr' id='par_1_119' title="bbox 2375 5444 3967 5516">
     <span class='ocr_line' id='line_1_119' title="bbox 2375 5444 3967 5516; baseline -0.008 -12"><span class='ocrx_word' id='word_1_945' title='bbox 2375 5455 2427 5505; x_wconf 89' lang='lat' dir='ltr'><strong>in</strong></span> <span class='ocrx_word' id='word_1_946' title='bbox 2448 5444 2631 5516; x_wconf 61' lang='grc' dir='ltr'><em>ειηιόᾁο</em></span> <span class='ocrx_word' id='word_1_947' title='bbox 2650 5444 2811 5509; x_wconf 69' lang='lat' dir='ltr'><strong>sexta,</strong></span> <span class='ocrx_word' id='word_1_948' title='bbox 2827 5444 3019 5516; x_wconf 76' lang='lat' dir='ltr'><strong>actione</strong></span> <span class='ocrx_word' id='word_1_949' title='bbox 3045 5444 3234 5516; x_wconf 69' lang='lat' dir='ltr'><strong>quarta,</strong></span> <span class='ocrx_word' id='word_1_950' title='bbox 3270 5447 3395 5516; x_wconf 81' lang='lat' dir='ltr'><strong>lecta</strong></span> <span class='ocrx_word' id='word_1_951' title='bbox 3434 5451 3528 5516; x_wconf 78' lang='lat' dir='ltr'><strong>est,</strong></span> <span class='ocrx_word' id='word_1_952' title='bbox 3554 5444 3881 5516; x_wconf 19' lang='lat' dir='ltr'><strong>Aaugustinum&#39;</strong></span> <span class='ocrx_word' id='word_1_953' title='bbox 3898 5476 3901 5479; x_wconf 53' lang='grc' dir='ltr'><strong>λ</strong></span> <span class='ocrx_word' id='word_1_954' title='bbox 3914 5458 3967 5516; x_wconf 53' lang='grc' dir='ltr'><strong>ιιι</strong></span> 
     </span>
    </p>
   </div>
   <div class='ocr_carea' id='block_1_120' title="bbox 2375 5506 3967 5571">
    <p class='ocr_par' dir='ltr' id='par_1_120' title="bbox 2375 5506 3967 5571">
     <span class='ocr_line' id='line_1_120' title="bbox 2375 5506 3967 5571; baseline -0.011 -4"><span class='ocrx_word' id='word_1_955' title='bbox 2375 5506 2491 5568; x_wconf 66' lang='lat' dir='ltr'><strong>haec&#39;</strong></span> <span class='ocrx_word' id='word_1_956' title='bbox 2504 5514 2654 5563; x_wconf 75' lang='lat' dir='ltr'><strong>verba</strong></span> <span class='ocrx_word' id='word_1_957' title='bbox 2674 5506 3020 5564; x_wconf 84' lang='lat' dir='ltr'><strong>commendans</strong></span> <span class='ocrx_word' id='word_1_958' title='bbox 3040 5506 3110 5561; x_wconf 84' lang='lat' dir='ltr'><strong>:&#39;tt</strong></span> <span class='ocrx_word' id='word_1_959' title='bbox 3123 5506 3347 5560; x_wconf 80' lang='lat' dir='ltr'><strong>Veritatis</strong></span> <span class='ocrx_word' id='word_1_960' title='bbox 3363 5506 3765 5571; x_wconf 72' lang='lat' dir='ltr'><strong>prudentisshnus</strong></span> <span class='ocrx_word' id='word_1_961' title='bbox 3791 5506 3967 5571; x_wconf 60' lang='lat' dir='ltr'><strong>[raedi-</strong></span> 
     </span>
    </p>
   </div>
   <div class='ocr_carea' id='block_1_121' title="bbox 2385 5566 3974 5637">
    <p class='ocr_par' dir='ltr' id='par_1_121' title="bbox 2385 5566 3974 5637">
     <span class='ocr_line' id='line_1_121' title="bbox 2385 5566 3974 5637; baseline -0.007 -10"><span class='ocrx_word' id='word_1_962' title='bbox 2385 5566 2409 5626; x_wconf 81' lang='lat' dir='ltr'><strong>tt</strong></span> <span class='ocrx_word' id='word_1_963' title='bbox 2431 5583 2561 5627; x_wconf 77' lang='lat' dir='ltr'><strong>calor</strong></span> <span class='ocrx_word' id='word_1_964' title='bbox 2583 5574 2758 5626; x_wconf 85' lang='lat' dir='ltr'><strong>beatus</strong></span> <span class='ocrx_word' id='word_1_965' title='bbox 2780 5574 3090 5637; x_wconf 65' lang='lat' dir='ltr'><strong>augustinus,</strong></span> <span class='ocrx_word' id='word_1_966' title='bbox 3108 5574 3160 5622; x_wconf 89' lang='lat' dir='ltr'><strong>in</strong></span> <span class='ocrx_word' id='word_1_967' title='bbox 3176 5573 3350 5637; x_wconf 83' lang='lat' dir='ltr'><strong>quinto</strong></span> <span class='ocrx_word' id='word_1_968' title='bbox 3367 5566 3612 5637; x_wconf 73' lang='lat' dir='ltr'><strong>volumine</strong></span> 
     </span>
    </p>
   </div>
   <div class='ocr_carea' id='block_1_122' title="bbox 2385 5626 3973 5699">
    <p class='ocr_par' dir='ltr' id='par_1_122' title="bbox 2385 5626 3973 5699">
     <span class='ocr_line' id='line_1_122' title="bbox 2385 5626 3973 5699; baseline -0.006 -12"><span class='ocrx_word' id='word_1_969' title='bbox 2385 5658 2409 5687; x_wconf 88' lang='lat' dir='ltr'><strong>tt</strong></span> <span class='ocrx_word' id='word_1_970' title='bbox 2431 5626 2665 5688; x_wconf 78' lang='lat' dir='ltr'><strong>adversus</strong></span> <span class='ocrx_word' id='word_1_971' title='bbox 2685 5626 2923 5687; x_wconf 71' lang='lat' dir='ltr'><strong>Julianiim</strong></span> <span class='ocrx_word' id='word_1_972' title='bbox 2946 5626 3333 5699; x_wconf 68' lang='lat' dir='ltr'><strong>Pelagianism,</strong></span> <span class='ocrx_word' id='word_1_973' title='bbox 3350 5626 3480 5699; x_wconf 65' lang='lat' dir='ltr'><strong>quid</strong></span> <span class='ocrx_word' id='word_1_974' title='bbox 3512 5626 3854 5699; x_wconf 72' lang='lat' dir='ltr'><strong>sit_vohintas.</strong></span> <span class='ocrx_word' id='word_1_975' title='bbox 3898 5629 3973 5679; x_wconf 74' lang='lat' dir='ltr'><strong>his</strong></span> 
     </span>
    </p>
   </div>
   <div class='ocr_carea' id='block_1_123' title="bbox 2386 5689 3973 5795">
    <p class='ocr_par' dir='ltr' id='par_1_123' title="bbox 2386 5689 3973 5795">
     <span class='ocr_line' id='line_1_123' title="bbox 2386 5689 3973 5795; baseline -0.006 -46"><span class='ocrx_word' id='word_1_976' title='bbox 2386 5700 2837 5795; x_wconf 45' lang='lat' dir='ltr'><strong>fdefithIVSIPis:</strong></span> <span class='ocrx_word' id='word_1_977' title='bbox 2877 5705 3027 5749; x_wconf 79' lang='lat' dir='ltr'><strong>Motus</strong></span> <span class='ocrx_word' id='word_1_978' title='bbox 3058 5689 3214 5748; x_wconf 67' lang='lat' dir='ltr'><strong>animi</strong></span> <span class='ocrx_word' id='word_1_979' title='bbox 3252 5689 3505 5759; x_wconf 70' lang='lat' dir='ltr'><strong>quid&#39;est,</strong></span> <span class='ocrx_word' id='word_1_980' title='bbox 3550 5689 3642 5743; x_wconf 85' lang='lat' dir='ltr'><strong>nisi</strong></span> <span class='ocrx_word' id='word_1_981' title='bbox 3685 5700 3850 5742; x_wconf 75' lang='lat' dir='ltr'><strong>monts</strong></span> <span class='ocrx_word' id='word_1_982' title='bbox 3891 5703 3973 5740; x_wconf 76' lang='lat' dir='ltr'><strong>m-</strong></span> 
     </span>
    </p>
   </div>
   <div class='ocr_carea' id='block_1_124' title="bbox 2385 5771 2752 5815">
    <p class='ocr_par' dir='ltr' id='par_1_124' title="bbox 2385 5771 2752 5815">
     <span class='ocr_line' id='line_1_124' title="bbox 2385 5771 2752 5815; baseline -0.005 -1"><span class='ocrx_word' id='word_1_983' title='bbox 2385 5782 2409 5814; x_wconf 74' lang='grc' dir='ltr'>ι</span> <span class='ocrx_word' id='word_1_984' title='bbox 2431 5771 2553 5815; x_wconf 69' lang='lat' dir='ltr'><strong>tunc</strong></span> <span class='ocrx_word' id='word_1_985' title='bbox 2566 5771 2589 5813; x_wconf 65' lang='grc' dir='ltr'><strong>’ἴ</strong></span> <span class='ocrx_word' id='word_1_986' title='bbox 2605 5778 2627 5806; x_wconf 68' lang='grc'><strong>1</strong></span> <span class='ocrx_word' id='word_1_987' title='bbox 2657 5771 2752 5813; x_wconf 65' lang='grc'><strong>610.</strong></span> 
     </span>
    </p>
   </div>
   <div class='ocr_carea' id='block_1_125' title="bbox 3575 6511 3998 6518">
    <p class='ocr_par' dir='ltr' id='par_1_125' title="bbox 3575 6511 3998 6518">
     <span class='ocr_line' id='line_1_125' title="bbox 3575 6511 3998 6518; baseline 0.007 -3"><span class='ocrx_word' id='word_1_988' title='bbox 3575 6511 3602 6516; x_wconf 59' lang='grc' dir='ltr'>η</span> <span class='ocrx_word' id='word_1_989' title='bbox 3672 6512 3690 6516; x_wconf 36' lang='grc' dir='ltr'><strong>κ-</strong></span> <span class='ocrx_word' id='word_1_990' title='bbox 3776 6513 3804 6518; x_wconf 47' lang='grc' dir='ltr'><strong>ὴ.</strong></span> <span class='ocrx_word' id='word_1_991' title='bbox 3866 6514 3896 6518; x_wconf 40' lang='grc' dir='ltr'><strong>κ-</strong></span> <span class='ocrx_word' id='word_1_992' title='bbox 3954 6511 3998 6518; x_wconf 55' lang='grc' dir='ltr'><strong>νς-</strong></span> 
     </span>
    </p>
   </div>
  </div>
