  <div class='ocr_page' id='page_1' title='image "/cluster/home/n/w/nwhite01/storage/ocr_20150623/44-45/uc1.31175026792435/748.png"; bbox 0 0 4124 6540; ppageno 0'>
   <div class='ocr_carea' id='block_1_1' title="bbox 254 376 392 435">
    <p class='ocr_par' dir='ltr' id='par_1_1' title="bbox 254 376 392 435">
     <span class='ocr_line' id='line_1_1' title="bbox 254 376 392 435; baseline -0.007 -1"><span class='ocrx_word' id='word_1_1' title='bbox 254 376 392 435; x_wconf 72' lang='lat' dir='ltr'><strong>N77</strong></span> 
     </span>
    </p>
   </div>
   <div class='ocr_carea' id='block_1_2' title="bbox 252 476 1839 564">
    <p class='ocr_par' dir='ltr' id='par_1_2' title="bbox 252 476 1839 564">
     <span class='ocr_line' id='line_1_2' title="bbox 252 476 1839 564; baseline -0.011 -19"><span class='ocrx_word' id='word_1_2' title='bbox 252 490 375 564; x_wconf 91' lang='lat' dir='ltr'><strong>quia</strong></span> <span class='ocrx_word' id='word_1_3' title='bbox 405 486 628 559; x_wconf 72' lang='lat' dir='ltr'><strong>spiritus</strong></span> <span class='ocrx_word' id='word_1_4' title='bbox 676 485 796 541; x_wconf 88' lang='lat' dir='ltr'><strong>sine</strong></span> <span class='ocrx_word' id='word_1_5' title='bbox 837 482 1188 554; x_wconf 84' lang='lat' dir='ltr'><strong>ambiguitate</strong></span> <span class='ocrx_word' id='word_1_6' title='bbox 1223 488 1410 535; x_wconf 89' lang='lat' dir='ltr'><strong>natura</strong></span> <span class='ocrx_word' id='word_1_7' title='bbox 1452 486 1564 543; x_wconf 86' lang='lat' dir='ltr'><strong>est,</strong></span> <span class='ocrx_word' id='word_1_8' title='bbox 1611 477 1726 531; x_wconf 82' lang='lat' dir='ltr'><strong>sive</strong></span> <span class='ocrx_word' id='word_1_9' title='bbox 1768 476 1839 529; x_wconf 91' lang='lat' dir='ltr'><strong>sit</strong></span> 
     </span>
    </p>
   </div>
   <div class='ocr_carea' id='block_1_3' title="bbox 252 565 1840 644">
    <p class='ocr_par' dir='ltr' id='par_1_3' title="bbox 252 565 1840 644">
     <span class='ocr_line' id='line_1_3' title="bbox 252 565 1840 644; baseline -0.012 -7"><span class='ocrx_word' id='word_1_10' title='bbox 252 590 488 644; x_wconf 86' lang='lat' dir='ltr'><strong>creator,</strong></span> <span class='ocrx_word' id='word_1_11' title='bbox 519 578 634 633; x_wconf 83' lang='lat' dir='ltr'><strong>sive</strong></span> <span class='ocrx_word' id='word_1_12' title='bbox 653 576 723 632; x_wconf 90' lang='lat' dir='ltr'><strong>sit</strong></span> <span class='ocrx_word' id='word_1_13' title='bbox 747 584 980 631; x_wconf 89' lang='lat' dir='ltr'><strong>creatus.</strong></span> <span class='ocrx_word' id='word_1_14' title='bbox 1015 572 1125 628; x_wconf 84' lang='lat' dir='ltr'><strong>Nec</strong></span> <span class='ocrx_word' id='word_1_15' title='bbox 1157 582 1334 627; x_wconf 90' lang='lat' dir='ltr'><strong>tamen</strong></span> <span class='ocrx_word' id='word_1_16' title='bbox 1361 569 1503 640; x_wconf 89' lang='lat' dir='ltr'><strong>quod</strong></span> <span class='ocrx_word' id='word_1_17' title='bbox 1540 567 1623 621; x_wconf 91' lang='lat' dir='ltr'><strong>vel</strong></span> <span class='ocrx_word' id='word_1_18' title='bbox 1650 565 1840 635; x_wconf 87' lang='lat' dir='ltr'><strong>angelo</strong></span> 
     </span>
    </p>
   </div>
   <div class='ocr_carea' id='block_1_4' title="bbox 256 658 1841 731">
    <p class='ocr_par' dir='ltr' id='par_1_4' title="bbox 256 658 1841 731">
     <span class='ocr_line' id='line_1_4' title="bbox 256 658 1841 731; baseline -0.013 -2"><span class='ocrx_word' id='word_1_19' title='bbox 256 673 340 728; x_wconf 85' lang='lat' dir='ltr'><strong>vel</strong></span> <span class='ocrx_word' id='word_1_20' title='bbox 366 670 588 729; x_wconf 84' lang='lat' dir='ltr'><strong>homine</strong></span> <span class='ocrx_word' id='word_1_21' title='bbox 613 668 828 724; x_wconf 85' lang='lat' dir='ltr'><strong>volente</strong></span> <span class='ocrx_word' id='word_1_22' title='bbox 850 668 866 699; x_wconf 72' lang='grc' dir='ltr'><strong>ι</strong></span> <span class='ocrx_word' id='word_1_23' title='bbox 890 665 1233 722; x_wconf 90' lang='lat' dir='ltr'><strong>commissum</strong></span> <span class='ocrx_word' id='word_1_24' title='bbox 1254 670 1358 729; x_wconf 90' lang='lat' dir='ltr'><strong>est,</strong></span> <span class='ocrx_word' id='word_1_25' title='bbox 1380 658 1630 731; x_wconf 88' lang='lat' dir='ltr'><strong>quoniam</strong></span> <span class='ocrx_word' id='word_1_26' title='bbox 1653 668 1841 712; x_wconf 86' lang='lat' dir='ltr'><strong>natura</strong></span> 
     </span>
    </p>
   </div>
   <div class='ocr_carea' id='block_1_5' title="bbox 255 747 1841 834">
    <p class='ocr_par' dir='ltr' id='par_1_5' title="bbox 255 747 1841 834">
     <span class='ocr_line' id='line_1_5' title="bbox 255 747 1841 834; baseline -0.011 -15"><span class='ocrx_word' id='word_1_27' title='bbox 255 762 495 834; x_wconf 84' lang='lat' dir='ltr'><strong>peccavit</strong></span> <span class='ocrx_word' id='word_1_28' title='bbox 514 760 591 834; x_wconf 91' lang='lat' dir='ltr'><strong>(et</strong></span> <span class='ocrx_word' id='word_1_29' title='bbox 619 758 846 830; x_wconf 80' lang='lat' dir='ltr'><strong>angelus</strong></span> <span class='ocrx_word' id='word_1_30' title='bbox 869 757 1015 812; x_wconf 88' lang='lat' dir='ltr'><strong>enim</strong></span> <span class='ocrx_word' id='word_1_31' title='bbox 1052 765 1109 811; x_wconf 90' lang='lat' dir='ltr'><strong>et</strong></span> <span class='ocrx_word' id='word_1_32' title='bbox 1137 754 1298 808; x_wconf 88' lang='lat' dir='ltr'><strong>homo</strong></span> <span class='ocrx_word' id='word_1_33' title='bbox 1329 761 1537 807; x_wconf 64' lang='lat' dir='ltr'><strong>naturae</strong></span> <span class='ocrx_word' id='word_1_34' title='bbox 1565 748 1735 820; x_wconf 90' lang='lat' dir='ltr'><strong>sunt),</strong></span> <span class='ocrx_word' id='word_1_35' title='bbox 1768 747 1841 802; x_wconf 91' lang='lat' dir='ltr'><strong>ita</strong></span> 
     </span>
    </p>
   </div>
   <div class='ocr_carea' id='block_1_6' title="bbox 256 841 1843 916">
    <p class='ocr_par' dir='ltr' id='par_1_6' title="bbox 256 841 1843 916">
     <span class='ocr_line' id='line_1_6' title="bbox 256 841 1843 916; baseline -0.011 -5"><span class='ocrx_word' id='word_1_36' title='bbox 256 855 358 910; x_wconf 92' lang='lat' dir='ltr'><strong>hoc</strong></span> <span class='ocrx_word' id='word_1_37' title='bbox 382 867 507 909; x_wconf 87' lang='lat' dir='ltr'><strong>esse</strong></span> <span class='ocrx_word' id='word_1_38' title='bbox 535 851 764 908; x_wconf 85' lang='lat' dir='ltr'><strong>dicimus</strong></span> <span class='ocrx_word' id='word_1_39' title='bbox 808 848 1052 903; x_wconf 89' lang='lat' dir='ltr'><strong>naturale</strong></span> <span class='ocrx_word' id='word_1_40' title='bbox 1090 854 1365 916; x_wconf 87' lang='lat' dir='ltr'><strong>peceatum</strong></span> <span class='ocrx_word' id='word_1_41' title='bbox 1385 885 1400 909; x_wconf 93' lang='lat'><strong>,</strong></span> <span class='ocrx_word' id='word_1_42' title='bbox 1434 851 1491 897; x_wconf 93' lang='lat' dir='ltr'><strong>ut</strong></span> <span class='ocrx_word' id='word_1_43' title='bbox 1520 841 1843 897; x_wconf 75' lang='lat' dir='ltr'><strong>necessitate</strong></span> 
     </span>
    </p>
   </div>
   <div class='ocr_carea' id='block_1_7' title="bbox 256 933 1846 1011">
    <p class='ocr_par' dir='ltr' id='par_1_7' title="bbox 256 933 1846 1011">
     <span class='ocr_line' id='line_1_7' title="bbox 256 933 1846 1011; baseline -0.011 -8"><span class='ocrx_word' id='word_1_44' title='bbox 256 947 455 1003; x_wconf 80' lang='lat' dir='ltr'><strong>factum</strong></span> <span class='ocrx_word' id='word_1_45' title='bbox 481 959 608 1001; x_wconf 90' lang='lat' dir='ltr'><strong>esse</strong></span> <span class='ocrx_word' id='word_1_46' title='bbox 634 944 898 1008; x_wconf 84' lang='lat' dir='ltr'><strong>dicamus,</strong></span> <span class='ocrx_word' id='word_1_47' title='bbox 926 939 1068 1011; x_wconf 91' lang='lat' dir='ltr'><strong>quod</strong></span> <span class='ocrx_word' id='word_1_48' title='bbox 1097 939 1292 994; x_wconf 87' lang='lat' dir='ltr'><strong>laetum</strong></span> <span class='ocrx_word' id='word_1_49' title='bbox 1339 944 1422 993; x_wconf 90' lang='lat' dir='ltr'><strong>est</strong></span> <span class='ocrx_word' id='word_1_50' title='bbox 1464 935 1631 990; x_wconf 89' lang='lat' dir='ltr'><strong>libera</strong></span> <span class='ocrx_word' id='word_1_51' title='bbox 1656 933 1846 987; x_wconf 88' lang='lat' dir='ltr'><strong>volun-</strong></span> 
     </span>
    </p>
   </div>
   <div class='ocr_carea' id='block_1_8' title="bbox 257 1023 1849 1105">
    <p class='ocr_par' dir='ltr' id='par_1_8' title="bbox 257 1023 1849 1105">
     <span class='ocr_line' id='line_1_8' title="bbox 257 1023 1849 1105; baseline -0.01 -12"><span class='ocrx_word' id='word_1_52' title='bbox 257 1047 385 1094; x_wconf 89' lang='lat' dir='ltr'><strong>tate.</strong></span> <span class='ocrx_word' id='word_1_53' title='bbox 417 1036 518 1104; x_wconf 90' lang='lat' dir='ltr'><strong>Qui</strong></span> <span class='ocrx_word' id='word_1_54' title='bbox 546 1034 690 1090; x_wconf 92' lang='lat' dir='ltr'><strong>enim</strong></span> <span class='ocrx_word' id='word_1_55' title='bbox 708 1042 992 1105; x_wconf 73' lang='lat' dir='ltr'><strong>prOptetzea</strong></span> <span class='ocrx_word' id='word_1_56' title='bbox 1024 1030 1285 1100; x_wconf 79' lang='lat' dir='ltr'><strong>peccavit,</strong></span> <span class='ocrx_word' id='word_1_57' title='bbox 1313 1028 1435 1099; x_wconf 90' lang='lat' dir='ltr'><strong>quia</strong></span> <span class='ocrx_word' id='word_1_58' title='bbox 1466 1026 1651 1090; x_wconf 90' lang='lat' dir='ltr'><strong>voluit,</strong></span> <span class='ocrx_word' id='word_1_59' title='bbox 1675 1023 1849 1095; x_wconf 92' lang='lat' dir='ltr'><strong>potuit</strong></span> 
     </span>
    </p>
   </div>
   <div class='ocr_carea' id='block_1_9' title="bbox 256 1108 1844 1191">
    <p class='ocr_par' dir='ltr' id='par_1_9' title="bbox 256 1108 1844 1191">
     <span class='ocr_line' id='line_1_9' title="bbox 256 1108 1844 1191; baseline -0.009 -14"><span class='ocrx_word' id='word_1_60' title='bbox 256 1131 311 1177; x_wconf 91' lang='lat' dir='ltr'><strong>et</strong></span> <span class='ocrx_word' id='word_1_61' title='bbox 341 1122 486 1178; x_wconf 90' lang='lat' dir='ltr'><strong>nolle</strong></span> <span class='ocrx_word' id='word_1_62' title='bbox 512 1133 739 1191; x_wconf 85' lang='lat' dir='ltr'><strong>peccare</strong></span> <span class='ocrx_word' id='word_1_63' title='bbox 766 1135 780 1174; x_wconf 92' lang='lat'><strong>:</strong></span> <span class='ocrx_word' id='word_1_64' title='bbox 806 1125 863 1172; x_wconf 89' lang='lat' dir='ltr'><strong>et</strong></span> <span class='ocrx_word' id='word_1_65' title='bbox 888 1117 958 1171; x_wconf 91' lang='lat' dir='ltr'><strong>ita</strong></span> <span class='ocrx_word' id='word_1_66' title='bbox 988 1117 1149 1171; x_wconf 92' lang='lat' dir='ltr'><strong>homo</strong></span> <span class='ocrx_word' id='word_1_67' title='bbox 1176 1123 1391 1169; x_wconf 89' lang='lat' dir='ltr'><strong>creatus</strong></span> <span class='ocrx_word' id='word_1_68' title='bbox 1415 1118 1517 1175; x_wconf 90' lang='lat' dir='ltr'><strong>est,</strong></span> <span class='ocrx_word' id='word_1_69' title='bbox 1542 1120 1599 1166; x_wconf 93' lang='lat' dir='ltr'><strong>ut</strong></span> <span class='ocrx_word' id='word_1_70' title='bbox 1617 1118 1673 1165; x_wconf 90' lang='lat' dir='ltr'><strong>et</strong></span> <span class='ocrx_word' id='word_1_71' title='bbox 1696 1108 1844 1165; x_wconf 87' lang='lat' dir='ltr'><strong>nolle</strong></span> 
     </span>
    </p>
   </div>
   <div class='ocr_carea' id='block_1_10' title="bbox 257 1202 1848 1285">
    <p class='ocr_par' dir='ltr' id='par_1_10' title="bbox 257 1202 1848 1285">
     <span class='ocr_line' id='line_1_10' title="bbox 257 1202 1848 1285; baseline -0.011 -13"><span class='ocrx_word' id='word_1_72' title='bbox 257 1223 444 1285; x_wconf 82' lang='lat' dir='ltr'><strong>posset</strong></span> <span class='ocrx_word' id='word_1_73' title='bbox 474 1222 532 1270; x_wconf 90' lang='lat' dir='ltr'><strong>et</strong></span> <span class='ocrx_word' id='word_1_74' title='bbox 556 1213 722 1277; x_wconf 87' lang='lat' dir='ltr'><strong>velle,</strong></span> <span class='ocrx_word' id='word_1_75' title='bbox 764 1219 820 1267; x_wconf 90' lang='lat' dir='ltr'><strong>et</strong></span> <span class='ocrx_word' id='word_1_76' title='bbox 844 1208 1132 1282; x_wconf 72' lang='lat' dir='ltr'><strong>quodlibet</strong></span> <span class='ocrx_word' id='word_1_77' title='bbox 1176 1206 1368 1262; x_wconf 89' lang='lat' dir='ltr'><strong>borum</strong></span> <span class='ocrx_word' id='word_1_78' title='bbox 1401 1203 1625 1259; x_wconf 80' lang='lat' dir='ltr'><strong>haberet</strong></span> <span class='ocrx_word' id='word_1_79' title='bbox 1664 1202 1716 1256; x_wconf 93' lang='lat' dir='ltr'><strong>in</strong></span> <span class='ocrx_word' id='word_1_80' title='bbox 1750 1216 1848 1271; x_wconf 88' lang='lat' dir='ltr'><strong>po-</strong></span> 
     </span>
    </p>
   </div>
   <div class='ocr_carea' id='block_1_11' title="bbox 259 1291 1847 1371">
    <p class='ocr_par' dir='ltr' id='par_1_11' title="bbox 259 1291 1847 1371">
     <span class='ocr_line' id='line_1_11' title="bbox 259 1291 1847 1371; baseline -0.008 -12"><span class='ocrx_word' id='word_1_81' title='bbox 259 1313 451 1362; x_wconf 79' lang='lat' dir='ltr'><strong>testate</strong></span> <span class='ocrx_word' id='word_1_82' title='bbox 478 1306 524 1360; x_wconf 81' lang='grc'><strong>³.</strong></span> <span class='ocrx_word' id='word_1_83' title='bbox 543 1299 813 1359; x_wconf 84' lang='lat' dir='ltr'><strong>Sedaliud</strong></span> <span class='ocrx_word' id='word_1_84' title='bbox 837 1309 921 1356; x_wconf 89' lang='lat' dir='ltr'><strong>est</strong></span> <span class='ocrx_word' id='word_1_85' title='bbox 942 1299 1209 1371; x_wconf 82' lang='lat' dir='ltr'><strong>originale</strong></span> <span class='ocrx_word' id='word_1_86' title='bbox 1234 1305 1548 1367; x_wconf 87' lang='lat' dir='ltr'><strong>peccatum,</strong></span> <span class='ocrx_word' id='word_1_87' title='bbox 1577 1292 1719 1364; x_wconf 90' lang='lat' dir='ltr'><strong>quod</strong></span> <span class='ocrx_word' id='word_1_88' title='bbox 1745 1291 1847 1347; x_wconf 87' lang='lat' dir='ltr'><strong>etsi</strong></span> 
     </span>
    </p>
   </div>
   <div class='ocr_carea' id='block_1_12' title="bbox 260 1391 1853 1464">
    <p class='ocr_par' dir='ltr' id='par_1_12' title="bbox 260 1391 1853 1464">
     <span class='ocr_line' id='line_1_12' title="bbox 260 1391 1853 1464; baseline -0.009 -12"><span class='ocrx_word' id='word_1_89' title='bbox 260 1396 486 1452; x_wconf 87' lang='lat' dir='ltr'><strong>trahunt</strong></span> <span class='ocrx_word' id='word_1_90' title='bbox 510 1395 629 1451; x_wconf 88' lang='lat' dir='ltr'><strong>sine</strong></span> <span class='ocrx_word' id='word_1_91' title='bbox 658 1391 1165 1464; x_wconf 79' lang='lat' dir='ltr'><strong>propria&#39;voluntate</strong></span> <span class='ocrx_word' id='word_1_92' title='bbox 1195 1397 1511 1451; x_wconf 89' lang='lat' dir='ltr'><strong>nascentes,</strong></span> <span class='ocrx_word' id='word_1_93' title='bbox 1552 1395 1728 1439; x_wconf 87' lang='lat' dir='ltr'><strong>tamen</strong></span> <span class='ocrx_word' id='word_1_94' title='bbox 1757 1398 1853 1452; x_wconf 90' lang='lat' dir='ltr'><strong>per</strong></span> 
     </span>
    </p>
   </div>
   <div class='ocr_carea' id='block_1_13' title="bbox 257 1474 1854 1556">
    <p class='ocr_par' dir='ltr' id='par_1_13' title="bbox 257 1474 1854 1556">
     <span class='ocr_line' id='line_1_13' title="bbox 257 1474 1854 1556; baseline -0.009 -13"><span class='ocrx_word' id='word_1_95' title='bbox 257 1488 591 1544; x_wconf 81' lang='lat' dir='ltr'><strong>voluntatem</strong></span> <span class='ocrx_word' id='word_1_96' title='bbox 616 1485 772 1556; x_wconf 81' lang='lat' dir='ltr'><strong>primi</strong></span> <span class='ocrx_word' id='word_1_97' title='bbox 803 1482 1035 1539; x_wconf 85' lang='lat' dir='ltr'><strong>hominis</strong></span> <span class='ocrx_word' id='word_1_98' title='bbox 1058 1483 1169 1552; x_wconf 88' lang='lat' dir='ltr'><strong>ipsa</strong></span> <span class='ocrx_word' id='word_1_99' title='bbox 1186 1489 1269 1537; x_wconf 91' lang='lat' dir='ltr'><strong>est</strong></span> <span class='ocrx_word' id='word_1_100' title='bbox 1292 1479 1444 1548; x_wconf 79' lang='lat' dir='ltr'><strong>origo</strong></span> <span class='ocrx_word' id='word_1_101' title='bbox 1472 1477 1656 1533; x_wconf 88' lang='lat' dir='ltr'><strong>vitiata</strong></span> <span class='ocrx_word' id='word_1_102' title='bbox 1681 1474 1854 1530; x_wconf 89' lang='lat' dir='ltr'><strong>:sieut</strong></span> 
     </span>
    </p>
   </div>
   <div class='ocr_carea' id='block_1_14' title="bbox 258 1567 1851 1645">
    <p class='ocr_par' dir='ltr' id='par_1_14' title="bbox 258 1567 1851 1645">
     <span class='ocr_line' id='line_1_14' title="bbox 258 1567 1851 1645; baseline -0.008 -11"><span class='ocrx_word' id='word_1_103' title='bbox 258 1579 407 1634; x_wconf 88' lang='lat' dir='ltr'><strong>aliud</strong></span> <span class='ocrx_word' id='word_1_104' title='bbox 437 1578 599 1634; x_wconf 90' lang='lat' dir='ltr'><strong>etiam</strong></span> <span class='ocrx_word' id='word_1_105' title='bbox 626 1586 710 1633; x_wconf 90' lang='lat' dir='ltr'><strong>est</strong></span> <span class='ocrx_word' id='word_1_106' title='bbox 736 1577 789 1631; x_wconf 92' lang='lat' dir='ltr'><strong>in</strong></span> <span class='ocrx_word' id='word_1_107' title='bbox 812 1574 1015 1645; x_wconf 84' lang='lat' dir='ltr'><strong>majore</strong></span> <span class='ocrx_word' id='word_1_108' title='bbox 1043 1572 1258 1629; x_wconf 87' lang='lat' dir='ltr'><strong>homine</strong></span> <span class='ocrx_word' id='word_1_109' title='bbox 1279 1580 1501 1642; x_wconf 89' lang='lat' dir='ltr'><strong>propter</strong></span> <span class='ocrx_word' id='word_1_110' title='bbox 1524 1569 1665 1639; x_wconf 88' lang='lat' dir='ltr'><strong>quod</strong></span> <span class='ocrx_word' id='word_1_111' title='bbox 1688 1567 1851 1633; x_wconf 90' lang='lat' dir='ltr'><strong>dicit,</strong></span> 
     </span>
    </p>
   </div>
   <div class='ocr_carea' id='block_1_15' title="bbox 259 1661 1856 1739">
    <p class='ocr_par' dir='ltr' id='par_1_15' title="bbox 259 1661 1856 1739">
     <span class='ocr_line' id='line_1_15' title="bbox 259 1661 1856 1739; baseline -0.007 -14"><span class='ocrx_word' id='word_1_112' title='bbox 259 1669 387 1725; x_wconf 85' lang='lat' dir='ltr'><strong>Non</strong></span> <span class='ocrx_word' id='word_1_113' title='bbox 412 1670 545 1725; x_wconf 83' lang='lat' dir='ltr'><strong>enim</strong></span> <span class='ocrx_word' id='word_1_114' title='bbox 572 1667 711 1739; x_wconf 80' lang='lat' dir='ltr'><strong>quod</strong></span> <span class='ocrx_word' id='word_1_115' title='bbox 748 1667 883 1733; x_wconf 77' lang='lat' dir='ltr'><strong>volo,</strong></span> <span class='ocrx_word' id='word_1_116' title='bbox 919 1666 1055 1735; x_wconf 79' lang='lat' dir='ltr'><strong>facio</strong></span> <span class='ocrx_word' id='word_1_117' title='bbox 1079 1665 1300 1730; x_wconf 77' lang='lat' dir='ltr'><strong>bonum;</strong></span> <span class='ocrx_word' id='word_1_118' title='bbox 1327 1665 1417 1718; x_wconf 72' lang='lat' dir='ltr'><strong>sed</strong></span> <span class='ocrx_word' id='word_1_119' title='bbox 1437 1662 1575 1735; x_wconf 86' lang='lat' dir='ltr'><strong>quod</strong></span> <span class='ocrx_word' id='word_1_120' title='bbox 1601 1661 1719 1715; x_wconf 85' lang='lat' dir='ltr'><strong>nolo</strong></span> <span class='ocrx_word' id='word_1_121' title='bbox 1744 1677 1856 1714; x_wconf 85' lang='lat' dir='ltr'><strong>nta-</strong></span> 
     </span>
    </p>
   </div>
   <div class='ocr_carea' id='block_1_16' title="bbox 261 1754 1856 1831">
    <p class='ocr_par' dir='ltr' id='par_1_16' title="bbox 261 1754 1856 1831">
     <span class='ocr_line' id='line_1_16' title="bbox 261 1754 1856 1831; baseline -0.004 -15"><span class='ocrx_word' id='word_1_122' title='bbox 261 1763 391 1824; x_wconf 82' lang='lat' dir='ltr'><strong>lum,</strong></span> <span class='ocrx_word' id='word_1_123' title='bbox 437 1760 534 1816; x_wconf 82' lang='lat' dir='ltr'><strong>Itoc</strong></span> <span class='ocrx_word' id='word_1_124' title='bbox 574 1775 672 1831; x_wconf 84' lang='lat' dir='ltr'><strong>ago</strong></span> <span class='ocrx_word' id='word_1_125' title='bbox 713 1758 889 1827; x_wconf 85' lang='lat' dir='ltr'><strong>(Rom.</strong></span> <span class='ocrx_word' id='word_1_126' title='bbox 933 1773 1027 1824; x_wconf 88' lang='lat' dir='ltr'><strong>vn,</strong></span> <span class='ocrx_word' id='word_1_127' title='bbox 1056 1758 1149 1830; x_wconf 82' lang='lat' dir='ltr'><strong>l5)</strong></span> <span class='ocrx_word' id='word_1_128' title='bbox 1184 1771 1321 1812; x_wconf 90' lang='lat' dir='ltr'><strong>:nec</strong></span> <span class='ocrx_word' id='word_1_129' title='bbox 1354 1766 1532 1811; x_wconf 88' lang='lat' dir='ltr'><strong>tamen</strong></span> <span class='ocrx_word' id='word_1_130' title='bbox 1568 1755 1727 1810; x_wconf 90' lang='lat' dir='ltr'><strong>etiam</strong></span> <span class='ocrx_word' id='word_1_131' title='bbox 1757 1754 1856 1809; x_wconf 90' lang='lat' dir='ltr'><strong>ista</strong></span> 
     </span>
    </p>
   </div>
   <div class='ocr_carea' id='block_1_17' title="bbox 262 1845 1856 1913">
    <p class='ocr_par' dir='ltr' id='par_1_17' title="bbox 262 1845 1856 1913">
     <span class='ocr_line' id='line_1_17' title="bbox 262 1845 1856 1913; baseline -0.005 -6"><span class='ocrx_word' id='word_1_132' title='bbox 262 1854 557 1910; x_wconf 86' lang='lat' dir='ltr'><strong>necessitas</strong></span> <span class='ocrx_word' id='word_1_133' title='bbox 573 1851 886 1907; x_wconf 89' lang='lat' dir='ltr'><strong>insanabilis</strong></span> <span class='ocrx_word' id='word_1_134' title='bbox 912 1859 997 1906; x_wconf 89' lang='lat' dir='ltr'><strong>est</strong></span> <span class='ocrx_word' id='word_1_135' title='bbox 1022 1850 1094 1913; x_wconf 89' lang='lat' dir='ltr'><strong>ei,</strong></span> <span class='ocrx_word' id='word_1_136' title='bbox 1121 1848 1208 1908; x_wconf 88' lang='lat' dir='ltr'><strong>cui</strong></span> <span class='ocrx_word' id='word_1_137' title='bbox 1234 1847 1450 1913; x_wconf 90' lang='lat' dir='ltr'><strong>dicitur,</strong></span> <span class='ocrx_word' id='word_1_138' title='bbox 1479 1845 1559 1902; x_wconf 89' lang='lat' dir='ltr'><strong>De</strong></span> <span class='ocrx_word' id='word_1_139' title='bbox 1588 1846 1856 1901; x_wconf 76' lang='lat' dir='ltr'><strong>necessita-</strong></span> 
     </span>
    </p>
   </div>
   <div class='ocr_carea' id='block_1_18' title="bbox 261 1938 1373 2013">
    <p class='ocr_par' dir='ltr' id='par_1_18' title="bbox 261 1938 1373 2013">
     <span class='ocr_line' id='line_1_18' title="bbox 261 1938 1373 2013; baseline -0.005 -14"><span class='ocrx_word' id='word_1_140' title='bbox 261 1945 395 1999; x_wconf 69' lang='lat' dir='ltr'><strong>tibus</strong></span> <span class='ocrx_word' id='word_1_141' title='bbox 427 1944 552 1999; x_wconf 76' lang='lat' dir='ltr'><strong>meis</strong></span> <span class='ocrx_word' id='word_1_142' title='bbox 588 1959 710 1998; x_wconf 81' lang='lat' dir='ltr'><strong>erue</strong></span> <span class='ocrx_word' id='word_1_143' title='bbox 734 1958 813 1997; x_wconf 79' lang='lat' dir='ltr'><strong>me</strong></span> <span class='ocrx_word' id='word_1_144' title='bbox 856 1940 1027 2013; x_wconf 82' lang='lat' dir='ltr'><strong>(Psal.</strong></span> <span class='ocrx_word' id='word_1_145' title='bbox 1062 1954 1221 2004; x_wconf 78' lang='lat' dir='ltr'><strong>xxiv,</strong></span> <span class='ocrx_word' id='word_1_146' title='bbox 1254 1938 1373 2010; x_wconf 80' lang='lat' dir='ltr'><strong>l7).</strong></span> 
     </span>
    </p>
   </div>
   <div class='ocr_carea' id='block_1_19' title="bbox 336 2027 1860 2103">
    <p class='ocr_par' dir='ltr' id='par_1_19' title="bbox 336 2027 1860 2103">
     <span class='ocr_line' id='line_1_19' title="bbox 336 2027 1860 2103; baseline -0.006 -12"><span class='ocrx_word' id='word_1_147' title='bbox 336 2035 471 2091; x_wconf 83' lang='lat' dir='ltr'><strong>XLI.</strong></span> <span class='ocrx_word' id='word_1_148' title='bbox 503 2034 622 2090; x_wconf 72' lang='grc' dir='ltr'><strong>Ιυι..</strong></span> <span class='ocrx_word' id='word_1_149' title='bbox 653 2034 904 2101; x_wconf 77' lang='lat' dir='ltr'><strong>Quaeritis</strong></span> <span class='ocrx_word' id='word_1_150' title='bbox 931 2048 1058 2103; x_wconf 84' lang='lat' dir='ltr'><strong>ergo</strong></span> <span class='ocrx_word' id='word_1_151' title='bbox 1084 2030 1455 2087; x_wconf 77' lang='lat' dir='ltr'><strong>necessitatem</strong></span> <span class='ocrx_word' id='word_1_152' title='bbox 1478 2027 1578 2094; x_wconf 88' lang='lat' dir='ltr'><strong>rei,</strong></span> <span class='ocrx_word' id='word_1_153' title='bbox 1599 2042 1718 2097; x_wconf 80' lang='lat' dir='ltr'><strong>qua:</strong></span> <span class='ocrx_word' id='word_1_154' title='bbox 1737 2041 1860 2083; x_wconf 90' lang='lat' dir='ltr'><strong>esse</strong></span> 
     </span>
    </p>
   </div>
   <div class='ocr_carea' id='block_1_20' title="bbox 263 2117 1859 2195">
    <p class='ocr_par' dir='ltr' id='par_1_20' title="bbox 263 2117 1859 2195">
     <span class='ocr_line' id='line_1_20' title="bbox 263 2117 1859 2195; baseline -0.004 -14"><span class='ocrx_word' id='word_1_155' title='bbox 263 2141 374 2181; x_wconf 92' lang='lat' dir='ltr'><strong>non</strong></span> <span class='ocrx_word' id='word_1_156' title='bbox 406 2133 580 2195; x_wconf 83' lang='lat' dir='ltr'><strong>potest</strong></span> <span class='ocrx_word' id='word_1_157' title='bbox 606 2124 652 2179; x_wconf 91' lang='lat' dir='ltr'><strong>si</strong></span> <span class='ocrx_word' id='word_1_158' title='bbox 696 2123 894 2195; x_wconf 89' lang='lat' dir='ltr'><strong>patitur</strong></span> <span class='ocrx_word' id='word_1_159' title='bbox 918 2122 1313 2178; x_wconf 85' lang='lat' dir='ltr'><strong>necessitatem.</strong></span> <span class='ocrx_word' id='word_1_160' title='bbox 1346 2119 1480 2175; x_wconf 87' lang='lat' dir='ltr'><strong>lluic</strong></span> <span class='ocrx_word' id='word_1_161' title='bbox 1505 2119 1672 2174; x_wconf 88' lang='lat' dir='ltr'><strong>motui</strong></span> <span class='ocrx_word' id='word_1_162' title='bbox 1694 2117 1859 2174; x_wconf 85' lang='lat' dir='ltr'><strong>animi</strong></span> 
     </span>
    </p>
   </div>
   <div class='ocr_carea' id='block_1_21' title="bbox 262 2210 1860 2285">
    <p class='ocr_par' dir='ltr' id='par_1_21' title="bbox 262 2210 1860 2285">
     <span class='ocr_line' id='line_1_21' title="bbox 262 2210 1860 2285; baseline -0.005 -13"><span class='ocrx_word' id='word_1_163' title='bbox 262 2217 464 2284; x_wconf 85' lang='lat' dir='ltr'><strong>libero,</strong></span> <span class='ocrx_word' id='word_1_164' title='bbox 509 2215 625 2271; x_wconf 90' lang='lat' dir='ltr'><strong>sine</strong></span> <span class='ocrx_word' id='word_1_165' title='bbox 666 2224 855 2271; x_wconf 90' lang='lat' dir='ltr'><strong>coactu</strong></span> <span class='ocrx_word' id='word_1_166' title='bbox 891 2213 1114 2285; x_wconf 76' lang='lat' dir='ltr'><strong>originis</strong></span> <span class='ocrx_word' id='word_1_167' title='bbox 1142 2211 1410 2283; x_wconf 90' lang='lat' dir='ltr'><strong>inquieto,</strong></span> <span class='ocrx_word' id='word_1_168' title='bbox 1456 2211 1502 2266; x_wconf 92' lang='lat' dir='ltr'><strong>si</strong></span> <span class='ocrx_word' id='word_1_169' title='bbox 1543 2225 1705 2266; x_wconf 84' lang='lat' dir='ltr'><strong>causa</strong></span> <span class='ocrx_word' id='word_1_170' title='bbox 1743 2210 1860 2280; x_wconf 89' lang='lat' dir='ltr'><strong>ipso</strong></span> 
     </span>
    </p>
   </div>
   <div class='ocr_carea' id='block_1_22' title="bbox 263 2303 1863 2377">
    <p class='ocr_par' dir='ltr' id='par_1_22' title="bbox 263 2303 1863 2377">
     <span class='ocr_line' id='line_1_22' title="bbox 263 2303 1863 2377; baseline -0.004 -13"><span class='ocrx_word' id='word_1_171' title='bbox 263 2318 413 2364; x_wconf 88' lang='lat' dir='ltr'><strong>motu</strong></span> <span class='ocrx_word' id='word_1_172' title='bbox 438 2306 597 2363; x_wconf 84' lang='lat' dir='ltr'><strong>detur</strong></span> <span class='ocrx_word' id='word_1_173' title='bbox 618 2306 641 2339; x_wconf 85' lang='grc'>³</span> <span class='ocrx_word' id='word_1_174' title='bbox 663 2306 952 2377; x_wconf 88' lang='lat' dir='ltr'><strong>antiquior,</strong></span> <span class='ocrx_word' id='word_1_175' title='bbox 981 2320 1087 2360; x_wconf 94' lang='lat' dir='ltr'><strong>non</strong></span> <span class='ocrx_word' id='word_1_176' title='bbox 1111 2305 1343 2376; x_wconf 73' lang='lat' dir='ltr'><strong>gignitur</strong></span> <span class='ocrx_word' id='word_1_177' title='bbox 1370 2303 1619 2369; x_wconf 88' lang='lat' dir='ltr'><strong>omnino,</strong></span> <span class='ocrx_word' id='word_1_178' title='bbox 1639 2304 1733 2358; x_wconf 90' lang='lat' dir='ltr'><strong>sed</strong></span> <span class='ocrx_word' id='word_1_179' title='bbox 1764 2303 1863 2357; x_wconf 84' lang='lat' dir='ltr'><strong>tol-</strong></span> 
     </span>
    </p>
   </div>
   <div class='ocr_carea' id='block_1_23' title="bbox 265 2394 1864 2476">
    <p class='ocr_par' dir='ltr' id='par_1_23' title="bbox 265 2394 1864 2476">
     <span class='ocr_line' id='line_1_23' title="bbox 265 2394 1864 2476; baseline -0.003 -22"><span class='ocrx_word' id='word_1_180' title='bbox 265 2399 414 2454; x_wconf 88' lang='lat' dir='ltr'><strong>litur.</strong></span> <span class='ocrx_word' id='word_1_181' title='bbox 444 2398 649 2454; x_wconf 81' lang='lat' dir='ltr'><strong>Nomen</strong></span> <span class='ocrx_word' id='word_1_182' title='bbox 675 2398 818 2455; x_wconf 89' lang='lat' dir='ltr'><strong>enim</strong></span> <span class='ocrx_word' id='word_1_183' title='bbox 846 2397 1018 2476; x_wconf 83' lang='lat' dir='ltr'><strong>ipsum</strong></span> <span class='ocrx_word' id='word_1_184' title='bbox 1041 2396 1326 2452; x_wconf 74' lang='lat' dir='ltr'><strong>voluntatis</strong></span> <span class='ocrx_word' id='word_1_185' title='bbox 1349 2395 1546 2449; x_wconf 89' lang='lat' dir='ltr'><strong>nullam</strong></span> <span class='ocrx_word' id='word_1_186' title='bbox 1566 2395 1672 2449; x_wconf 89' lang='lat' dir='ltr'><strong>vim</strong></span> <span class='ocrx_word' id='word_1_187' title='bbox 1703 2394 1864 2450; x_wconf 86' lang='lat' dir='ltr'><strong>habet</strong></span> 
     </span>
    </p>
   </div>
   <div class='ocr_carea' id='block_1_24' title="bbox 263 2484 1859 2560">
    <p class='ocr_par' dir='ltr' id='par_1_24' title="bbox 263 2484 1859 2560">
     <span class='ocr_line' id='line_1_24' title="bbox 263 2484 1859 2560; baseline -0.003 -17"><span class='ocrx_word' id='word_1_188' title='bbox 263 2490 525 2556; x_wconf 88' lang='lat' dir='ltr'><strong>alteram,</strong></span> <span class='ocrx_word' id='word_1_189' title='bbox 562 2504 721 2560; x_wconf 90' lang='lat' dir='ltr'><strong>quam</strong></span> <span class='ocrx_word' id='word_1_190' title='bbox 753 2504 859 2543; x_wconf 93' lang='lat' dir='ltr'><strong>non</strong></span> <span class='ocrx_word' id='word_1_191' title='bbox 901 2487 1101 2544; x_wconf 88' lang='lat' dir='ltr'><strong>debere</strong></span> <span class='ocrx_word' id='word_1_192' title='bbox 1138 2485 1377 2541; x_wconf 67' lang='lat' dir='ltr'><strong>materiae</strong></span> <span class='ocrx_word' id='word_1_193' title='bbox 1405 2484 1547 2556; x_wconf 91' lang='lat' dir='ltr'><strong>quod</strong></span> <span class='ocrx_word' id='word_1_194' title='bbox 1593 2498 1859 2540; x_wconf 77' lang='lat' dir='ltr'><strong>movetur.</strong></span> 
     </span>
    </p>
   </div>
   <div class='ocr_carea' id='block_1_25' title="bbox 264 2577 1865 2651">
    <p class='ocr_par' dir='ltr' id='par_1_25' title="bbox 264 2577 1865 2651">
     <span class='ocr_line' id='line_1_25' title="bbox 264 2577 1865 2651; baseline -0.003 -15"><span class='ocrx_word' id='word_1_195' title='bbox 264 2581 403 2636; x_wconf 83' lang='lat' dir='ltr'><strong>Cum</strong></span> <span class='ocrx_word' id='word_1_196' title='bbox 429 2596 558 2651; x_wconf 89' lang='lat' dir='ltr'><strong>ergo</strong></span> <span class='ocrx_word' id='word_1_197' title='bbox 585 2580 725 2637; x_wconf 86' lang='lat' dir='ltr'><strong>unde</strong></span> <span class='ocrx_word' id='word_1_198' title='bbox 750 2589 865 2635; x_wconf 88' lang='lat' dir='ltr'><strong>orta</strong></span> <span class='ocrx_word' id='word_1_199' title='bbox 889 2580 958 2635; x_wconf 88' lang='lat' dir='ltr'><strong>sit</strong></span> <span class='ocrx_word' id='word_1_200' title='bbox 986 2580 1250 2643; x_wconf 76' lang='lat' dir='ltr'><strong>voluntas,</strong></span> <span class='ocrx_word' id='word_1_201' title='bbox 1277 2578 1390 2648; x_wconf 84' lang='lat' dir='ltr'><strong>ipsa</strong></span> <span class='ocrx_word' id='word_1_202' title='bbox 1419 2577 1692 2632; x_wconf 89' lang='lat' dir='ltr'><strong>voluntate</strong></span> <span class='ocrx_word' id='word_1_203' title='bbox 1717 2592 1865 2647; x_wconf 69' lang='lat' dir='ltr'><strong>qua:-</strong></span> 
     </span>
    </p>
   </div>
   <div class='ocr_carea' id='block_1_26' title="bbox 264 2668 1867 2745">
    <p class='ocr_par' dir='ltr' id='par_1_26' title="bbox 264 2668 1867 2745">
     <span class='ocr_line' id='line_1_26' title="bbox 264 2668 1867 2745; baseline -0.004 -16"><span class='ocrx_word' id='word_1_204' title='bbox 264 2673 345 2730; x_wconf 90' lang='lat' dir='ltr'><strong>ris</strong></span> <span class='ocrx_word' id='word_1_205' title='bbox 365 2674 670 2745; x_wconf 91' lang='lat' dir='ltr'><strong>antiquius;</strong></span> <span class='ocrx_word' id='word_1_206' title='bbox 692 2688 798 2729; x_wconf 92' lang='lat' dir='ltr'><strong>non</strong></span> <span class='ocrx_word' id='word_1_207' title='bbox 822 2672 1104 2729; x_wconf 80' lang='lat' dir='ltr'><strong>exordium</strong></span> <span class='ocrx_word' id='word_1_208' title='bbox 1134 2671 1253 2742; x_wconf 82' lang='lat' dir='ltr'><strong>ejus</strong></span> <span class='ocrx_word' id='word_1_209' title='bbox 1275 2712 1291 2737; x_wconf 89' lang='lat'><strong>,</strong></span> <span class='ocrx_word' id='word_1_210' title='bbox 1316 2670 1411 2726; x_wconf 87' lang='lat' dir='ltr'><strong>sed</strong></span> <span class='ocrx_word' id='word_1_211' title='bbox 1436 2670 1657 2726; x_wconf 68' lang='lat' dir='ltr'><strong>exitium</strong></span> <span class='ocrx_word' id='word_1_212' title='bbox 1687 2668 1867 2739; x_wconf 88' lang='lat' dir='ltr'><strong>requi-</strong></span> 
     </span>
    </p>
   </div>
   <div class='ocr_carea' id='block_1_27' title="bbox 263 2761 1866 2833">
    <p class='ocr_par' dir='ltr' id='par_1_27' title="bbox 263 2761 1866 2833">
     <span class='ocr_line' id='line_1_27' title="bbox 263 2761 1866 2833; baseline -0.002 -15"><span class='ocrx_word' id='word_1_213' title='bbox 263 2764 347 2819; x_wconf 91' lang='lat' dir='ltr'><strong>ris</strong></span> <span class='ocrx_word' id='word_1_214' title='bbox 383 2781 397 2819; x_wconf 91' lang='lat'><strong>:</strong></span> <span class='ocrx_word' id='word_1_215' title='bbox 426 2766 646 2820; x_wconf 88' lang='lat' dir='ltr'><strong>omnino</strong></span> <span class='ocrx_word' id='word_1_216' title='bbox 673 2764 817 2821; x_wconf 91' lang='lat' dir='ltr'><strong>enim</strong></span> <span class='ocrx_word' id='word_1_217' title='bbox 846 2778 952 2818; x_wconf 92' lang='lat' dir='ltr'><strong>non</strong></span> <span class='ocrx_word' id='word_1_218' title='bbox 984 2762 1299 2833; x_wconf 77' lang='lat' dir='ltr'><strong>intelligitur</strong></span> <span class='ocrx_word' id='word_1_219' title='bbox 1324 2776 1476 2826; x_wconf 88' lang='lat' dir='ltr'><strong>esse,</strong></span> <span class='ocrx_word' id='word_1_220' title='bbox 1520 2761 1564 2816; x_wconf 87' lang='lat' dir='ltr'><strong>si</strong></span> <span class='ocrx_word' id='word_1_221' title='bbox 1594 2771 1688 2815; x_wconf 91' lang='lat' dir='ltr'><strong>aut</strong></span> <span class='ocrx_word' id='word_1_222' title='bbox 1716 2769 1866 2815; x_wconf 80' lang='lat' dir='ltr'><strong>tene-</strong></span> 
     </span>
    </p>
   </div>
   <div class='ocr_carea' id='block_1_28' title="bbox 263 2850 1863 2927">
    <p class='ocr_par' dir='ltr' id='par_1_28' title="bbox 263 2850 1863 2927">
     <span class='ocr_line' id='line_1_28' title="bbox 263 2850 1863 2927; baseline -0.003 -17"><span class='ocrx_word' id='word_1_223' title='bbox 263 2855 391 2912; x_wconf 74' lang='lat' dir='ltr'><strong>hris’</strong></span> <span class='ocrx_word' id='word_1_224' title='bbox 407 2856 709 2927; x_wconf 85' lang='lat' dir='ltr'><strong>deputetur,</strong></span> <span class='ocrx_word' id='word_1_225' title='bbox 738 2863 831 2909; x_wconf 89' lang='lat' dir='ltr'><strong>aut</strong></span> <span class='ocrx_word' id='word_1_226' title='bbox 859 2853 1048 2918; x_wconf 89' lang='lat' dir='ltr'><strong>nihilo;</strong></span> <span class='ocrx_word' id='word_1_227' title='bbox 1080 2868 1179 2908; x_wconf 92' lang='lat' dir='ltr'><strong>nec</strong></span> <span class='ocrx_word' id='word_1_228' title='bbox 1202 2860 1378 2922; x_wconf 89' lang='lat' dir='ltr'><strong>potest</strong></span> <span class='ocrx_word' id='word_1_229' title='bbox 1404 2851 1506 2906; x_wconf 90' lang='lat' dir='ltr'><strong>dici</strong></span> <span class='ocrx_word' id='word_1_230' title='bbox 1526 2852 1638 2919; x_wconf 90' lang='lat' dir='ltr'><strong>jam</strong></span> <span class='ocrx_word' id='word_1_231' title='bbox 1670 2850 1863 2905; x_wconf 84' lang='lat' dir='ltr'><strong>volun-</strong></span> 
     </span>
    </p>
   </div>
   <div class='ocr_carea' id='block_1_29' title="bbox 265 2938 1864 3016">
    <p class='ocr_par' dir='ltr' id='par_1_29' title="bbox 265 2938 1864 3016">
     <span class='ocr_line' id='line_1_29' title="bbox 265 2938 1864 3016; baseline -0.006 -16"><span class='ocrx_word' id='word_1_232' title='bbox 265 2953 355 3000; x_wconf 82' lang='lat' dir='ltr'><strong>tas</strong></span> <span class='ocrx_word' id='word_1_233' title='bbox 375 2984 394 3012; x_wconf 93' lang='lat'><strong>,</strong></span> <span class='ocrx_word' id='word_1_234' title='bbox 420 2960 539 3016; x_wconf 74' lang='lat' dir='ltr'><strong>qua:</strong></span> <span class='ocrx_word' id='word_1_235' title='bbox 576 2943 871 2999; x_wconf 86' lang='lat' dir='ltr'><strong>subsistere</strong></span> <span class='ocrx_word' id='word_1_236' title='bbox 897 2956 1002 2995; x_wconf 91' lang='lat' dir='ltr'><strong>non</strong></span> <span class='ocrx_word' id='word_1_237' title='bbox 1031 2948 1203 3010; x_wconf 85' lang='lat' dir='ltr'><strong>potest</strong></span> <span class='ocrx_word' id='word_1_238' title='bbox 1227 2980 1241 3002; x_wconf 94' lang='lat'><strong>,</strong></span> <span class='ocrx_word' id='word_1_239' title='bbox 1274 2941 1374 2993; x_wconf 90' lang='lat' dir='ltr'><strong>nisi</strong></span> <span class='ocrx_word' id='word_1_240' title='bbox 1401 2938 1454 2993; x_wconf 91' lang='lat' dir='ltr'><strong>in</strong></span> <span class='ocrx_word' id='word_1_241' title='bbox 1483 2950 1629 2994; x_wconf 92' lang='lat' dir='ltr'><strong>motu</strong></span> <span class='ocrx_word' id='word_1_242' title='bbox 1658 2938 1819 2993; x_wconf 87' lang='lat' dir='ltr'><strong>animi</strong></span> <span class='ocrx_word' id='word_1_243' title='bbox 1845 2973 1864 3006; x_wconf 92' lang='lat'><strong>,</strong></span> 
     </span>
    </p>
   </div>
   <div class='ocr_carea' id='block_1_30' title="bbox 264 3028 1869 3106">
    <p class='ocr_par' dir='ltr' id='par_1_30' title="bbox 264 3028 1869 3106">
     <span class='ocr_line' id='line_1_30' title="bbox 264 3028 1869 3106; baseline -0.007 -14"><span class='ocrx_word' id='word_1_244' title='bbox 264 3045 497 3106; x_wconf 84' lang='lat' dir='ltr'><strong>cogente</strong></span> <span class='ocrx_word' id='word_1_245' title='bbox 529 3034 693 3088; x_wconf 90' lang='lat' dir='ltr'><strong>nullo.</strong></span> <span class='ocrx_word' id='word_1_246' title='bbox 721 3030 776 3089; x_wconf 86' lang='lat' dir='ltr'><strong>Si</strong></span> <span class='ocrx_word' id='word_1_247' title='bbox 808 3046 938 3101; x_wconf 90' lang='lat' dir='ltr'><strong>ergo</strong></span> <span class='ocrx_word' id='word_1_248' title='bbox 963 3038 1118 3100; x_wconf 85' lang='lat' dir='ltr'><strong>cogat</strong></span> <span class='ocrx_word' id='word_1_249' title='bbox 1144 3029 1335 3100; x_wconf 90' lang='lat' dir='ltr'><strong>aliquis</strong></span> <span class='ocrx_word' id='word_1_250' title='bbox 1354 3069 1370 3095; x_wconf 93' lang='lat'><strong>,</strong></span> <span class='ocrx_word' id='word_1_251' title='bbox 1402 3039 1483 3083; x_wconf 90' lang='lat' dir='ltr'><strong>est</strong></span> <span class='ocrx_word' id='word_1_252' title='bbox 1510 3028 1723 3098; x_wconf 83' lang='lat' dir='ltr'><strong>quidem</strong></span> <span class='ocrx_word' id='word_1_253' title='bbox 1753 3044 1869 3082; x_wconf 89' lang='lat' dir='ltr'><strong>mo-</strong></span> 
     </span>
    </p>
   </div>
   <div class='ocr_carea' id='block_1_31' title="bbox 266 3118 1866 3191">
    <p class='ocr_par' dir='ltr' id='par_1_31' title="bbox 266 3118 1866 3191">
     <span class='ocr_line' id='line_1_31' title="bbox 266 3118 1866 3191; baseline -0.003 -12"><span class='ocrx_word' id='word_1_254' title='bbox 266 3137 395 3190; x_wconf 77' lang='lat' dir='ltr'><strong>tus;</strong></span> <span class='ocrx_word' id='word_1_255' title='bbox 426 3124 520 3180; x_wconf 88' lang='lat' dir='ltr'><strong>sed</strong></span> <span class='ocrx_word' id='word_1_256' title='bbox 552 3140 657 3178; x_wconf 92' lang='lat' dir='ltr'><strong>non</strong></span> <span class='ocrx_word' id='word_1_257' title='bbox 683 3131 766 3178; x_wconf 90' lang='lat' dir='ltr'><strong>est</strong></span> <span class='ocrx_word' id='word_1_258' title='bbox 789 3122 1031 3177; x_wconf 89' lang='lat' dir='ltr'><strong>voluntas</strong></span> <span class='ocrx_word' id='word_1_259' title='bbox 1052 3162 1068 3186; x_wconf 93' lang='lat'><strong>,</strong></span> <span class='ocrx_word' id='word_1_260' title='bbox 1099 3120 1251 3191; x_wconf 86' lang='lat' dir='ltr'><strong>cujus</strong></span> <span class='ocrx_word' id='word_1_261' title='bbox 1281 3120 1387 3174; x_wconf 90' lang='lat' dir='ltr'><strong>vim</strong></span> <span class='ocrx_word' id='word_1_262' title='bbox 1428 3120 1513 3175; x_wconf 90' lang='lat' dir='ltr'><strong>illa</strong></span> <span class='ocrx_word' id='word_1_263' title='bbox 1538 3118 1866 3175; x_wconf 88' lang='lat' dir='ltr'><strong>delinitionis</strong></span> 
     </span>
    </p>
   </div>
   <div class='ocr_carea' id='block_1_32' title="bbox 267 3210 1868 3288">
    <p class='ocr_par' dir='ltr' id='par_1_32' title="bbox 267 3210 1868 3288">
     <span class='ocr_line' id='line_1_32' title="bbox 267 3210 1868 3288; baseline -0.002 -17"><span class='ocrx_word' id='word_1_264' title='bbox 267 3232 399 3288; x_wconf 90' lang='lat' dir='ltr'><strong>pars</strong></span> <span class='ocrx_word' id='word_1_265' title='bbox 426 3215 656 3272; x_wconf 90' lang='lat' dir='ltr'><strong>secunda</strong></span> <span class='ocrx_word' id='word_1_266' title='bbox 681 3213 989 3284; x_wconf 82' lang='lat' dir='ltr'><strong>complevit,</strong></span> <span class='ocrx_word' id='word_1_267' title='bbox 1017 3211 1065 3268; x_wconf 91' lang='lat' dir='ltr'><strong>id</strong></span> <span class='ocrx_word' id='word_1_268' title='bbox 1092 3222 1196 3279; x_wconf 91' lang='lat' dir='ltr'><strong>est,</strong></span> <span class='ocrx_word' id='word_1_269' title='bbox 1225 3211 1369 3266; x_wconf 88' lang='lat' dir='ltr'><strong>nullo</strong></span> <span class='ocrx_word' id='word_1_270' title='bbox 1391 3220 1634 3282; x_wconf 83' lang='lat' dir='ltr'><strong>cogente.</strong></span> <span class='ocrx_word' id='word_1_271' title='bbox 1662 3210 1717 3267; x_wconf 91' lang='lat' dir='ltr'><strong>Si</strong></span> <span class='ocrx_word' id='word_1_272' title='bbox 1739 3226 1868 3282; x_wconf 89' lang='lat' dir='ltr'><strong>ergo</strong></span> 
     </span>
    </p>
   </div>
   <div class='ocr_carea' id='block_1_33' title="bbox 265 3306 1867 3377">
    <p class='ocr_par' dir='ltr' id='par_1_33' title="bbox 265 3306 1867 3377">
     <span class='ocr_line' id='line_1_33' title="bbox 265 3306 1867 3377; baseline -0.001 -15"><span class='ocrx_word' id='word_1_273' title='bbox 265 3308 519 3363; x_wconf 80' lang='lat' dir='ltr'><strong>voluntas</strong></span> <span class='ocrx_word' id='word_1_274' title='bbox 543 3307 674 3362; x_wconf 90' lang='lat' dir='ltr'><strong>nihil</strong></span> <span class='ocrx_word' id='word_1_275' title='bbox 701 3318 784 3362; x_wconf 89' lang='lat' dir='ltr'><strong>est</strong></span> <span class='ocrx_word' id='word_1_276' title='bbox 812 3306 953 3362; x_wconf 88' lang='lat' dir='ltr'><strong>aliud</strong></span> <span class='ocrx_word' id='word_1_277' title='bbox 972 3348 988 3373; x_wconf 91' lang='lat'><strong>,</strong></span> <span class='ocrx_word' id='word_1_278' title='bbox 1017 3321 1175 3377; x_wconf 89' lang='lat' dir='ltr'><strong>quam</strong></span> <span class='ocrx_word' id='word_1_279' title='bbox 1202 3314 1379 3360; x_wconf 86' lang='lat' dir='ltr'><strong>motus</strong></span> <span class='ocrx_word' id='word_1_280' title='bbox 1405 3306 1568 3361; x_wconf 90' lang='lat' dir='ltr'><strong>animi</strong></span> <span class='ocrx_word' id='word_1_281' title='bbox 1594 3346 1611 3372; x_wconf 94' lang='lat'><strong>,</strong></span> <span class='ocrx_word' id='word_1_282' title='bbox 1642 3315 1867 3376; x_wconf 82' lang='lat' dir='ltr'><strong>cogente</strong></span> 
     </span>
    </p>
   </div>
   <div class='ocr_carea' id='block_1_34' title="bbox 266 3396 1868 3475">
    <p class='ocr_par' dir='ltr' id='par_1_34' title="bbox 266 3396 1868 3475">
     <span class='ocr_line' id='line_1_34' title="bbox 266 3396 1868 3475; baseline -0.001 -22"><span class='ocrx_word' id='word_1_283' title='bbox 266 3399 461 3475; x_wconf 84' lang='lat' dir='ltr'><strong>nullo;</strong></span> <span class='ocrx_word' id='word_1_284' title='bbox 491 3399 631 3453; x_wconf 87' lang='lat' dir='ltr'><strong>male</strong></span> <span class='ocrx_word' id='word_1_285' title='bbox 658 3412 877 3470; x_wconf 89' lang='lat' dir='ltr'><strong>prorsus</strong></span> <span class='ocrx_word' id='word_1_286' title='bbox 910 3398 1165 3468; x_wconf 71' lang='lat' dir='ltr'><strong>qumritur</strong></span> <span class='ocrx_word' id='word_1_287' title='bbox 1186 3397 1334 3466; x_wconf 89' lang='lat' dir='ltr'><strong>origo</strong></span> <span class='ocrx_word' id='word_1_288' title='bbox 1364 3397 1437 3453; x_wconf 91' lang='lat' dir='ltr'><strong>rei</strong></span> <span class='ocrx_word' id='word_1_289' title='bbox 1458 3438 1474 3458; x_wconf 87' lang='lat'><em>.</em></span> <span class='ocrx_word' id='word_1_290' title='bbox 1500 3397 1651 3466; x_wconf 88' lang='lat' dir='ltr'><strong>cujus</strong></span> <span class='ocrx_word' id='word_1_291' title='bbox 1679 3396 1868 3451; x_wconf 86' lang='lat' dir='ltr'><strong>condi-</strong></span> 
     </span>
    </p>
   </div>
   <div class='ocr_carea' id='block_1_35' title="bbox 271 3487 1871 3559">
    <p class='ocr_par' dir='ltr' id='par_1_35' title="bbox 271 3487 1871 3559">
     <span class='ocr_line' id='line_1_35' title="bbox 271 3487 1871 3559; baseline -0.001 -15"><span class='ocrx_word' id='word_1_292' title='bbox 271 3490 394 3555; x_wconf 92' lang='lat' dir='ltr'><strong>tio,</strong></span> <span class='ocrx_word' id='word_1_293' title='bbox 438 3490 483 3544; x_wconf 90' lang='lat' dir='ltr'><strong>si</strong></span> <span class='ocrx_word' id='word_1_294' title='bbox 515 3489 871 3559; x_wconf 72' lang='lat' dir='ltr'><strong>pmvenitur,</strong></span> <span class='ocrx_word' id='word_1_295' title='bbox 922 3488 1122 3543; x_wconf 89' lang='lat' dir='ltr'><strong>interit.</strong></span> <span class='ocrx_word' id='word_1_296' title='bbox 1152 3487 1405 3558; x_wconf 79' lang='lat' dir='ltr'><strong>Expende</strong></span> <span class='ocrx_word' id='word_1_297' title='bbox 1451 3503 1579 3557; x_wconf 88' lang='lat' dir='ltr'><strong>ergo</strong></span> <span class='ocrx_word' id='word_1_298' title='bbox 1628 3487 1754 3557; x_wconf 92' lang='lat' dir='ltr'><strong>quid</strong></span> <span class='ocrx_word' id='word_1_299' title='bbox 1800 3488 1871 3542; x_wconf 87' lang='lat' dir='ltr'><strong>sit</strong></span> 
     </span>
    </p>
   </div>
   <div class='ocr_carea' id='block_1_36' title="bbox 270 3580 1917 3653">
    <p class='ocr_par' dir='ltr' id='par_1_36' title="bbox 270 3580 1917 3653">
     <span class='ocr_line' id='line_1_36' title="bbox 270 3580 1917 3653; baseline -0.001 -17"><span class='ocrx_word' id='word_1_300' title='bbox 270 3581 418 3653; x_wconf 87' lang='lat' dir='ltr'><strong>quod</strong></span> <span class='ocrx_word' id='word_1_301' title='bbox 448 3596 603 3652; x_wconf 89' lang='lat' dir='ltr'><strong>roges</strong></span> <span class='ocrx_word' id='word_1_302' title='bbox 633 3597 650 3635; x_wconf 87' lang='lat'><strong>:</strong></span> <span class='ocrx_word' id='word_1_303' title='bbox 680 3580 861 3646; x_wconf 84' lang='lat' dir='ltr'><strong>Unde,</strong></span> <span class='ocrx_word' id='word_1_304' title='bbox 903 3580 1080 3651; x_wconf 88' lang='lat' dir='ltr'><strong>inquis</strong></span> <span class='ocrx_word' id='word_1_305' title='bbox 1101 3621 1117 3647; x_wconf 96' lang='lat'><strong>,</strong></span> <span class='ocrx_word' id='word_1_306' title='bbox 1154 3580 1269 3650; x_wconf 83' lang='lat' dir='ltr'><strong>ipsa</strong></span> <span class='ocrx_word' id='word_1_307' title='bbox 1297 3580 1529 3635; x_wconf 80' lang='lat' dir='ltr'><strong>voluntas</strong></span> <span class='ocrx_word' id='word_1_308' title='bbox 1558 3580 1693 3634; x_wconf 88' lang='lat' dir='ltr'><strong>mala</strong></span> <span class='ocrx_word' id='word_1_309' title='bbox 1726 3580 1872 3651; x_wconf 73' lang='lat' dir='ltr'><strong>quasi</strong></span> <span class='ocrx_word' id='word_1_310' title='bbox 1914 3592 1917 3597; x_wconf 75' lang='lat'><strong><em>‘</em></strong></span> 
     </span>
    </p>
   </div>
   <div class='ocr_carea' id='block_1_37' title="bbox 270 3670 1871 3744">
    <p class='ocr_par' dir='ltr' id='par_1_37' title="bbox 270 3670 1871 3744">
     <span class='ocr_line' id='line_1_37' title="bbox 270 3670 1871 3744; baseline -0.001 -18"><span class='ocrx_word' id='word_1_311' title='bbox 270 3673 429 3727; x_wconf 84' lang='lat' dir='ltr'><strong>arbor</strong></span> <span class='ocrx_word' id='word_1_312' title='bbox 455 3673 592 3727; x_wconf 85' lang='lat' dir='ltr'><strong>mala’</strong></span> <span class='ocrx_word' id='word_1_313' title='bbox 621 3672 674 3726; x_wconf 86' lang='lat' dir='ltr'><strong>in</strong></span> <span class='ocrx_word' id='word_1_314' title='bbox 719 3672 884 3744; x_wconf 86' lang='lat' dir='ltr'><strong>primo</strong></span> <span class='ocrx_word' id='word_1_315' title='bbox 911 3672 1115 3726; x_wconf 78' lang='lat' dir='ltr'><strong>homine</strong></span> <span class='ocrx_word' id='word_1_316' title='bbox 1160 3671 1322 3742; x_wconf 83' lang='lat' dir='ltr'><strong>potuit</strong></span> <span class='ocrx_word' id='word_1_317' title='bbox 1368 3671 1555 3725; x_wconf 75' lang='lat' dir='ltr'><strong>exoriri</strong></span> <span class='ocrx_word' id='word_1_318' title='bbox 1603 3670 1709 3741; x_wconf 88' lang='lat' dir='ltr'><strong>(De</strong></span> <span class='ocrx_word' id='word_1_319' title='bbox 1748 3671 1871 3725; x_wconf 83' lang='lat' dir='ltr'><strong>Nn-</strong></span> 
     </span>
    </p>
   </div>
   <div class='ocr_carea' id='block_1_38' title="bbox 273 3761 1873 3837">
    <p class='ocr_par' dir='ltr' id='par_1_38' title="bbox 273 3761 1873 3837">
     <span class='ocr_line' id='line_1_38' title="bbox 273 3761 1873 3837; baseline 0.001 -20"><span class='ocrx_word' id='word_1_320' title='bbox 273 3765 399 3837; x_wconf 78' lang='lat' dir='ltr'><strong>ptiia</strong></span> <span class='ocrx_word' id='word_1_321' title='bbox 422 3775 469 3818; x_wconf 76' lang='lat' dir='ltr'><strong>et</strong></span> <span class='ocrx_word' id='word_1_322' title='bbox 496 3762 941 3832; x_wconf 75' lang='lat' dir='ltr'><strong>Coucupiacenlia,</strong></span> <span class='ocrx_word' id='word_1_323' title='bbox 971 3762 1059 3817; x_wconf 81' lang='lat' dir='ltr'><strong>lib.</strong></span> <span class='ocrx_word' id='word_1_324' title='bbox 1087 3761 1155 3829; x_wconf 73' lang='lat'><strong>2,</strong></span> <span class='ocrx_word' id='word_1_325' title='bbox 1204 3779 1258 3816; x_wconf 91' lang='lat' dir='ltr'><strong>n.</strong></span> <span class='ocrx_word' id='word_1_326' title='bbox 1308 3763 1440 3833; x_wconf 67' lang='lat'><strong>48)?</strong></span> <span class='ocrx_word' id='word_1_327' title='bbox 1469 3763 1559 3833; x_wconf 97' lang='lat' dir='ltr'><strong>qui</strong></span> <span class='ocrx_word' id='word_1_328' title='bbox 1599 3763 1873 3819; x_wconf 85' lang='lat' dir='ltr'><strong>conﬁteris</strong></span> 
     </span>
    </p>
   </div>
   <div class='ocr_carea' id='block_1_39' title="bbox 272 3853 1873 3925">
    <p class='ocr_par' dir='ltr' id='par_1_39' title="bbox 272 3853 1873 3925">
     <span class='ocr_line' id='line_1_39' title="bbox 272 3853 1873 3925; baseline 0 -17"><span class='ocrx_word' id='word_1_329' title='bbox 272 3854 604 3910; x_wconf 80' lang='lat' dir='ltr'><strong>voluntatem</strong></span> <span class='ocrx_word' id='word_1_330' title='bbox 628 3854 697 3910; x_wconf 92' lang='lat' dir='ltr'><strong>de</strong></span> <span class='ocrx_word' id='word_1_331' title='bbox 724 3853 930 3925; x_wconf 90' lang='lat' dir='ltr'><strong>origine</strong></span> <span class='ocrx_word' id='word_1_332' title='bbox 955 3854 1264 3924; x_wconf 87' lang='lat' dir='ltr'><strong>contigisse.</strong></span> <span class='ocrx_word' id='word_1_333' title='bbox 1300 3854 1554 3909; x_wconf 76' lang='lat' dir='ltr'><strong>Voluntas</strong></span> <span class='ocrx_word' id='word_1_334' title='bbox 1579 3854 1720 3908; x_wconf 88' lang='lat' dir='ltr'><strong>enim</strong></span> <span class='ocrx_word' id='word_1_335' title='bbox 1754 3872 1873 3909; x_wconf 62' lang='lat' dir='ltr'><strong>mo.</strong></span> 
     </span>
    </p>
   </div>
   <div class='ocr_carea' id='block_1_40' title="bbox 274 3946 1875 4018">
    <p class='ocr_par' dir='ltr' id='par_1_40' title="bbox 274 3946 1875 4018">
     <span class='ocr_line' id='line_1_40' title="bbox 274 3946 1875 4018; baseline -0.001 -15"><span class='ocrx_word' id='word_1_336' title='bbox 274 3958 369 4003; x_wconf 89' lang='lat' dir='ltr'><strong>tus</strong></span> <span class='ocrx_word' id='word_1_337' title='bbox 395 3957 478 4004; x_wconf 91' lang='lat' dir='ltr'><strong>est</strong></span> <span class='ocrx_word' id='word_1_338' title='bbox 500 3948 686 4015; x_wconf 87' lang='lat' dir='ltr'><strong>animi,</strong></span> <span class='ocrx_word' id='word_1_339' title='bbox 713 3956 937 4018; x_wconf 84' lang='lat' dir='ltr'><strong>cogente</strong></span> <span class='ocrx_word' id='word_1_340' title='bbox 958 3947 1123 4002; x_wconf 92' lang='lat' dir='ltr'><strong>nullo.</strong></span> <span class='ocrx_word' id='word_1_341' title='bbox 1157 3946 1427 4002; x_wconf 87' lang='lat' dir='ltr'><strong>Naturalia</strong></span> <span class='ocrx_word' id='word_1_342' title='bbox 1457 3956 1647 4003; x_wconf 87' lang='lat' dir='ltr'><strong>cuneta</strong></span> <span class='ocrx_word' id='word_1_343' title='bbox 1677 3954 1875 4018; x_wconf 87' lang='lat' dir='ltr'><strong>cogunt</strong></span> 
     </span>
    </p>
   </div>
   <div class='ocr_carea' id='block_1_41' title="bbox 274 4039 1874 4111">
    <p class='ocr_par' dir='ltr' id='par_1_41' title="bbox 274 4039 1874 4111">
     <span class='ocr_line' id='line_1_41' title="bbox 274 4039 1874 4111; baseline 0 -15"><span class='ocrx_word' id='word_1_344' title='bbox 274 4054 402 4096; x_wconf 84' lang='lat' dir='ltr'><strong>esse</strong></span> <span class='ocrx_word' id='word_1_345' title='bbox 425 4039 568 4111; x_wconf 88' lang='lat' dir='ltr'><strong>quod</strong></span> <span class='ocrx_word' id='word_1_346' title='bbox 609 4040 849 4110; x_wconf 80' lang='lat' dir='ltr'><strong>sequitur</strong></span> <span class='ocrx_word' id='word_1_347' title='bbox 880 4057 893 4093; x_wconf 91' lang='lat'><strong>:</strong></span> <span class='ocrx_word' id='word_1_348' title='bbox 925 4041 1172 4095; x_wconf 81' lang='lat' dir='ltr'><strong>voluntas</strong></span> <span class='ocrx_word' id='word_1_349' title='bbox 1207 4049 1386 4095; x_wconf 90' lang='lat' dir='ltr'><strong>autem</strong></span> <span class='ocrx_word' id='word_1_350' title='bbox 1430 4042 1473 4099; x_wconf 90' lang='lat' dir='ltr'><strong>si</strong></span> <span class='ocrx_word' id='word_1_351' title='bbox 1523 4041 1874 4110; x_wconf 85' lang='lat' dir='ltr'><strong>praecedenti-</strong></span> 
     </span>
    </p>
   </div>
   <div class='ocr_carea' id='block_1_42' title="bbox 274 4130 1873 4203">
    <p class='ocr_par' dir='ltr' id='par_1_42' title="bbox 274 4130 1873 4203">
     <span class='ocr_line' id='line_1_42' title="bbox 274 4130 1873 4203; baseline 0.002 -17"><span class='ocrx_word' id='word_1_352' title='bbox 274 4130 383 4186; x_wconf 82' lang='lat' dir='ltr'><strong>bus</strong></span> <span class='ocrx_word' id='word_1_353' title='bbox 410 4132 585 4187; x_wconf 89' lang='lat' dir='ltr'><strong>causis</strong></span> <span class='ocrx_word' id='word_1_354' title='bbox 604 4141 844 4203; x_wconf 82' lang='lat' dir='ltr'><strong>cogatur,</strong></span> <span class='ocrx_word' id='word_1_355' title='bbox 874 4132 1117 4187; x_wconf 85' lang='lat' dir='ltr'><strong>voluntas</strong></span> <span class='ocrx_word' id='word_1_356' title='bbox 1138 4148 1258 4187; x_wconf 91' lang='lat' dir='ltr'><strong>esse</strong></span> <span class='ocrx_word' id='word_1_357' title='bbox 1281 4148 1404 4186; x_wconf 85' lang='lat' dir='ltr'><strong>mox</strong></span> <span class='ocrx_word' id='word_1_358' title='bbox 1429 4131 1648 4198; x_wconf 84' lang='lat' dir='ltr'><strong>desinit,</strong></span> <span class='ocrx_word' id='word_1_359' title='bbox 1674 4142 1730 4188; x_wconf 91' lang='lat' dir='ltr'><strong>et</strong></span> <span class='ocrx_word' id='word_1_360' title='bbox 1749 4149 1873 4203; x_wconf 91' lang='lat' dir='ltr'><strong>per-</strong></span> 
     </span>
    </p>
   </div>
   <div class='ocr_carea' id='block_1_43' title="bbox 274 4222 1387 4296">
    <p class='ocr_par' dir='ltr' id='par_1_43' title="bbox 274 4222 1387 4296">
     <span class='ocr_line' id='line_1_43' title="bbox 274 4222 1387 4296; baseline -0.001 -17"><span class='ocrx_word' id='word_1_361' title='bbox 274 4222 362 4279; x_wconf 86' lang='lat' dir='ltr'><strong>dit</strong></span> <span class='ocrx_word' id='word_1_362' title='bbox 388 4224 768 4290; x_wconf 88' lang='lat' dir='ltr'><strong>conditionem,</strong></span> <span class='ocrx_word' id='word_1_363' title='bbox 799 4225 843 4280; x_wconf 89' lang='lat' dir='ltr'><strong>si</strong></span> <span class='ocrx_word' id='word_1_364' title='bbox 871 4225 1077 4295; x_wconf 86' lang='lat' dir='ltr'><strong>accepit</strong></span> <span class='ocrx_word' id='word_1_365' title='bbox 1103 4224 1387 4296; x_wconf 82' lang='lat' dir='ltr'><strong>originem.</strong></span> 
     </span>
    </p>
   </div>
   <div class='ocr_carea' id='block_1_44' title="bbox 353 4315 1876 4390">
    <p class='ocr_par' dir='ltr' id='par_1_44' title="bbox 353 4315 1876 4390">
     <span class='ocr_line' id='line_1_44' title="bbox 353 4315 1876 4390; baseline 0.003 -19"><span class='ocrx_word' id='word_1_366' title='bbox 353 4317 503 4372; x_wconf 75' lang='lat' dir='ltr'><strong>AUG.‘</strong></span> <span class='ocrx_word' id='word_1_367' title='bbox 534 4315 591 4372; x_wconf 90' lang='lat' dir='ltr'><strong>Si</strong></span> <span class='ocrx_word' id='word_1_368' title='bbox 632 4316 880 4371; x_wconf 88' lang='lat' dir='ltr'><strong>voluntas</strong></span> <span class='ocrx_word' id='word_1_369' title='bbox 910 4316 1030 4372; x_wconf 89' lang='lat' dir='ltr'><strong>ideo</strong></span> <span class='ocrx_word' id='word_1_370' title='bbox 1058 4332 1166 4372; x_wconf 91' lang='lat' dir='ltr'><strong>non</strong></span> <span class='ocrx_word' id='word_1_371' title='bbox 1216 4317 1379 4373; x_wconf 87' lang='lat' dir='ltr'><strong>habet</strong></span> <span class='ocrx_word' id='word_1_372' title='bbox 1406 4318 1668 4389; x_wconf 86' lang='lat' dir='ltr'><strong>originem</strong></span> <span class='ocrx_word' id='word_1_373' title='bbox 1692 4356 1708 4387; x_wconf 96' lang='lat'><strong>,</strong></span> <span class='ocrx_word' id='word_1_374' title='bbox 1753 4320 1876 4390; x_wconf 83' lang='lat' dir='ltr'><strong>quia</strong></span> 
     </span>
    </p>
   </div>
   <div class='ocr_carea' id='block_1_45' title="bbox 279 4407 1879 4479">
    <p class='ocr_par' dir='ltr' id='par_1_45' title="bbox 279 4407 1879 4479">
     <span class='ocr_line' id='line_1_45' title="bbox 279 4407 1879 4479; baseline 0.002 -17"><span class='ocrx_word' id='word_1_375' title='bbox 279 4421 391 4462; x_wconf 89' lang='lat' dir='ltr'><strong>non</strong></span> <span class='ocrx_word' id='word_1_376' title='bbox 427 4410 667 4477; x_wconf 90' lang='lat' dir='ltr'><strong>cogitur;</strong></span> <span class='ocrx_word' id='word_1_377' title='bbox 709 4422 808 4463; x_wconf 91' lang='lat' dir='ltr'><strong>nec</strong></span> <span class='ocrx_word' id='word_1_378' title='bbox 850 4408 964 4477; x_wconf 91' lang='lat' dir='ltr'><strong>ipse</strong></span> <span class='ocrx_word' id='word_1_379' title='bbox 1007 4407 1168 4462; x_wconf 89' lang='lat' dir='ltr'><strong>homo</strong></span> <span class='ocrx_word' id='word_1_380' title='bbox 1214 4408 1375 4464; x_wconf 88' lang='lat' dir='ltr'><strong>habet</strong></span> <span class='ocrx_word' id='word_1_381' title='bbox 1402 4409 1664 4479; x_wconf 87' lang='lat' dir='ltr'><strong>originem</strong></span> <span class='ocrx_word' id='word_1_382' title='bbox 1708 4418 1766 4465; x_wconf 90' lang='lat' dir='ltr'><strong>ut</strong></span> <span class='ocrx_word' id='word_1_383' title='bbox 1807 4410 1879 4466; x_wconf 91' lang='lat' dir='ltr'><strong>sit</strong></span> 
     </span>
    </p>
   </div>
   <div class='ocr_carea' id='block_1_46' title="bbox 276 4498 1877 4569">
    <p class='ocr_par' dir='ltr' id='par_1_46' title="bbox 276 4498 1877 4569">
     <span class='ocr_line' id='line_1_46' title="bbox 276 4498 1877 4569; baseline 0.004 -18"><span class='ocrx_word' id='word_1_384' title='bbox 276 4498 487 4567; x_wconf 80' lang='lat' dir='ltr'><strong>homo,</strong></span> <span class='ocrx_word' id='word_1_385' title='bbox 526 4498 651 4569; x_wconf 87' lang='lat' dir='ltr'><strong>quia</strong></span> <span class='ocrx_word' id='word_1_386' title='bbox 692 4514 799 4554; x_wconf 93' lang='lat' dir='ltr'><strong>non</strong></span> <span class='ocrx_word' id='word_1_387' title='bbox 829 4510 1047 4555; x_wconf 91' lang='lat' dir='ltr'><strong>coaetus</strong></span> <span class='ocrx_word' id='word_1_388' title='bbox 1090 4508 1173 4555; x_wconf 91' lang='lat' dir='ltr'><strong>est</strong></span> <span class='ocrx_word' id='word_1_389' title='bbox 1215 4514 1353 4555; x_wconf 85' lang='lat' dir='ltr'><strong>esse.</strong></span> <span class='ocrx_word' id='word_1_390' title='bbox 1401 4500 1683 4569; x_wconf 88' lang='lat' dir='ltr'><strong>Quomodo</strong></span> <span class='ocrx_word' id='word_1_391' title='bbox 1733 4502 1877 4557; x_wconf 91' lang='lat' dir='ltr'><strong>enim</strong></span> 
     </span>
    </p>
   </div>
   <div class='ocr_carea' id='block_1_47' title="bbox 279 4590 1876 4662">
    <p class='ocr_par' dir='ltr' id='par_1_47' title="bbox 279 4590 1876 4662">
     <span class='ocr_line' id='line_1_47' title="bbox 279 4590 1876 4662; baseline 0.003 -19"><span class='ocrx_word' id='word_1_392' title='bbox 279 4590 401 4662; x_wconf 87' lang='lat' dir='ltr'><strong>cogi</strong></span> <span class='ocrx_word' id='word_1_393' title='bbox 429 4601 656 4659; x_wconf 89' lang='lat' dir='ltr'><strong>poterat,</strong></span> <span class='ocrx_word' id='word_1_394' title='bbox 684 4591 773 4661; x_wconf 91' lang='lat' dir='ltr'><strong>qui</strong></span> <span class='ocrx_word' id='word_1_395' title='bbox 802 4607 907 4645; x_wconf 91' lang='lat' dir='ltr'><strong>non</strong></span> <span class='ocrx_word' id='word_1_396' title='bbox 934 4591 1087 4646; x_wconf 86' lang='lat' dir='ltr'><strong>erat?</strong></span> <span class='ocrx_word' id='word_1_397' title='bbox 1110 4591 1176 4645; x_wconf 87' lang='lat' dir='ltr'><strong>Et</strong></span> <span class='ocrx_word' id='word_1_398' title='bbox 1199 4603 1347 4647; x_wconf 89' lang='lat' dir='ltr'><strong>certe</strong></span> <span class='ocrx_word' id='word_1_399' title='bbox 1375 4590 1537 4646; x_wconf 90' lang='lat' dir='ltr'><strong>homo</strong></span> <span class='ocrx_word' id='word_1_400' title='bbox 1557 4601 1745 4647; x_wconf 89' lang='lat' dir='ltr'><strong>natura</strong></span> <span class='ocrx_word' id='word_1_401' title='bbox 1770 4604 1876 4661; x_wconf 87' lang='lat' dir='ltr'><strong>est;</strong></span> 
     </span>
    </p>
   </div>
   <div class='ocr_carea' id='block_1_48' title="bbox 279 4682 1880 4758">
    <p class='ocr_par' dir='ltr' id='par_1_48' title="bbox 279 4682 1880 4758">
     <span class='ocr_line' id='line_1_48' title="bbox 279 4682 1880 4758; baseline 0.002 -20"><span class='ocrx_word' id='word_1_402' title='bbox 279 4691 447 4754; x_wconf 86' lang='lat' dir='ltr'><strong>tuque</strong></span> <span class='ocrx_word' id='word_1_403' title='bbox 470 4682 682 4749; x_wconf 88' lang='lat' dir='ltr'><strong>dixisti,</strong></span> <span class='ocrx_word' id='word_1_404' title='bbox 718 4683 993 4749; x_wconf 79' lang='lat' dir='ltr'><strong>Naturalia</strong></span> <span class='ocrx_word' id='word_1_405' title='bbox 1011 4695 1195 4739; x_wconf 80' lang='lat' dir='ltr'><strong>cuncta</strong></span> <span class='ocrx_word' id='word_1_406' title='bbox 1216 4694 1400 4757; x_wconf 82' lang='lat' dir='ltr'><strong>cogunt</strong></span> <span class='ocrx_word' id='word_1_407' title='bbox 1429 4702 1536 4740; x_wconf 71' lang='lat' dir='ltr'><strong>esse</strong></span> <span class='ocrx_word' id='word_1_408' title='bbox 1558 4689 1695 4756; x_wconf 81' lang='lat' dir='ltr'><strong>quod</strong></span> <span class='ocrx_word' id='word_1_409' title='bbox 1713 4690 1880 4758; x_wconf 80' lang='lat' dir='ltr'><strong>sequi-</strong></span> 
     </span>
    </p>
   </div>
   <div class='ocr_carea' id='block_1_49' title="bbox 281 4770 1878 4846">
    <p class='ocr_par' dir='ltr' id='par_1_49' title="bbox 281 4770 1878 4846">
     <span class='ocr_line' id='line_1_49' title="bbox 281 4770 1878 4846; baseline 0.003 -19"><span class='ocrx_word' id='word_1_410' title='bbox 281 4770 388 4827; x_wconf 81' lang='lat' dir='ltr'><strong>tur.</strong></span> <span class='ocrx_word' id='word_1_411' title='bbox 416 4774 564 4845; x_wconf 83' lang='lat' dir='ltr'><strong>Rogo</strong></span> <span class='ocrx_word' id='word_1_412' title='bbox 593 4784 663 4841; x_wconf 86' lang='lat' dir='ltr'><strong>te,</strong></span> <span class='ocrx_word' id='word_1_413' title='bbox 693 4775 908 4832; x_wconf 90' lang='lat' dir='ltr'><strong>attende</strong></span> <span class='ocrx_word' id='word_1_414' title='bbox 934 4774 1061 4846; x_wconf 86' lang='lat' dir='ltr'><strong>quid</strong></span> <span class='ocrx_word' id='word_1_415' title='bbox 1083 4775 1229 4830; x_wconf 88' lang='lat' dir='ltr'><strong>dicas</strong></span> <span class='ocrx_word' id='word_1_416' title='bbox 1255 4792 1269 4829; x_wconf 90' lang='lat'><strong>:</strong></span> <span class='ocrx_word' id='word_1_417' title='bbox 1301 4774 1408 4830; x_wconf 92' lang='lat' dir='ltr'><strong>noli</strong></span> <span class='ocrx_word' id='word_1_418' title='bbox 1434 4776 1608 4831; x_wconf 90' lang='lat' dir='ltr'><strong>oculis</strong></span> <span class='ocrx_word' id='word_1_419' title='bbox 1634 4778 1831 4832; x_wconf 88' lang='lat' dir='ltr'><strong>clausis</strong></span> <span class='ocrx_word' id='word_1_420' title='bbox 1853 4777 1878 4811; x_wconf 73' lang='grc'><strong><em>⁵</em></strong></span> 
     </span>
    </p>
   </div>
   <div class='ocr_carea' id='block_1_50' title="bbox 281 4864 1876 4939">
    <p class='ocr_par' dir='ltr' id='par_1_50' title="bbox 281 4864 1876 4939">
     <span class='ocr_line' id='line_1_50' title="bbox 281 4864 1876 4939; baseline 0.004 -20"><span class='ocrx_word' id='word_1_421' title='bbox 281 4864 518 4935; x_wconf 87' lang='lat' dir='ltr'><strong>linguam</strong></span> <span class='ocrx_word' id='word_1_422' title='bbox 564 4880 813 4933; x_wconf 91' lang='lat' dir='ltr'><strong>movere,</strong></span> <span class='ocrx_word' id='word_1_423' title='bbox 860 4866 1130 4938; x_wconf 90' lang='lat' dir='ltr'><strong>quomodo</strong></span> <span class='ocrx_word' id='word_1_424' title='bbox 1157 4867 1249 4939; x_wconf 90' lang='lat' dir='ltr'><strong>qui</strong></span> <span class='ocrx_word' id='word_1_425' title='bbox 1295 4867 1350 4921; x_wconf 92' lang='lat' dir='ltr'><strong>in</strong></span> <span class='ocrx_word' id='word_1_426' title='bbox 1381 4868 1586 4922; x_wconf 90' lang='lat' dir='ltr'><strong>somnis</strong></span> <span class='ocrx_word' id='word_1_427' title='bbox 1624 4868 1876 4938; x_wconf 89' lang='lat' dir='ltr'><strong>loquitur.</strong></span> 
     </span>
    </p>
   </div>
   <div class='ocr_carea' id='block_1_51' title="bbox 280 4956 1879 5031">
    <p class='ocr_par' dir='ltr' id='par_1_51' title="bbox 280 4956 1879 5031">
     <span class='ocr_line' id='line_1_51' title="bbox 280 4956 1879 5031; baseline 0.003 -19"><span class='ocrx_word' id='word_1_428' title='bbox 280 4956 439 5012; x_wconf 91' lang='lat' dir='ltr'><strong>Nulla</strong></span> <span class='ocrx_word' id='word_1_429' title='bbox 465 4972 573 5025; x_wconf 88' lang='lat' dir='ltr'><strong>res,</strong></span> <span class='ocrx_word' id='word_1_430' title='bbox 603 4974 724 5030; x_wconf 80' lang='lat' dir='ltr'><strong>qua:</strong></span> <span class='ocrx_word' id='word_1_431' title='bbox 754 4974 860 5013; x_wconf 92' lang='lat' dir='ltr'><strong>non</strong></span> <span class='ocrx_word' id='word_1_432' title='bbox 886 4968 992 5025; x_wconf 87' lang='lat' dir='ltr'><strong>est,</strong></span> <span class='ocrx_word' id='word_1_433' title='bbox 1017 4959 1134 5029; x_wconf 86' lang='lat' dir='ltr'><strong>cogi</strong></span> <span class='ocrx_word' id='word_1_434' title='bbox 1164 4966 1359 5028; x_wconf 86' lang='lat' dir='ltr'><strong>potest.</strong></span> <span class='ocrx_word' id='word_1_435' title='bbox 1375 4958 1510 5015; x_wconf 90' lang='lat' dir='ltr'><strong>Vide</strong></span> <span class='ocrx_word' id='word_1_436' title='bbox 1534 4959 1694 5014; x_wconf 89' lang='lat' dir='ltr'><strong>etiam</strong></span> <span class='ocrx_word' id='word_1_437' title='bbox 1717 4976 1879 5031; x_wconf 90' lang='lat' dir='ltr'><strong>quam</strong></span> 
     </span>
    </p>
   </div>
   <div class='ocr_carea' id='block_1_52' title="bbox 274 5050 1879 5124">
    <p class='ocr_par' dir='ltr' id='par_1_52' title="bbox 274 5050 1879 5124">
     <span class='ocr_line' id='line_1_52' title="bbox 274 5050 1879 5124; baseline 0.002 -19"><span class='ocrx_word' id='word_1_438' title='bbox 274 5050 357 5106; x_wconf 82' lang='lat' dir='ltr'><strong>sit</strong></span> <span class='ocrx_word' id='word_1_439' title='bbox 384 5052 665 5119; x_wconf 85' lang='lat' dir='ltr'><strong>insanum,</strong></span> <span class='ocrx_word' id='word_1_440' title='bbox 710 5067 908 5124; x_wconf 89' lang='lat' dir='ltr'><strong>negare</strong></span> <span class='ocrx_word' id='word_1_441' title='bbox 950 5052 1148 5109; x_wconf 87' lang='lat' dir='ltr'><strong>habere</strong></span> <span class='ocrx_word' id='word_1_442' title='bbox 1193 5052 1453 5123; x_wconf 89' lang='lat' dir='ltr'><strong>originem</strong></span> <span class='ocrx_word' id='word_1_443' title='bbox 1489 5067 1575 5109; x_wconf 88' lang='lat' dir='ltr'><strong>res</strong></span> <span class='ocrx_word' id='word_1_444' title='bbox 1603 5068 1723 5123; x_wconf 71' lang='lat' dir='ltr'><strong>qua:</strong></span> <span class='ocrx_word' id='word_1_445' title='bbox 1745 5065 1879 5109; x_wconf 72' lang='lat' dir='ltr'><strong>ortas</strong></span> 
     </span>
    </p>
   </div>
   <div class='ocr_carea' id='block_1_53' title="bbox 278 5144 1879 5218">
    <p class='ocr_par' dir='ltr' id='par_1_53' title="bbox 278 5144 1879 5218">
     <span class='ocr_line' id='line_1_53' title="bbox 278 5144 1879 5218; baseline 0.002 -21"><span class='ocrx_word' id='word_1_446' title='bbox 278 5152 447 5210; x_wconf 86' lang='lat' dir='ltr'><strong>sunt;</strong></span> <span class='ocrx_word' id='word_1_447' title='bbox 474 5158 601 5199; x_wconf 88' lang='lat' dir='ltr'><strong>cum</strong></span> <span class='ocrx_word' id='word_1_448' title='bbox 618 5144 731 5215; x_wconf 88' lang='lat' dir='ltr'><strong>ipsa</strong></span> <span class='ocrx_word' id='word_1_449' title='bbox 762 5145 913 5216; x_wconf 90' lang='lat' dir='ltr'><strong>origo</strong></span> <span class='ocrx_word' id='word_1_450' title='bbox 938 5144 1008 5213; x_wconf 87' lang='lat' dir='ltr'><strong>ab</strong></span> <span class='ocrx_word' id='word_1_451' title='bbox 1035 5144 1261 5201; x_wconf 87' lang='lat' dir='ltr'><strong>oriundo</strong></span> <span class='ocrx_word' id='word_1_452' title='bbox 1287 5144 1358 5200; x_wconf 91' lang='lat' dir='ltr'><strong>sit</strong></span> <span class='ocrx_word' id='word_1_453' title='bbox 1387 5144 1550 5201; x_wconf 89' lang='lat' dir='ltr'><strong>dicta.</strong></span> <span class='ocrx_word' id='word_1_454' title='bbox 1575 5144 1708 5201; x_wconf 89' lang='lat' dir='ltr'><strong>Nam</strong></span> <span class='ocrx_word' id='word_1_455' title='bbox 1735 5146 1879 5218; x_wconf 90' lang='lat' dir='ltr'><strong>quod</strong></span> 
     </span>
    </p>
   </div>
   <div class='ocr_carea' id='block_1_54' title="bbox 400 5296 1572 5365">
    <p class='ocr_par' dir='ltr' id='par_1_54' title="bbox 400 5296 1572 5365">
     <span class='ocr_line' id='line_1_54' title="bbox 400 5296 1572 5365; baseline 0.004 -20"><span class='ocrx_word' id='word_1_456' title='bbox 400 5296 518 5365; x_wconf 67' lang='lat' dir='ltr'><strong>Fditl</strong></span> <span class='ocrx_word' id='word_1_457' title='bbox 544 5334 558 5359; x_wconf 94' lang='lat'><strong>,</strong></span> <span class='ocrx_word' id='word_1_458' title='bbox 580 5297 785 5349; x_wconf 85' lang='lat' dir='ltr'><strong>nolente.</strong></span> <span class='ocrx_word' id='word_1_459' title='bbox 806 5300 1108 5365; x_wconf 83' lang='lat' dir='ltr'><strong>Castigantur</strong></span> <span class='ocrx_word' id='word_1_460' title='bbox 1131 5312 1195 5365; x_wconf 82' lang='lat' dir='ltr'><strong>ex</strong></span> <span class='ocrx_word' id='word_1_461' title='bbox 1219 5302 1572 5365; x_wconf 80' lang='lat' dir='ltr'><strong>manuscriptis.</strong></span> 
     </span>
    </p>
   </div>
   <div class='ocr_carea' id='block_1_55' title="bbox 348 5360 1880 5428">
    <p class='ocr_par' dir='ltr' id='par_1_55' title="bbox 348 5360 1880 5428">
     <span class='ocr_line' id='line_1_55' title="bbox 348 5360 1880 5428; baseline 0.008 -22"><span class='ocrx_word' id='word_1_462' title='bbox 348 5360 384 5428; x_wconf 44' lang='grc' dir='ltr'><strong>ξ.</strong></span> <span class='ocrx_word' id='word_1_463' title='bbox 401 5360 477 5428; x_wconf 82' lang='lat' dir='ltr'><strong>sic</strong></span> <span class='ocrx_word' id='word_1_464' title='bbox 496 5373 671 5428; x_wconf 54' lang='lat' dir='ltr'><strong>nautes</strong></span> <span class='ocrx_word' id='word_1_465' title='bbox 692 5360 1023 5428; x_wconf 59' lang='lat' dir='ltr'><strong>manuscripti.</strong></span> <span class='ocrx_word' id='word_1_466' title='bbox 1048 5370 1103 5413; x_wconf 80' lang='lat' dir='ltr'><strong>Al.</strong></span> <span class='ocrx_word' id='word_1_467' title='bbox 1119 5364 1351 5428; x_wconf 71' lang='lat' dir='ltr'><strong>vignierii</strong></span> <span class='ocrx_word' id='word_1_468' title='bbox 1386 5360 1553 5428; x_wconf 81' lang='lat' dir='ltr'><strong>editio,</strong></span> <span class='ocrx_word' id='word_1_469' title='bbox 1577 5369 1632 5415; x_wconf 82' lang='lat' dir='ltr'><strong>ut</strong></span> <span class='ocrx_word' id='word_1_470' title='bbox 1653 5363 1802 5428; x_wconf 75' lang='lat' dir='ltr'><strong>possit</strong></span> <span class='ocrx_word' id='word_1_471' title='bbox 1832 5371 1880 5418; x_wconf 84' lang='lat' dir='ltr'><strong>et</strong></span> 
     </span>
    </p>
   </div>
   <div class='ocr_carea' id='block_1_56' title="bbox 280 5419 1878 5491">
    <p class='ocr_par' dir='ltr' id='par_1_56' title="bbox 280 5419 1878 5491">
     <span class='ocr_line' id='line_1_56' title="bbox 280 5419 1878 5491; baseline 0.006 -22"><span class='ocrx_word' id='word_1_472' title='bbox 280 5419 411 5491; x_wconf 78' lang='lat' dir='ltr'><strong>nolle</strong></span> <span class='ocrx_word' id='word_1_473' title='bbox 432 5426 478 5470; x_wconf 85' lang='lat' dir='ltr'><strong>et</strong></span> <span class='ocrx_word' id='word_1_474' title='bbox 502 5420 637 5480; x_wconf 78' lang='lat' dir='ltr'><strong>velle,</strong></span> <span class='ocrx_word' id='word_1_475' title='bbox 661 5428 708 5491; x_wconf 69' lang='lat' dir='ltr'><strong>et</strong></span> <span class='ocrx_word' id='word_1_476' title='bbox 730 5419 971 5491; x_wconf 75' lang='lat' dir='ltr'><strong>quodlibet</strong></span> <span class='ocrx_word' id='word_1_477' title='bbox 993 5419 1397 5491; x_wconf 30' lang='lat' dir='ltr'><strong>[tonant/labetur</strong></span> <span class='ocrx_word' id='word_1_478' title='bbox 1429 5424 1481 5476; x_wconf 82' lang='lat' dir='ltr'><strong>in</strong></span> <span class='ocrx_word' id='word_1_479' title='bbox 1516 5419 1764 5491; x_wconf 74' lang='lat' dir='ltr'><strong>potesiate.</strong></span> <span class='ocrx_word' id='word_1_480' title='bbox 1790 5435 1878 5491; x_wconf 66' lang='lat' dir='ltr'><strong>Lo-</strong></span> 
     </span>
    </p>
   </div>
   <div class='ocr_carea' id='block_1_57' title="bbox 281 5484 1879 5592">
    <p class='ocr_par' dir='ltr' id='par_1_57' title="bbox 281 5484 1879 5592">
     <span class='ocr_line' id='line_1_57' title="bbox 281 5484 1879 5592; baseline 0.008 -64"><span class='ocrx_word' id='word_1_481' title='bbox 281 5485 452 5592; x_wconf 57' lang='lat' dir='ltr'><strong>lnitur</strong></span> <span class='ocrx_word' id='word_1_482' title='bbox 477 5484 770 5545; x_wconf 72' lang='lat' dir='ltr'><strong>augustiuus</strong></span> <span class='ocrx_word' id='word_1_483' title='bbox 791 5484 1084 5536; x_wconf 64' lang='lat' dir='ltr'><strong>de‘hominis</strong></span> <span class='ocrx_word' id='word_1_484' title='bbox 1123 5488 1277 5549; x_wconf 87' lang='lat' dir='ltr'><strong>primo</strong></span> <span class='ocrx_word' id='word_1_485' title='bbox 1302 5484 1527 5549; x_wconf 63' lang='lat' dir='ltr'><strong>peccato,</strong></span> <span class='ocrx_word' id='word_1_486' title='bbox 1553 5489 1682 5551; x_wconf 89' lang='lat' dir='ltr'><strong>quod</strong></span> <span class='ocrx_word' id='word_1_487' title='bbox 1705 5490 1768 5539; x_wconf 87' lang='lat' dir='ltr'><strong>ab</strong></span> <span class='ocrx_word' id='word_1_488' title='bbox 1792 5489 1879 5541; x_wconf 92' lang='lat' dir='ltr'><strong>illo</strong></span> 
     </span>
     <span class='ocr_line' id='line_1_58' title="bbox 336 5546 1879 5592; baseline 0 0"><span class='ocrx_word' id='word_1_489' title='bbox 336 5552 428 5592; x_wconf 74' lang='lat' dir='ltr'><strong>.cet</strong></span> <span class='ocrx_word' id='word_1_490' title='bbox 451 5546 759 5592; x_wconf 83' lang='lat' dir='ltr'><strong>commissum</strong></span> <span class='ocrx_word' id='word_1_491' title='bbox 785 5560 842 5592; x_wconf 78' lang='lat' dir='ltr'><strong>ea</strong></span> <span class='ocrx_word' id='word_1_492' title='bbox 869 5546 1114 5592; x_wconf 80' lang='lat' dir='ltr'><strong>libertate.</strong></span> <span class='ocrx_word' id='word_1_493' title='bbox 1140 5561 1236 5592; x_wconf 86' lang='lat' dir='ltr'><strong>nua</strong></span> <span class='ocrx_word' id='word_1_494' title='bbox 1262 5554 1314 5592; x_wconf 77' lang='lat' dir='ltr'><strong>et</strong></span> <span class='ocrx_word' id='word_1_495' title='bbox 1352 5561 1559 5592; x_wconf 63' lang='lat' dir='ltr'><strong>“91mm!</strong></span> <span class='ocrx_word' id='word_1_496' title='bbox 1584 5549 1716 5592; x_wconf 71' lang='lat' dir='ltr'><strong>nolle</strong></span> <span class='ocrx_word' id='word_1_497' title='bbox 1738 5560 1879 5592; x_wconf 73' lang='lat' dir='ltr'><strong>mm.</strong></span> 
     </span>
    </p>
   </div>
   <div class='ocr_carea' id='block_1_58' title="bbox 336 5546 1881 5615">
    <p class='ocr_par' dir='ltr' id='par_1_58' title="bbox 336 5546 1881 5615">
     <span class='ocr_line' id='line_1_59' title="bbox 336 5546 1881 5615; baseline 0.005 -20"><span class='ocrx_word' id='word_1_498' title='bbox 336 5546 759 5615; x_wconf 63' lang='lat' dir='ltr'><strong>.cetcomtuisstun</strong></span> <span class='ocrx_word' id='word_1_499' title='bbox 785 5560 842 5595; x_wconf 82' lang='lat' dir='ltr'><strong>ea</strong></span> <span class='ocrx_word' id='word_1_500' title='bbox 869 5546 1315 5615; x_wconf 60' lang='lat' dir='ltr'><strong>libertate,&#39;qua__et&#39;</strong></span> <span class='ocrx_word' id='word_1_501' title='bbox 1352 5561 1559 5615; x_wconf 80' lang='lat' dir='ltr'><strong>peccare</strong></span> <span class='ocrx_word' id='word_1_502' title='bbox 1572 5546 1716 5615; x_wconf 69' lang='lat' dir='ltr'><strong>&#39;nolle</strong></span> <span class='ocrx_word' id='word_1_503' title='bbox 1738 5560 1881 5615; x_wconf 81' lang='lat' dir='ltr'><strong>pote-</strong></span> 
     </span>
    </p>
   </div>
   <div class='ocr_carea' id='block_1_59' title="bbox 283 5605 1881 5677">
    <p class='ocr_par' dir='ltr' id='par_1_59' title="bbox 283 5605 1881 5677">
     <span class='ocr_line' id='line_1_60' title="bbox 283 5605 1881 5677; baseline 0.008 -25"><span class='ocrx_word' id='word_1_504' title='bbox 283 5614 377 5661; x_wconf 87' lang='lat' dir='ltr'><strong>rat,</strong></span> <span class='ocrx_word' id='word_1_505' title='bbox 404 5613 471 5677; x_wconf 85' lang='lat' dir='ltr'><strong>et_</strong></span> <span class='ocrx_word' id='word_1_506' title='bbox 496 5605 628 5677; x_wconf 86' lang='lat' dir='ltr'><strong>velle</strong></span> <span class='ocrx_word' id='word_1_507' title='bbox 648 5620 869 5677; x_wconf 69' lang='lat' dir='ltr'><strong>peccare,</strong></span> <span class='ocrx_word' id='word_1_508' title='bbox 895 5622 988 5659; x_wconf 83' lang='lat' dir='ltr'><strong>non</strong></span> <span class='ocrx_word' id='word_1_509' title='bbox 1011 5605 1176 5677; x_wconf 69' lang='lat' dir='ltr'><strong>autem</strong></span> <span class='ocrx_word' id='word_1_510' title='bbox 1192 5609 1291 5659; x_wconf 89' lang='lat' dir='ltr'><strong>ulla</strong></span> <span class='ocrx_word' id='word_1_511' title='bbox 1315 5605 1397 5677; x_wconf 75' lang='lat' dir='ltr'><strong>tali</strong></span> <span class='ocrx_word' id='word_1_512' title='bbox 1416 5605 1881 5677; x_wconf 45' lang='lat' dir='ltr'><strong>necessitatefquali</strong></span> 
     </span>
    </p>
   </div>
   <div class='ocr_carea' id='block_1_60' title="bbox 282 5669 1629 5735">
    <p class='ocr_par' dir='ltr' id='par_1_60' title="bbox 282 5669 1629 5735">
     <span class='ocr_line' id='line_1_61' title="bbox 282 5669 1629 5735; baseline 0.007 -23"><span class='ocrx_word' id='word_1_513' title='bbox 282 5669 600 5735; x_wconf 58' lang='lat' dir='ltr'><strong>premebatur</strong></span> <span class='ocrx_word' id='word_1_514' title='bbox 619 5670 711 5735; x_wconf 68' lang='lat' dir='ltr'><strong>qui</strong></span> <span class='ocrx_word' id='word_1_515' title='bbox 725 5670 921 5735; x_wconf 87' lang='lat' dir='ltr'><strong>dicebat</strong></span> <span class='ocrx_word' id='word_1_516' title='bbox 938 5680 1066 5735; x_wconf 68' lang='lat' dir='ltr'><strong>:_;)&#39;o_n</strong></span> <span class='ocrx_word' id='word_1_517' title='bbox 1088 5671 1218 5722; x_wconf 84' lang='lat' dir='ltr'><strong>enim</strong></span> <span class='ocrx_word' id='word_1_518' title='bbox 1240 5672 1368 5735; x_wconf 82' lang='lat' dir='ltr'><strong>quod</strong></span> <span class='ocrx_word' id='word_1_519' title='bbox 1392 5672 1513 5734; x_wconf 79' lang='lat' dir='ltr'><strong>uolo,</strong></span> <span class='ocrx_word' id='word_1_520' title='bbox 1532 5681 1629 5723; x_wconf 90' lang='lat' dir='ltr'><strong>etc.</strong></span> 
     </span>
    </p>
   </div>
   <div class='ocr_carea' id='block_1_61' title="bbox 352 5729 1134 5801">
    <p class='ocr_par' dir='ltr' id='par_1_61' title="bbox 352 5729 1134 5801">
     <span class='ocr_line' id='line_1_62' title="bbox 352 5729 1134 5801; baseline -0.028 1"><span class='ocrx_word' id='word_1_521' title='bbox 352 5730 373 5801; x_wconf 51' lang='grc' dir='ltr'><em>ξ</em></span> <span class='ocrx_word' id='word_1_522' title='bbox 404 5729 609 5801; x_wconf 42' lang='grc' dir='ltr'><strong>ῗίεῖἒίθ</strong></span> <span class='ocrx_word' id='word_1_523' title='bbox 634 5729 752 5801; x_wconf 59' lang='grc' dir='ltr'><strong>Εσίῦ</strong></span> <span class='ocrx_word' id='word_1_524' title='bbox 773 5745 910 5801; x_wconf 65' lang='grc' dir='ltr'><strong>νβνο,</strong></span> <span class='ocrx_word' id='word_1_525' title='bbox 936 5730 1134 5801; x_wconf 71' lang='lat' dir='ltr'><strong>dicitur.</strong></span> 
     </span>
    </p>
   </div>
   <div class='ocr_carea' id='block_1_62' title="bbox 352 5790 1881 5915">
    <p class='ocr_par' dir='ltr' id='par_1_62' title="bbox 352 5790 1881 5915">
     <span class='ocr_line' id='line_1_63' title="bbox 352 5790 1881 5915; baseline 0.009 -75"><span class='ocrx_word' id='word_1_526' title='bbox 566 5794 973 5859; x_wconf 77' lang='lat' dir='ltr'><strong>praetermittunt,</strong></span> <span class='ocrx_word' id='word_1_527' title='bbox 999 5794 1176 5848; x_wconf 76' lang='lat' dir='ltr'><strong>clausis</strong></span> <span class='ocrx_word' id='word_1_528' title='bbox 1203 5807 1222 5847; x_wconf 92' lang='lat'><strong><em>:</em></strong></span> <span class='ocrx_word' id='word_1_529' title='bbox 1253 5795 1345 5849; x_wconf 88' lang='lat' dir='ltr'><strong>sed</strong></span> <span class='ocrx_word' id='word_1_530' title='bbox 1367 5795 1551 5849; x_wconf 85' lang='lat' dir='ltr'><strong>habent</strong></span> <span class='ocrx_word' id='word_1_531' title='bbox 1596 5803 1758 5850; x_wconf 85' lang='lat' dir='ltr'><strong>tamen</strong></span> <span class='ocrx_word' id='word_1_532' title='bbox 1780 5811 1881 5853; x_wconf 81' lang='lat' dir='ltr'><strong>ma-</strong></span> 
     </span>
    </p>
   </div>
   <div class='ocr_carea' id='block_1_63' title="bbox 1602 359 2162 430">
    <p class='ocr_par' dir='ltr' id='par_1_63' title="bbox 1602 359 2162 430">
     <span class='ocr_line' id='line_1_64' title="bbox 1602 359 2162 430; baseline -0.002 -13"><span class='ocrx_word' id='word_1_533' title='bbox 1602 359 1806 417; x_wconf 78' lang='lat' dir='ltr'><strong>LlBER</strong></span> <span class='ocrx_word' id='word_1_534' title='bbox 1845 359 2162 430; x_wconf 80' lang='lat' dir='ltr'><strong>QUINTUS.</strong></span> 
     </span>
    </p>
   </div>
   <div class='ocr_carea' id='block_1_64' title="bbox 3408 360 3547 415">
    <p class='ocr_par' dir='ltr' id='par_1_64' title="bbox 3408 360 3547 415">
     <span class='ocr_line' id='line_1_65' title="bbox 3408 360 3547 415; baseline 0 -4"><span class='ocrx_word' id='word_1_535' title='bbox 3408 360 3547 415; x_wconf 76' lang='lat' dir='ltr'><strong>H78</strong></span> 
     </span>
    </p>
   </div>
   <div class='ocr_carea' id='block_1_65' title="bbox 1947 474 3536 545">
    <p class='ocr_par' dir='ltr' id='par_1_65' title="bbox 1947 474 3536 545">
     <span class='ocr_line' id='line_1_66' title="bbox 1947 474 3536 545; baseline 0 -16"><span class='ocrx_word' id='word_1_536' title='bbox 1947 484 2049 540; x_wconf 89' lang='lat' dir='ltr'><strong>est,</strong></span> <span class='ocrx_word' id='word_1_537' title='bbox 2073 484 2128 531; x_wconf 91' lang='lat' dir='ltr'><strong>et</strong></span> <span class='ocrx_word' id='word_1_538' title='bbox 2147 474 2406 545; x_wconf 90' lang='lat' dir='ltr'><strong>originem</strong></span> <span class='ocrx_word' id='word_1_539' title='bbox 2429 489 2534 529; x_wconf 92' lang='lat' dir='ltr'><strong>non</strong></span> <span class='ocrx_word' id='word_1_540' title='bbox 2563 474 2743 536; x_wconf 83' lang='lat' dir='ltr'><strong>habet.</strong></span> <span class='ocrx_word' id='word_1_541' title='bbox 2766 488 2979 545; x_wconf 84' lang='lat' dir='ltr'><strong>semper</strong></span> <span class='ocrx_word' id='word_1_542' title='bbox 3007 475 3124 539; x_wconf 79' lang='lat' dir='ltr'><strong>fuit;</strong></span> <span class='ocrx_word' id='word_1_543' title='bbox 3152 476 3197 531; x_wconf 86' lang='lat' dir='ltr'><strong>si</strong></span> <span class='ocrx_word' id='word_1_544' title='bbox 3225 482 3402 531; x_wconf 87' lang='lat' dir='ltr'><strong>autem</strong></span> <span class='ocrx_word' id='word_1_545' title='bbox 3430 492 3536 529; x_wconf 88' lang='lat' dir='ltr'><strong>non</strong></span> 
     </span>
    </p>
   </div>
   <div class='ocr_carea' id='block_1_66' title="bbox 1946 565 3537 638">
    <p class='ocr_par' dir='ltr' id='par_1_66' title="bbox 1946 565 3537 638">
     <span class='ocr_line' id='line_1_67' title="bbox 1946 565 3537 638; baseline 0 -17"><span class='ocrx_word' id='word_1_546' title='bbox 1946 565 2042 621; x_wconf 81' lang='lat' dir='ltr'><strong>fuit</strong></span> <span class='ocrx_word' id='word_1_547' title='bbox 2063 608 2077 633; x_wconf 91' lang='lat'><strong>,</strong></span> <span class='ocrx_word' id='word_1_548' title='bbox 2105 575 2161 621; x_wconf 90' lang='lat' dir='ltr'><strong>et</strong></span> <span class='ocrx_word' id='word_1_549' title='bbox 2183 576 2265 623; x_wconf 82' lang='lat' dir='ltr'><strong>est</strong></span> <span class='ocrx_word' id='word_1_550' title='bbox 2282 608 2297 630; x_wconf 91' lang='lat'><strong>,</strong></span> <span class='ocrx_word' id='word_1_551' title='bbox 2326 575 2503 622; x_wconf 87' lang='lat' dir='ltr'><strong>ortum</strong></span> <span class='ocrx_word' id='word_1_552' title='bbox 2528 577 2644 632; x_wconf 86' lang='lat' dir='ltr'><strong>est;</strong></span> <span class='ocrx_word' id='word_1_553' title='bbox 2671 567 2716 621; x_wconf 87' lang='lat' dir='ltr'><strong>si</strong></span> <span class='ocrx_word' id='word_1_554' title='bbox 2742 578 2918 621; x_wconf 89' lang='lat' dir='ltr'><strong>ortum</strong></span> <span class='ocrx_word' id='word_1_555' title='bbox 2945 578 3049 629; x_wconf 88' lang='lat' dir='ltr'><strong>est,</strong></span> <span class='ocrx_word' id='word_1_556' title='bbox 3074 567 3233 623; x_wconf 88' lang='lat' dir='ltr'><strong>habet</strong></span> <span class='ocrx_word' id='word_1_557' title='bbox 3255 568 3537 638; x_wconf 88' lang='lat' dir='ltr'><strong>originem.</strong></span> 
     </span>
    </p>
   </div>
   <div class='ocr_carea' id='block_1_67' title="bbox 1946 656 3539 729">
    <p class='ocr_par' dir='ltr' id='par_1_67' title="bbox 1946 656 3539 729">
     <span class='ocr_line' id='line_1_68' title="bbox 1946 656 3539 729; baseline -0.001 -17"><span class='ocrx_word' id='word_1_558' title='bbox 1946 656 2018 712; x_wconf 88' lang='lat' dir='ltr'><strong>Et</strong></span> <span class='ocrx_word' id='word_1_559' title='bbox 2044 658 2285 714; x_wconf 85' lang='lat' dir='ltr'><strong>voluntas</strong></span> <span class='ocrx_word' id='word_1_560' title='bbox 2301 673 2429 729; x_wconf 86' lang='lat' dir='ltr'><strong>ergo</strong></span> <span class='ocrx_word' id='word_1_561' title='bbox 2459 658 2684 729; x_wconf 88' lang='lat' dir='ltr'><strong>peccati,</strong></span> <span class='ocrx_word' id='word_1_562' title='bbox 2709 673 2828 728; x_wconf 70' lang='lat' dir='ltr'><strong>quae</strong></span> <span class='ocrx_word' id='word_1_563' title='bbox 2853 673 2958 712; x_wconf 92' lang='lat' dir='ltr'><strong>non</strong></span> <span class='ocrx_word' id='word_1_564' title='bbox 2989 656 3109 724; x_wconf 79' lang='lat' dir='ltr'><strong>fuit,</strong></span> <span class='ocrx_word' id='word_1_565' title='bbox 3140 667 3193 713; x_wconf 91' lang='lat' dir='ltr'><strong>et</strong></span> <span class='ocrx_word' id='word_1_566' title='bbox 3218 667 3318 722; x_wconf 91' lang='lat' dir='ltr'><strong>est,</strong></span> <span class='ocrx_word' id='word_1_567' title='bbox 3355 658 3539 728; x_wconf 84' lang='lat' dir='ltr'><strong>utique</strong></span> 
     </span>
    </p>
   </div>
   <div class='ocr_carea' id='block_1_68' title="bbox 1947 748 3535 817">
    <p class='ocr_par' dir='ltr' id='par_1_68' title="bbox 1947 748 3535 817">
     <span class='ocr_line' id='line_1_69' title="bbox 1947 748 3535 817; baseline -0.001 -15"><span class='ocrx_word' id='word_1_568' title='bbox 1947 757 2063 803; x_wconf 92' lang='lat' dir='ltr'><strong>orta</strong></span> <span class='ocrx_word' id='word_1_569' title='bbox 2086 757 2169 803; x_wconf 91' lang='lat' dir='ltr'><strong>est</strong></span> <span class='ocrx_word' id='word_1_570' title='bbox 2197 767 2210 803; x_wconf 92' lang='lat'><strong>:</strong></span> <span class='ocrx_word' id='word_1_571' title='bbox 2240 749 2284 804; x_wconf 92' lang='lat' dir='ltr'><strong>si</strong></span> <span class='ocrx_word' id='word_1_572' title='bbox 2315 749 2458 804; x_wconf 87' lang='lat' dir='ltr'><strong>enim</strong></span> <span class='ocrx_word' id='word_1_573' title='bbox 2486 757 2600 813; x_wconf 89' lang='lat' dir='ltr'><strong>est,</strong></span> <span class='ocrx_word' id='word_1_574' title='bbox 2627 760 2683 804; x_wconf 89' lang='lat' dir='ltr'><strong>et</strong></span> <span class='ocrx_word' id='word_1_575' title='bbox 2721 757 2837 804; x_wconf 87' lang='lat' dir='ltr'><strong>orta</strong></span> <span class='ocrx_word' id='word_1_576' title='bbox 2865 764 2969 803; x_wconf 92' lang='lat' dir='ltr'><strong>non</strong></span> <span class='ocrx_word' id='word_1_577' title='bbox 3001 758 3113 813; x_wconf 77' lang='lat' dir='ltr'><strong>est,</strong></span> <span class='ocrx_word' id='word_1_578' title='bbox 3147 763 3360 817; x_wconf 88' lang='lat' dir='ltr'><strong>semper</strong></span> <span class='ocrx_word' id='word_1_579' title='bbox 3400 748 3535 814; x_wconf 88' lang='lat' dir='ltr'><strong>luit;</strong></span> 
     </span>
    </p>
   </div>
   <div class='ocr_carea' id='block_1_69' title="bbox 1948 838 3539 911">
    <p class='ocr_par' dir='ltr' id='par_1_69' title="bbox 1948 838 3539 911">
     <span class='ocr_line' id='line_1_70' title="bbox 1948 838 3539 911; baseline -0.002 -16"><span class='ocrx_word' id='word_1_580' title='bbox 1948 840 2046 895; x_wconf 87' lang='lat' dir='ltr'><strong>sed</strong></span> <span class='ocrx_word' id='word_1_581' title='bbox 2088 856 2194 894; x_wconf 93' lang='lat' dir='ltr'><strong>non</strong></span> <span class='ocrx_word' id='word_1_582' title='bbox 2238 839 2334 894; x_wconf 81' lang='lat' dir='ltr'><strong>fuit</strong></span> <span class='ocrx_word' id='word_1_583' title='bbox 2362 856 2610 911; x_wconf 89' lang='lat' dir='ltr'><strong>semper;</strong></span> <span class='ocrx_word' id='word_1_584' title='bbox 2655 855 2784 911; x_wconf 88' lang='lat' dir='ltr'><strong>ergo</strong></span> <span class='ocrx_word' id='word_1_585' title='bbox 2826 847 2943 894; x_wconf 77' lang='lat' dir='ltr'><strong>orta</strong></span> <span class='ocrx_word' id='word_1_586' title='bbox 2980 847 3081 894; x_wconf 88' lang='lat' dir='ltr'><strong>est.</strong></span> <span class='ocrx_word' id='word_1_587' title='bbox 3108 838 3225 895; x_wconf 79' lang='lat' dir='ltr'><strong>Jam</strong></span> <span class='ocrx_word' id='word_1_588' title='bbox 3272 849 3326 893; x_wconf 89' lang='lat' dir='ltr'><strong>tu</strong></span> <span class='ocrx_word' id='word_1_589' title='bbox 3369 839 3539 893; x_wconf 84' lang='lat' dir='ltr'><strong>clama</strong></span> 
     </span>
    </p>
   </div>
   <div class='ocr_carea' id='block_1_70' title="bbox 1948 930 3542 1004">
    <p class='ocr_par' dir='ltr' id='par_1_70' title="bbox 1948 930 3542 1004">
     <span class='ocr_line' id='line_1_71' title="bbox 1948 930 3542 1004; baseline -0.002 -18"><span class='ocrx_word' id='word_1_590' title='bbox 1948 940 2135 986; x_wconf 90' lang='lat' dir='ltr'><strong>contra</strong></span> <span class='ocrx_word' id='word_1_591' title='bbox 2164 932 2554 1004; x_wconf 86' lang='lat' dir='ltr'><strong>apertissimam</strong></span> <span class='ocrx_word' id='word_1_592' title='bbox 2582 932 2896 995; x_wconf 84' lang='lat' dir='ltr'><strong>veritatem;</strong></span> <span class='ocrx_word' id='word_1_593' title='bbox 2924 931 3026 987; x_wconf 93' lang='lat' dir='ltr'><strong>hoc</strong></span> <span class='ocrx_word' id='word_1_594' title='bbox 3048 932 3190 986; x_wconf 91' lang='lat' dir='ltr'><strong>enim</strong></span> <span class='ocrx_word' id='word_1_595' title='bbox 3220 930 3376 985; x_wconf 69' lang='lat' dir='ltr'><strong>decet</strong></span> <span class='ocrx_word' id='word_1_596' title='bbox 3399 939 3542 984; x_wconf 90' lang='lat' dir='ltr'><strong>tuam</strong></span> 
     </span>
    </p>
   </div>
   <div class='ocr_carea' id='block_1_71' title="bbox 1950 1022 3542 1094">
    <p class='ocr_par' dir='ltr' id='par_1_71' title="bbox 1950 1022 3542 1094">
     <span class='ocr_line' id='line_1_72' title="bbox 1950 1022 3542 1094; baseline 0.001 -18"><span class='ocrx_word' id='word_1_597' title='bbox 1950 1038 2142 1077; x_wconf 87' lang='lat' dir='ltr'><strong>vanam</strong></span> <span class='ocrx_word' id='word_1_598' title='bbox 2176 1023 2551 1094; x_wconf 85' lang='lat' dir='ltr'><strong>loquacitatem</strong></span> <span class='ocrx_word' id='word_1_599' title='bbox 2588 1033 2683 1079; x_wconf 91' lang='lat' dir='ltr'><strong>:et</strong></span> <span class='ocrx_word' id='word_1_600' title='bbox 2710 1023 2832 1090; x_wconf 92' lang='lat' dir='ltr'><strong>dic,</strong></span> <span class='ocrx_word' id='word_1_601' title='bbox 2862 1023 2992 1079; x_wconf 88' lang='lat' dir='ltr'><strong>Orta</strong></span> <span class='ocrx_word' id='word_1_602' title='bbox 3029 1031 3114 1078; x_wconf 91' lang='grc' dir='ltr'><strong>εει</strong></span> <span class='ocrx_word' id='word_1_603' title='bbox 3153 1023 3365 1093; x_wconf 90' lang='lat' dir='ltr'><strong>quidem</strong></span> <span class='ocrx_word' id='word_1_604' title='bbox 3387 1065 3403 1088; x_wconf 94' lang='lat'><strong>,</strong></span> <span class='ocrx_word' id='word_1_605' title='bbox 3448 1022 3542 1077; x_wconf 85' lang='lat' dir='ltr'><strong>sed</strong></span> 
     </span>
    </p>
   </div>
   <div class='ocr_carea' id='block_1_72' title="bbox 1950 1112 3546 1185">
    <p class='ocr_par' dir='ltr' id='par_1_72' title="bbox 1950 1112 3546 1185">
     <span class='ocr_line' id='line_1_73' title="bbox 1950 1112 3546 1185; baseline 0.001 -17"><span class='ocrx_word' id='word_1_606' title='bbox 1950 1112 2212 1185; x_wconf 86' lang='lat' dir='ltr'><strong>originem</strong></span> <span class='ocrx_word' id='word_1_607' title='bbox 2248 1129 2359 1170; x_wconf 87' lang='lat' dir='ltr'><strong>non</strong></span> <span class='ocrx_word' id='word_1_608' title='bbox 2392 1114 2584 1177; x_wconf 86' lang='lat' dir='ltr'><strong>habet;</strong></span> <span class='ocrx_word' id='word_1_609' title='bbox 2616 1124 2736 1183; x_wconf 89' lang='lat' dir='ltr'><strong>aut,-</strong></span> <span class='ocrx_word' id='word_1_610' title='bbox 2761 1115 2903 1185; x_wconf 91' lang='lat' dir='ltr'><strong>quod</strong></span> <span class='ocrx_word' id='word_1_611' title='bbox 2932 1124 3014 1169; x_wconf 89' lang='lat' dir='ltr'><strong>est</strong></span> <span class='ocrx_word' id='word_1_612' title='bbox 3040 1113 3313 1181; x_wconf 84' lang='lat' dir='ltr'><strong>insanius,</strong></span> <span class='ocrx_word' id='word_1_613' title='bbox 3346 1114 3411 1168; x_wconf 90' lang='lat' dir='ltr'><strong>Et</strong></span> <span class='ocrx_word' id='word_1_614' title='bbox 3440 1131 3546 1169; x_wconf 91' lang='lat' dir='ltr'><strong>non</strong></span> 
     </span>
    </p>
   </div>
   <div class='ocr_carea' id='block_1_73' title="bbox 1953 1205 3543 1274">
    <p class='ocr_par' dir='ltr' id='par_1_73' title="bbox 1953 1205 3543 1274">
     <span class='ocr_line' id='line_1_74' title="bbox 1953 1205 3543 1274; baseline 0.001 -13"><span class='ocrx_word' id='word_1_615' title='bbox 1953 1205 2051 1261; x_wconf 82' lang='lat' dir='ltr'><strong>fuit</strong></span> <span class='ocrx_word' id='word_1_616' title='bbox 2068 1250 2084 1274; x_wconf 92' lang='lat'><strong>,</strong></span> <span class='ocrx_word' id='word_1_617' title='bbox 2114 1218 2167 1262; x_wconf 92' lang='lat' dir='ltr'><strong>et</strong></span> <span class='ocrx_word' id='word_1_618' title='bbox 2191 1216 2274 1264; x_wconf 91' lang='lat' dir='ltr'><strong>est</strong></span> <span class='ocrx_word' id='word_1_619' title='bbox 2291 1249 2306 1273; x_wconf 92' lang='lat'><strong>,</strong></span> <span class='ocrx_word' id='word_1_620' title='bbox 2331 1218 2387 1264; x_wconf 88' lang='lat' dir='ltr'><strong>et</strong></span> <span class='ocrx_word' id='word_1_621' title='bbox 2415 1217 2591 1265; x_wconf 87' lang='lat' dir='ltr'><strong>tamen</strong></span> <span class='ocrx_word' id='word_1_622' title='bbox 2616 1219 2735 1263; x_wconf 88' lang='lat' dir='ltr'><strong>orta</strong></span> <span class='ocrx_word' id='word_1_623' title='bbox 2771 1223 2878 1264; x_wconf 92' lang='lat' dir='ltr'><strong>non</strong></span> <span class='ocrx_word' id='word_1_624' title='bbox 2905 1217 3007 1263; x_wconf 82' lang='lat' dir='ltr'><strong>est:</strong></span> <span class='ocrx_word' id='word_1_625' title='bbox 3036 1208 3208 1263; x_wconf 89' lang='lat' dir='ltr'><strong>Porro</strong></span> <span class='ocrx_word' id='word_1_626' title='bbox 3235 1208 3278 1261; x_wconf 90' lang='lat' dir='ltr'><strong>si</strong></span> <span class='ocrx_word' id='word_1_627' title='bbox 3306 1207 3409 1263; x_wconf 91' lang='lat' dir='ltr'><strong>hoc</strong></span> <span class='ocrx_word' id='word_1_628' title='bbox 3437 1224 3543 1262; x_wconf 91' lang='lat' dir='ltr'><strong>non</strong></span> 
     </span>
    </p>
   </div>
   <div class='ocr_carea' id='block_1_74' title="bbox 1952 1296 3547 1368">
    <p class='ocr_par' dir='ltr' id='par_1_74' title="bbox 1952 1296 3547 1368">
     <span class='ocr_line' id='line_1_75' title="bbox 1952 1296 3547 1368; baseline -0.001 -16"><span class='ocrx_word' id='word_1_629' title='bbox 1952 1296 2118 1365; x_wconf 90' lang='lat' dir='ltr'><strong>dicis,</strong></span> <span class='ocrx_word' id='word_1_630' title='bbox 2166 1313 2234 1354; x_wconf 91' lang='lat' dir='ltr'><strong>ne</strong></span> <span class='ocrx_word' id='word_1_631' title='bbox 2276 1300 2659 1355; x_wconf 88' lang='lat' dir='ltr'><strong>insulsissimus</strong></span> <span class='ocrx_word' id='word_1_632' title='bbox 2699 1308 2755 1355; x_wconf 90' lang='lat' dir='ltr'><strong>et</strong></span> <span class='ocrx_word' id='word_1_633' title='bbox 2780 1299 3000 1355; x_wconf 91' lang='lat' dir='ltr'><strong>omnino</strong></span> <span class='ocrx_word' id='word_1_634' title='bbox 3029 1297 3209 1354; x_wconf 80' lang='lat' dir='ltr'><strong>fatuus</strong></span> <span class='ocrx_word' id='word_1_635' title='bbox 3248 1298 3547 1368; x_wconf 82' lang='lat' dir='ltr'><strong>judiccris;</strong></span> 
     </span>
    </p>
   </div>
   <div class='ocr_carea' id='block_1_75' title="bbox 1953 1392 3545 1462">
    <p class='ocr_par' dir='ltr' id='par_1_75' title="bbox 1953 1392 3545 1462">
     <span class='ocr_line' id='line_1_76' title="bbox 1953 1392 3545 1462; baseline 0.001 -19"><span class='ocrx_word' id='word_1_636' title='bbox 1953 1405 2134 1461; x_wconf 73' lang='lat' dir='ltr'><strong>qua~re</strong></span> <span class='ocrx_word' id='word_1_637' title='bbox 2174 1392 2315 1448; x_wconf 88' lang='lat' dir='ltr'><strong>unde</strong></span> <span class='ocrx_word' id='word_1_638' title='bbox 2356 1401 2475 1447; x_wconf 89' lang='lat' dir='ltr'><strong>orta</strong></span> <span class='ocrx_word' id='word_1_639' title='bbox 2517 1392 2587 1447; x_wconf 88' lang='lat' dir='ltr'><strong>sit</strong></span> <span class='ocrx_word' id='word_1_640' title='bbox 2630 1392 3147 1448; x_wconf 83' lang='lat' dir='ltr'><strong>hominis&#39;voluntas</strong></span> <span class='ocrx_word' id='word_1_641' title='bbox 3172 1392 3342 1458; x_wconf 90' lang='lat' dir='ltr'><strong>mala,</strong></span> <span class='ocrx_word' id='word_1_642' title='bbox 3387 1406 3545 1462; x_wconf 87' lang='lat' dir='ltr'><strong>quam</strong></span> 
     </span>
    </p>
   </div>
   <div class='ocr_carea' id='block_1_76' title="bbox 1956 1482 3549 1555">
    <p class='ocr_par' dir='ltr' id='par_1_76' title="bbox 1956 1482 3549 1555">
     <span class='ocr_line' id='line_1_77' title="bbox 1956 1482 3549 1555; baseline 0 -19"><span class='ocrx_word' id='word_1_643' title='bbox 1956 1498 2152 1553; x_wconf 83' lang='lat' dir='ltr'><strong>negare</strong></span> <span class='ocrx_word' id='word_1_644' title='bbox 2180 1499 2284 1538; x_wconf 92' lang='lat' dir='ltr'><strong>non</strong></span> <span class='ocrx_word' id='word_1_645' title='bbox 2310 1493 2461 1554; x_wconf 90' lang='lat' dir='ltr'><strong>potes</strong></span> <span class='ocrx_word' id='word_1_646' title='bbox 2485 1492 2658 1538; x_wconf 91' lang='lat' dir='ltr'><strong>ortam</strong></span> <span class='ocrx_word' id='word_1_647' title='bbox 2700 1498 2849 1547; x_wconf 89' lang='lat' dir='ltr'><strong>esse,</strong></span> <span class='ocrx_word' id='word_1_648' title='bbox 2876 1482 2999 1555; x_wconf 89' lang='lat' dir='ltr'><strong>quia</strong></span> <span class='ocrx_word' id='word_1_649' title='bbox 3034 1497 3229 1553; x_wconf 86' lang='lat' dir='ltr'><strong>negare</strong></span> <span class='ocrx_word' id='word_1_650' title='bbox 3260 1498 3365 1537; x_wconf 92' lang='lat' dir='ltr'><strong>non</strong></span> <span class='ocrx_word' id='word_1_651' title='bbox 3398 1491 3549 1552; x_wconf 87' lang='lat' dir='ltr'><strong>potes</strong></span> 
     </span>
    </p>
   </div>
   <div class='ocr_carea' id='block_1_77' title="bbox 1956 1573 3553 1647">
    <p class='ocr_par' dir='ltr' id='par_1_77' title="bbox 1956 1573 3553 1647">
     <span class='ocr_line' id='line_1_78' title="bbox 1956 1573 3553 1647; baseline -0.001 -16"><span class='ocrx_word' id='word_1_652' title='bbox 1956 1592 2064 1631; x_wconf 90' lang='lat' dir='ltr'><strong>non</strong></span> <span class='ocrx_word' id='word_1_653' title='bbox 2107 1575 2268 1631; x_wconf 82' lang='lat' dir='ltr'><strong>fuisse</strong></span> <span class='ocrx_word' id='word_1_654' title='bbox 2308 1586 2365 1632; x_wconf 89' lang='lat' dir='ltr'><strong>et</strong></span> <span class='ocrx_word' id='word_1_655' title='bbox 2404 1591 2525 1632; x_wconf 90' lang='lat' dir='ltr'><strong>esse</strong></span> <span class='ocrx_word' id='word_1_656' title='bbox 2563 1575 2834 1647; x_wconf 68' lang='lat' dir='ltr'><strong>coepisse:</strong></span> <span class='ocrx_word' id='word_1_657' title='bbox 2866 1589 3078 1646; x_wconf 66' lang='lat' dir='ltr'><strong>qurere,</strong></span> <span class='ocrx_word' id='word_1_658' title='bbox 3126 1574 3379 1643; x_wconf 90' lang='lat' dir='ltr'><strong>inquam,</strong></span> <span class='ocrx_word' id='word_1_659' title='bbox 3412 1573 3553 1629; x_wconf 90' lang='lat' dir='ltr'><strong>unde</strong></span> 
     </span>
    </p>
   </div>
   <div class='ocr_carea' id='block_1_78' title="bbox 1958 1663 3554 1737">
    <p class='ocr_par' dir='ltr' id='par_1_78' title="bbox 1958 1663 3554 1737">
     <span class='ocr_line' id='line_1_79' title="bbox 1958 1663 3554 1737; baseline -0.001 -17"><span class='ocrx_word' id='word_1_660' title='bbox 1958 1676 2075 1721; x_wconf 85' lang='lat' dir='ltr'><strong>orta</strong></span> <span class='ocrx_word' id='word_1_661' title='bbox 2106 1666 2173 1721; x_wconf 90' lang='lat' dir='ltr'><strong>sit</strong></span> <span class='ocrx_word' id='word_1_662' title='bbox 2194 1682 2210 1732; x_wconf 91' lang='lat'><strong>;</strong></span> <span class='ocrx_word' id='word_1_663' title='bbox 2233 1673 2291 1722; x_wconf 92' lang='lat' dir='ltr'><strong>et</strong></span> <span class='ocrx_word' id='word_1_664' title='bbox 2315 1666 2553 1722; x_wconf 87' lang='lat' dir='ltr'><strong>invenies</strong></span> <span class='ocrx_word' id='word_1_665' title='bbox 2583 1667 2757 1737; x_wconf 90' lang='lat' dir='ltr'><strong>ipsum</strong></span> <span class='ocrx_word' id='word_1_666' title='bbox 2795 1666 3065 1720; x_wconf 86' lang='lat' dir='ltr'><strong>hominem</strong></span> <span class='ocrx_word' id='word_1_667' title='bbox 3099 1680 3114 1717; x_wconf 89' lang='lat'><strong>:</strong></span> <span class='ocrx_word' id='word_1_668' title='bbox 3142 1679 3212 1719; x_wconf 84' lang='lat' dir='ltr'><strong>ex</strong></span> <span class='ocrx_word' id='word_1_669' title='bbox 3244 1663 3335 1719; x_wconf 91' lang='lat' dir='ltr'><strong>illo</strong></span> <span class='ocrx_word' id='word_1_670' title='bbox 3355 1663 3554 1735; x_wconf 85' lang='lat' dir='ltr'><strong>quippe</strong></span> 
     </span>
    </p>
   </div>
   <div class='ocr_carea' id='block_1_79' title="bbox 1957 1753 3551 1828">
    <p class='ocr_par' dir='ltr' id='par_1_79' title="bbox 1957 1753 3551 1828">
     <span class='ocr_line' id='line_1_80' title="bbox 1957 1753 3551 1828; baseline -0.002 -15"><span class='ocrx_word' id='word_1_671' title='bbox 1957 1768 2073 1813; x_wconf 83' lang='lat' dir='ltr'><strong>orta</strong></span> <span class='ocrx_word' id='word_1_672' title='bbox 2124 1767 2208 1814; x_wconf 91' lang='lat' dir='ltr'><strong>est</strong></span> <span class='ocrx_word' id='word_1_673' title='bbox 2254 1758 2500 1813; x_wconf 82' lang='lat' dir='ltr'><strong>voluntas</strong></span> <span class='ocrx_word' id='word_1_674' title='bbox 2544 1758 2722 1825; x_wconf 86' lang='lat' dir='ltr'><strong>mala,</strong></span> <span class='ocrx_word' id='word_1_675' title='bbox 2759 1772 2879 1828; x_wconf 72' lang='lat' dir='ltr'><strong>qum</strong></span> <span class='ocrx_word' id='word_1_676' title='bbox 2917 1756 2969 1810; x_wconf 92' lang='lat' dir='ltr'><strong>in</strong></span> <span class='ocrx_word' id='word_1_677' title='bbox 3001 1756 3089 1810; x_wconf 91' lang='lat' dir='ltr'><strong>illo</strong></span> <span class='ocrx_word' id='word_1_678' title='bbox 3128 1762 3252 1810; x_wconf 88' lang='lat' dir='ltr'><strong>ante</strong></span> <span class='ocrx_word' id='word_1_679' title='bbox 3281 1769 3386 1809; x_wconf 91' lang='lat' dir='ltr'><strong>non</strong></span> <span class='ocrx_word' id='word_1_680' title='bbox 3429 1753 3551 1810; x_wconf 82' lang='lat' dir='ltr'><strong>fuit.</strong></span> 
     </span>
    </p>
   </div>
   <div class='ocr_carea' id='block_1_80' title="bbox 1958 1848 3575 1920">
    <p class='ocr_par' dir='ltr' id='par_1_80' title="bbox 1958 1848 3575 1920">
     <span class='ocr_line' id='line_1_81' title="bbox 1958 1848 3575 1920; baseline -0.001 -17"><span class='ocrx_word' id='word_1_681' title='bbox 1958 1850 2150 1916; x_wconf 81' lang='lat' dir='ltr'><strong>Qua-re</strong></span> <span class='ocrx_word' id='word_1_682' title='bbox 2179 1850 2339 1917; x_wconf 87' lang='lat' dir='ltr'><strong>etiam</strong></span> <span class='ocrx_word' id='word_1_683' title='bbox 2370 1850 2543 1920; x_wconf 88' lang='lat' dir='ltr'><strong>qualis</strong></span> <span class='ocrx_word' id='word_1_684' title='bbox 2581 1858 2699 1905; x_wconf 89' lang='lat' dir='ltr'><strong>erat</strong></span> <span class='ocrx_word' id='word_1_685' title='bbox 2736 1849 2927 1915; x_wconf 90' lang='lat' dir='ltr'><strong>homo,</strong></span> <span class='ocrx_word' id='word_1_686' title='bbox 2973 1857 3258 1919; x_wconf 85' lang='lat' dir='ltr'><strong>antequam</strong></span> <span class='ocrx_word' id='word_1_687' title='bbox 3306 1848 3575 1902; x_wconf 70' lang='lat' dir='ltr'><strong>voluntas.</strong></span> 
     </span>
    </p>
   </div>
   <div class='ocr_carea' id='block_1_81' title="bbox 1960 1940 3552 2011">
    <p class='ocr_par' dir='ltr' id='par_1_81' title="bbox 1960 1940 3552 2011">
     <span class='ocr_line' id='line_1_82' title="bbox 1960 1940 3552 2011; baseline -0.004 -13"><span class='ocrx_word' id='word_1_688' title='bbox 1960 1945 2095 1998; x_wconf 88' lang='lat' dir='ltr'><strong>mala</strong></span> <span class='ocrx_word' id='word_1_689' title='bbox 2123 1943 2357 1999; x_wconf 86' lang='lat' dir='ltr'><strong>oriretur</strong></span> <span class='ocrx_word' id='word_1_690' title='bbox 2388 1959 2453 1998; x_wconf 89' lang='lat' dir='ltr'><strong>ex</strong></span> <span class='ocrx_word' id='word_1_691' title='bbox 2480 1942 2609 2007; x_wconf 91' lang='lat' dir='ltr'><strong>illo;</strong></span> <span class='ocrx_word' id='word_1_692' title='bbox 2640 1950 2695 1997; x_wconf 89' lang='lat' dir='ltr'><strong>et</strong></span> <span class='ocrx_word' id='word_1_693' title='bbox 2723 1942 2963 1997; x_wconf 88' lang='lat' dir='ltr'><strong>invenies</strong></span> <span class='ocrx_word' id='word_1_694' title='bbox 2991 1941 3190 1996; x_wconf 92' lang='lat' dir='ltr'><strong>bonum</strong></span> <span class='ocrx_word' id='word_1_695' title='bbox 3221 1958 3235 1994; x_wconf 91' lang='lat'><strong>:</strong></span> <span class='ocrx_word' id='word_1_696' title='bbox 3262 1956 3324 1994; x_wconf 87' lang='lat' dir='ltr'><strong>ea</strong></span> <span class='ocrx_word' id='word_1_697' title='bbox 3354 1940 3552 2011; x_wconf 84' lang='lat' dir='ltr'><strong>quippe</strong></span> 
     </span>
    </p>
   </div>
   <div class='ocr_carea' id='block_1_82' title="bbox 1960 2033 3553 2105">
    <p class='ocr_par' dir='ltr' id='par_1_82' title="bbox 1960 2033 3553 2105">
     <span class='ocr_line' id='line_1_83' title="bbox 1960 2033 3553 2105; baseline 0 -19"><span class='ocrx_word' id='word_1_698' title='bbox 1960 2035 2234 2090; x_wconf 86' lang='lat' dir='ltr'><strong>voluntate</strong></span> <span class='ocrx_word' id='word_1_699' title='bbox 2255 2034 2425 2090; x_wconf 84' lang='lat' dir='ltr'><strong>lactus</strong></span> <span class='ocrx_word' id='word_1_700' title='bbox 2444 2044 2524 2089; x_wconf 90' lang='lat' dir='ltr'><strong>est</strong></span> <span class='ocrx_word' id='word_1_701' title='bbox 2551 2033 2742 2099; x_wconf 91' lang='lat' dir='ltr'><strong>malus,</strong></span> <span class='ocrx_word' id='word_1_702' title='bbox 2765 2048 2885 2105; x_wconf 73' lang='lat' dir='ltr'><strong>quae</strong></span> <span class='ocrx_word' id='word_1_703' title='bbox 2913 2042 3198 2102; x_wconf 84' lang='lat' dir='ltr'><strong>antequam</strong></span> <span class='ocrx_word' id='word_1_704' title='bbox 3228 2033 3460 2086; x_wconf 89' lang='lat' dir='ltr'><strong>oriretur</strong></span> <span class='ocrx_word' id='word_1_705' title='bbox 3483 2047 3553 2086; x_wconf 86' lang='lat' dir='ltr'><strong>ex</strong></span> 
     </span>
    </p>
   </div>
   <div class='ocr_carea' id='block_1_83' title="bbox 1962 2122 3557 2195">
    <p class='ocr_par' dir='ltr' id='par_1_83' title="bbox 1962 2122 3557 2195">
     <span class='ocr_line' id='line_1_84' title="bbox 1962 2122 3557 2195; baseline -0.003 -14"><span class='ocrx_word' id='word_1_706' title='bbox 1962 2125 2076 2191; x_wconf 89' lang='lat' dir='ltr'><strong>illo,</strong></span> <span class='ocrx_word' id='word_1_707' title='bbox 2105 2126 2223 2180; x_wconf 89' lang='lat' dir='ltr'><strong>talis</strong></span> <span class='ocrx_word' id='word_1_708' title='bbox 2249 2136 2394 2190; x_wconf 84' lang='lat' dir='ltr'><strong>erat,</strong></span> <span class='ocrx_word' id='word_1_709' title='bbox 2424 2126 2595 2195; x_wconf 84' lang='lat' dir='ltr'><strong>qualis</strong></span> <span class='ocrx_word' id='word_1_710' title='bbox 2622 2141 2652 2179; x_wconf 94' lang='lat' dir='ltr'><strong>a</strong></span> <span class='ocrx_word' id='word_1_711' title='bbox 2681 2126 2823 2180; x_wconf 91' lang='lat' dir='ltr'><strong>bono</strong></span> <span class='ocrx_word' id='word_1_712' title='bbox 2853 2123 3022 2180; x_wconf 83' lang='lat' dir='ltr'><strong>lactus</strong></span> <span class='ocrx_word' id='word_1_713' title='bbox 3050 2132 3197 2191; x_wconf 87' lang='lat' dir='ltr'><strong>erat,</strong></span> <span class='ocrx_word' id='word_1_714' title='bbox 3230 2122 3282 2178; x_wconf 92' lang='lat' dir='ltr'><strong>id</strong></span> <span class='ocrx_word' id='word_1_715' title='bbox 3309 2134 3429 2191; x_wconf 89' lang='lat' dir='ltr'><strong>est,</strong></span> <span class='ocrx_word' id='word_1_716' title='bbox 3460 2124 3557 2178; x_wconf 82' lang='lat' dir='ltr'><strong>bo-</strong></span> 
     </span>
    </p>
   </div>
   <div class='ocr_carea' id='block_1_84' title="bbox 1962 2215 3554 2288">
    <p class='ocr_par' dir='ltr' id='par_1_84' title="bbox 1962 2215 3554 2288">
     <span class='ocr_line' id='line_1_85' title="bbox 1962 2215 3554 2288; baseline -0.003 -15"><span class='ocrx_word' id='word_1_717' title='bbox 1962 2232 2083 2273; x_wconf 88' lang='lat' dir='ltr'><strong>nus.</strong></span> <span class='ocrx_word' id='word_1_718' title='bbox 2117 2218 2229 2273; x_wconf 90' lang='lat' dir='ltr'><strong>lloc</strong></span> <span class='ocrx_word' id='word_1_719' title='bbox 2273 2227 2357 2273; x_wconf 90' lang='lat' dir='ltr'><strong>est</strong></span> <span class='ocrx_word' id='word_1_720' title='bbox 2405 2218 2565 2288; x_wconf 83' lang='lat' dir='ltr'><strong>igitur</strong></span> <span class='ocrx_word' id='word_1_721' title='bbox 2605 2216 2749 2288; x_wconf 89' lang='lat' dir='ltr'><strong>quod</strong></span> <span class='ocrx_word' id='word_1_722' title='bbox 2792 2217 2869 2274; x_wconf 90' lang='lat' dir='ltr'><strong>ait</strong></span> <span class='ocrx_word' id='word_1_723' title='bbox 2918 2230 3068 2271; x_wconf 91' lang='lat' dir='ltr'><strong>meus</strong></span> <span class='ocrx_word' id='word_1_724' title='bbox 3097 2215 3285 2270; x_wconf 91' lang='lat' dir='ltr'><strong>doctor</strong></span> <span class='ocrx_word' id='word_1_725' title='bbox 3327 2225 3554 2286; x_wconf 86' lang='lat' dir='ltr'><strong>tuusque</strong></span> 
     </span>
    </p>
   </div>
   <div class='ocr_carea' id='block_1_85' title="bbox 1962 2306 3557 2379">
    <p class='ocr_par' dir='ltr' id='par_1_85' title="bbox 1962 2306 3557 2379">
     <span class='ocr_line' id='line_1_86' title="bbox 1962 2306 3557 2379; baseline -0.003 -15"><span class='ocrx_word' id='word_1_726' title='bbox 1962 2310 2265 2365; x_wconf 88' lang='lat' dir='ltr'><strong>destructor</strong></span> <span class='ocrx_word' id='word_1_727' title='bbox 2287 2310 2604 2364; x_wconf 81' lang='lat' dir='ltr'><strong>Ambrosius</strong></span> <span class='ocrx_word' id='word_1_728' title='bbox 2627 2327 2642 2364; x_wconf 92' lang='lat'><strong>:</strong></span> <span class='ocrx_word' id='word_1_729' title='bbox 2667 2308 2749 2363; x_wconf 77' lang='lat' dir='ltr'><strong>Ea:</strong></span> <span class='ocrx_word' id='word_1_730' title='bbox 2788 2309 2930 2362; x_wconf 75' lang='lat' dir='ltr'><strong>bonis</strong></span> <span class='ocrx_word' id='word_1_731' title='bbox 2956 2308 3113 2379; x_wconf 81' lang='lat' dir='ltr'><strong>igitur</strong></span> <span class='ocrx_word' id='word_1_732' title='bbox 3135 2306 3275 2361; x_wconf 84' lang='lat' dir='ltr'><strong>mala</strong></span> <span class='ocrx_word' id='word_1_733' title='bbox 3303 2316 3414 2361; x_wconf 86' lang='lat' dir='ltr'><strong>orta</strong></span> <span class='ocrx_word' id='word_1_734' title='bbox 3438 2316 3557 2360; x_wconf 76' lang='lat' dir='ltr'><strong>sunt</strong></span> 
     </span>
    </p>
   </div>
   <div class='ocr_carea' id='block_1_86' title="bbox 1964 2393 3556 2469">
    <p class='ocr_par' dir='ltr' id='par_1_86' title="bbox 1964 2393 3556 2469">
     <span class='ocr_line' id='line_1_87' title="bbox 1964 2393 3556 2469; baseline -0.002 -17"><span class='ocrx_word' id='word_1_735' title='bbox 1964 2399 2104 2469; x_wconf 81' lang='lat' dir='ltr'><strong>(Lib.</strong></span> <span class='ocrx_word' id='word_1_736' title='bbox 2135 2400 2199 2454; x_wconf 87' lang='lat' dir='ltr'><strong>de</strong></span> <span class='ocrx_word' id='word_1_737' title='bbox 2227 2398 2382 2454; x_wconf 78' lang='lat' dir='ltr'><strong>Isaac</strong></span> <span class='ocrx_word' id='word_1_738' title='bbox 2405 2409 2452 2454; x_wconf 81' lang='lat' dir='ltr'><strong>et</strong></span> <span class='ocrx_word' id='word_1_739' title='bbox 2480 2400 2695 2466; x_wconf 80' lang='lat' dir='ltr'><strong>Anima,</strong></span> <span class='ocrx_word' id='word_1_740' title='bbox 2715 2393 2839 2468; x_wconf 69' lang='lat' dir='ltr'><strong>cap.</strong></span> <span class='ocrx_word' id='word_1_741' title='bbox 2869 2398 2945 2469; x_wconf 87' lang='lat'><strong>7).</strong></span> <span class='ocrx_word' id='word_1_742' title='bbox 2983 2397 3136 2465; x_wconf 91' lang='lat' dir='ltr'><strong>Quod</strong></span> <span class='ocrx_word' id='word_1_743' title='bbox 3180 2406 3236 2452; x_wconf 90' lang='lat' dir='ltr'><strong>tu</strong></span> <span class='ocrx_word' id='word_1_744' title='bbox 3273 2396 3516 2468; x_wconf 84' lang='lat' dir='ltr'><strong>negando</strong></span> <span class='ocrx_word' id='word_1_745' title='bbox 3540 2439 3556 2462; x_wconf 90' lang='lat'><strong>,</strong></span> 
     </span>
    </p>
   </div>
   <div class='ocr_carea' id='block_1_87' title="bbox 1963 2486 3559 2557">
    <p class='ocr_par' dir='ltr' id='par_1_87' title="bbox 1963 2486 3559 2557">
     <span class='ocr_line' id='line_1_88' title="bbox 1963 2486 3559 2557; baseline -0.004 -12"><span class='ocrx_word' id='word_1_746' title='bbox 1963 2500 2018 2545; x_wconf 89' lang='lat' dir='ltr'><strong>et</strong></span> <span class='ocrx_word' id='word_1_747' title='bbox 2043 2490 2291 2557; x_wconf 87' lang='lat' dir='ltr'><strong>dicendo,</strong></span> <span class='ocrx_word' id='word_1_748' title='bbox 2325 2490 2512 2545; x_wconf 84' lang='lat' dir='ltr'><strong>Rerum</strong></span> <span class='ocrx_word' id='word_1_749' title='bbox 2532 2490 2662 2544; x_wconf 85' lang='lat' dir='ltr'><strong>ratio</strong></span> <span class='ocrx_word' id='word_1_750' title='bbox 2688 2504 2789 2543; x_wconf 88' lang='lat' dir='ltr'><strong>non</strong></span> <span class='ocrx_word' id='word_1_751' title='bbox 2815 2489 2973 2555; x_wconf 76' lang='lat' dir='ltr'><strong>sinit,</strong></span> <span class='ocrx_word' id='word_1_752' title='bbox 2999 2497 3053 2542; x_wconf 87' lang='lat' dir='ltr'><strong>ut</strong></span> <span class='ocrx_word' id='word_1_753' title='bbox 3080 2488 3143 2541; x_wconf 84' lang='lat' dir='ltr'><strong>de</strong></span> <span class='ocrx_word' id='word_1_754' title='bbox 3173 2487 3302 2542; x_wconf 84' lang='lat' dir='ltr'><strong>bono</strong></span> <span class='ocrx_word' id='word_1_755' title='bbox 3329 2486 3522 2540; x_wconf 86' lang='lat' dir='ltr'><strong>malum</strong></span> <span class='ocrx_word' id='word_1_756' title='bbox 3540 2527 3559 2553; x_wconf 89' lang='lat'><strong>,</strong></span> 
     </span>
    </p>
   </div>
   <div class='ocr_carea' id='block_1_88' title="bbox 1963 2577 3563 2651">
    <p class='ocr_par' dir='ltr' id='par_1_88' title="bbox 1963 2577 3563 2651">
     <span class='ocr_line' id='line_1_89' title="bbox 1963 2577 3563 2651; baseline -0.003 -15"><span class='ocrx_word' id='word_1_757' title='bbox 1963 2590 2010 2636; x_wconf 83' lang='lat' dir='ltr'><strong>et</strong></span> <span class='ocrx_word' id='word_1_758' title='bbox 2036 2580 2251 2651; x_wconf 73' lang='lat' dir='ltr'><strong>dcjuato</strong></span> <span class='ocrx_word' id='word_1_759' title='bbox 2275 2582 2521 2649; x_wconf 70' lang='lat' dir='ltr'><strong>injustam</strong></span> <span class='ocrx_word' id='word_1_760' title='bbox 2545 2579 2739 2651; x_wconf 83' lang='lat' dir='ltr'><strong>aliquid</strong></span> <span class='ocrx_word' id='word_1_761' title='bbox 2763 2583 3086 2650; x_wconf 81' lang='lat' dir='ltr'><strong>proferatur;</strong></span> <span class='ocrx_word' id='word_1_762' title='bbox 3112 2587 3316 2632; x_wconf 90' lang='lat' dir='ltr'><strong>tantum</strong></span> <span class='ocrx_word' id='word_1_763' title='bbox 3340 2577 3563 2647; x_wconf 82' lang='lat' dir='ltr'><strong>adjuvas</strong></span> 
     </span>
    </p>
   </div>
   <div class='ocr_carea' id='block_1_89' title="bbox 1964 2668 3561 2738">
    <p class='ocr_par' dir='ltr' id='par_1_89' title="bbox 1964 2668 3561 2738">
     <span class='ocr_line' id='line_1_90' title="bbox 1964 2668 3561 2738; baseline -0.003 -12"><span class='ocrx_word' id='word_1_764' title='bbox 1964 2670 2286 2727; x_wconf 71' lang='lat' dir='ltr'><strong>Mutiehmos</strong></span> <span class='ocrx_word' id='word_1_765' title='bbox 2313 2671 2380 2726; x_wconf 91' lang='lat' dir='ltr'><strong>ad</strong></span> <span class='ocrx_word' id='word_1_766' title='bbox 2417 2669 2857 2727; x_wconf 90' lang='lat' dir='ltr'><strong>iutroducendam</strong></span> <span class='ocrx_word' id='word_1_767' title='bbox 2887 2680 3133 2724; x_wconf 89' lang='lat' dir='ltr'><strong>naturam</strong></span> <span class='ocrx_word' id='word_1_768' title='bbox 3167 2669 3328 2735; x_wconf 89' lang='lat' dir='ltr'><strong>mali,</strong></span> <span class='ocrx_word' id='word_1_769' title='bbox 3365 2668 3433 2723; x_wconf 91' lang='lat' dir='ltr'><strong>de</strong></span> <span class='ocrx_word' id='word_1_770' title='bbox 3457 2683 3561 2738; x_wconf 89' lang='lat' dir='ltr'><strong>qua</strong></span> 
     </span>
    </p>
   </div>
   <div class='ocr_carea' id='block_1_90' title="bbox 1965 2760 3565 2831">
    <p class='ocr_par' dir='ltr' id='par_1_90' title="bbox 1965 2760 3565 2831">
     <span class='ocr_line' id='line_1_91' title="bbox 1965 2760 3565 2831; baseline -0.003 -14"><span class='ocrx_word' id='word_1_771' title='bbox 1965 2762 2147 2818; x_wconf 89' lang='lat' dir='ltr'><strong>dicunt</strong></span> <span class='ocrx_word' id='word_1_772' title='bbox 2173 2762 2302 2819; x_wconf 91' lang='lat' dir='ltr'><strong>oriri</strong></span> <span class='ocrx_word' id='word_1_773' title='bbox 2329 2762 2466 2817; x_wconf 90' lang='lat' dir='ltr'><strong>mala</strong></span> <span class='ocrx_word' id='word_1_774' title='bbox 2486 2802 2502 2827; x_wconf 96' lang='lat'><strong>,</strong></span> <span class='ocrx_word' id='word_1_775' title='bbox 2527 2772 2584 2817; x_wconf 93' lang='lat' dir='ltr'><strong>ut</strong></span> <span class='ocrx_word' id='word_1_776' title='bbox 2614 2771 2665 2817; x_wconf 89' lang='lat' dir='ltr'><strong>te</strong></span> <span class='ocrx_word' id='word_1_777' title='bbox 2699 2772 2981 2831; x_wconf 90' lang='lat' dir='ltr'><strong>patronum</strong></span> <span class='ocrx_word' id='word_1_778' title='bbox 3010 2760 3092 2816; x_wconf 89' lang='lat' dir='ltr'><strong>sui</strong></span> <span class='ocrx_word' id='word_1_779' title='bbox 3116 2760 3448 2831; x_wconf 89' lang='lat' dir='ltr'><strong>gratulentur</strong></span> <span class='ocrx_word' id='word_1_780' title='bbox 3471 2774 3565 2815; x_wconf 78' lang='lat' dir='ltr'><strong>er-</strong></span> 
     </span>
    </p>
   </div>
   <div class='ocr_carea' id='block_1_91' title="bbox 1966 2849 3565 2922">
    <p class='ocr_par' dir='ltr' id='par_1_91' title="bbox 1966 2849 3565 2922">
     <span class='ocr_line' id='line_1_92' title="bbox 1966 2849 3565 2922; baseline -0.003 -13"><span class='ocrx_word' id='word_1_781' title='bbox 1966 2854 2107 2910; x_wconf 87' lang='lat' dir='ltr'><strong>roris</strong></span> <span class='ocrx_word' id='word_1_782' title='bbox 2128 2895 2144 2920; x_wconf 94' lang='lat'><strong>,</strong></span> <span class='ocrx_word' id='word_1_783' title='bbox 2177 2854 2279 2909; x_wconf 89' lang='lat' dir='ltr'><strong>nisi</strong></span> <span class='ocrx_word' id='word_1_784' title='bbox 2319 2868 2441 2908; x_wconf 91' lang='lat' dir='ltr'><strong>cum</strong></span> <span class='ocrx_word' id='word_1_785' title='bbox 2473 2854 2553 2909; x_wconf 92' lang='lat' dir='ltr'><strong>eis</strong></span> <span class='ocrx_word' id='word_1_786' title='bbox 2581 2861 2637 2909; x_wconf 91' lang='lat' dir='ltr'><strong>et</strong></span> <span class='ocrx_word' id='word_1_787' title='bbox 2679 2854 2792 2922; x_wconf 90' lang='lat' dir='ltr'><strong>ipse</strong></span> <span class='ocrx_word' id='word_1_788' title='bbox 2815 2852 3068 2908; x_wconf 74' lang='lat' dir='ltr'><strong>vinceris.</strong></span> <span class='ocrx_word' id='word_1_789' title='bbox 3092 2851 3179 2905; x_wconf 84' lang='lat' dir='ltr'><strong>-Tu</strong></span> <span class='ocrx_word' id='word_1_790' title='bbox 3218 2866 3277 2906; x_wconf 89' lang='lat' dir='ltr'><strong>es</strong></span> <span class='ocrx_word' id='word_1_791' title='bbox 3300 2850 3442 2906; x_wconf 89' lang='lat' dir='ltr'><strong>enim</strong></span> <span class='ocrx_word' id='word_1_792' title='bbox 3472 2849 3565 2921; x_wconf 90' lang='lat' dir='ltr'><strong>qui</strong></span> 
     </span>
    </p>
   </div>
   <div class='ocr_carea' id='block_1_92' title="bbox 1968 2942 3565 3015">
    <p class='ocr_par' dir='ltr' id='par_1_92' title="bbox 1968 2942 3565 3015">
     <span class='ocr_line' id='line_1_93' title="bbox 1968 2942 3565 3015; baseline -0.001 -15"><span class='ocrx_word' id='word_1_793' title='bbox 1968 2946 2197 3000; x_wconf 83' lang='lat' dir='ltr'><strong>mirabili</strong></span> <span class='ocrx_word' id='word_1_794' title='bbox 2227 2945 2562 3015; x_wconf 88' lang='lat' dir='ltr'><strong>eloquentia,</strong></span> <span class='ocrx_word' id='word_1_795' title='bbox 2596 2945 2680 3000; x_wconf 88' lang='lat' dir='ltr'><strong>vel</strong></span> <span class='ocrx_word' id='word_1_796' title='bbox 2726 2944 2901 3015; x_wconf 90' lang='lat' dir='ltr'><strong>potius</strong></span> <span class='ocrx_word' id='word_1_797' title='bbox 2942 2944 3174 2999; x_wconf 87' lang='lat' dir='ltr'><strong>amentia</strong></span> <span class='ocrx_word' id='word_1_798' title='bbox 3213 2943 3291 2998; x_wconf 91' lang='lat' dir='ltr'><strong>sic</strong></span> <span class='ocrx_word' id='word_1_799' title='bbox 3319 2942 3565 2998; x_wconf 80' lang='lat' dir='ltr'><strong>defendis</strong></span> 
     </span>
    </p>
   </div>
   <div class='ocr_carea' id='block_1_93' title="bbox 1968 3034 3562 3105">
    <p class='ocr_par' dir='ltr' id='par_1_93' title="bbox 1968 3034 3562 3105">
     <span class='ocr_line' id='line_1_94' title="bbox 1968 3034 3562 3105; baseline 0.001 -16"><span class='ocrx_word' id='word_1_800' title='bbox 1968 3036 2248 3105; x_wconf 89' lang='lat' dir='ltr'><strong>parvulos,</strong></span> <span class='ocrx_word' id='word_1_801' title='bbox 2271 3044 2383 3089; x_wconf 91' lang='lat' dir='ltr'><strong>uta</strong></span> <span class='ocrx_word' id='word_1_802' title='bbox 2421 3035 2697 3091; x_wconf 88' lang='lat' dir='ltr'><strong>Salvatore</strong></span> <span class='ocrx_word' id='word_1_803' title='bbox 2720 3049 2971 3105; x_wconf 88' lang='lat' dir='ltr'><strong>separes;</strong></span> <span class='ocrx_word' id='word_1_804' title='bbox 3017 3035 3096 3089; x_wconf 90' lang='lat' dir='ltr'><strong>sic</strong></span> <span class='ocrx_word' id='word_1_805' title='bbox 3136 3049 3411 3105; x_wconf 89' lang='lat' dir='ltr'><strong>oppugnas</strong></span> <span class='ocrx_word' id='word_1_806' title='bbox 3448 3034 3562 3090; x_wconf 81' lang='lat' dir='ltr'><strong>Ma-</strong></span> 
     </span>
    </p>
   </div>
   <div class='ocr_carea' id='block_1_94' title="bbox 1970 3127 3175 3195">
    <p class='ocr_par' dir='ltr' id='par_1_94' title="bbox 1970 3127 3175 3195">
     <span class='ocr_line' id='line_1_95' title="bbox 1970 3127 3175 3195; baseline -0.002 -12"><span class='ocrx_word' id='word_1_807' title='bbox 1970 3128 2227 3195; x_wconf 65' lang='lat' dir='ltr'><strong>nichaeos,</strong></span> <span class='ocrx_word' id='word_1_808' title='bbox 2256 3136 2315 3183; x_wconf 89' lang='lat' dir='ltr'><strong>ut</strong></span> <span class='ocrx_word' id='word_1_809' title='bbox 2338 3138 2523 3184; x_wconf 86' lang='lat' dir='ltr'><strong>contra</strong></span> <span class='ocrx_word' id='word_1_810' title='bbox 2550 3127 2883 3184; x_wconf 67' lang='lat' dir='ltr'><strong>Salvatorem</strong></span> <span class='ocrx_word' id='word_1_811' title='bbox 2910 3129 3175 3184; x_wconf 90' lang='lat' dir='ltr'><strong>subleves.</strong></span> 
     </span>
    </p>
   </div>
   <div class='ocr_carea' id='block_1_95' title="bbox 2041 3217 3563 3297">
    <p class='ocr_par' dir='ltr' id='par_1_95' title="bbox 2041 3217 3563 3297">
     <span class='ocr_line' id='line_1_96' title="bbox 2041 3217 3563 3297; baseline -0.001 -22"><span class='ocrx_word' id='word_1_812' title='bbox 2041 3218 2202 3275; x_wconf 74' lang='lat' dir='ltr'><strong>XLII.</strong></span> <span class='ocrx_word' id='word_1_813' title='bbox 2230 3217 2349 3275; x_wconf 65' lang='lat' dir='ltr'><strong>Jun.</strong></span> <span class='ocrx_word' id='word_1_814' title='bbox 2372 3218 2507 3297; x_wconf 80' lang='lat' dir='ltr'><strong>cum</strong></span> <span class='ocrx_word' id='word_1_815' title='bbox 2556 3234 2682 3290; x_wconf 88' lang='lat' dir='ltr'><strong>ergo</strong></span> <span class='ocrx_word' id='word_1_816' title='bbox 2719 3219 2859 3275; x_wconf 85' lang='lat' dir='ltr'><strong>bene</strong></span> <span class='ocrx_word' id='word_1_817' title='bbox 2898 3219 3114 3274; x_wconf 87' lang='lat' dir='ltr'><strong>detinita</strong></span> <span class='ocrx_word' id='word_1_818' title='bbox 3161 3219 3231 3273; x_wconf 91' lang='lat' dir='ltr'><strong>sit</strong></span> <span class='ocrx_word' id='word_1_819' title='bbox 3278 3219 3520 3274; x_wconf 88' lang='lat' dir='ltr'><strong>voluntas</strong></span> <span class='ocrx_word' id='word_1_820' title='bbox 3546 3262 3563 3287; x_wconf 94' lang='lat'><strong>,</strong></span> 
     </span>
    </p>
   </div>
   <div class='ocr_carea' id='block_1_96' title="bbox 1970 3307 3566 3380">
    <p class='ocr_par' dir='ltr' id='par_1_96' title="bbox 1970 3307 3566 3380">
     <span class='ocr_line' id='line_1_97' title="bbox 1970 3307 3566 3380; baseline 0 -16"><span class='ocrx_word' id='word_1_821' title='bbox 1970 3308 2146 3366; x_wconf 81' lang='lat' dir='ltr'><strong>Motus</strong></span> <span class='ocrx_word' id='word_1_822' title='bbox 2184 3309 2382 3374; x_wconf 88' lang='lat' dir='ltr'><strong>animi,</strong></span> <span class='ocrx_word' id='word_1_823' title='bbox 2429 3319 2654 3379; x_wconf 87' lang='lat' dir='ltr'><strong>cogente</strong></span> <span class='ocrx_word' id='word_1_824' title='bbox 2684 3309 2850 3375; x_wconf 90' lang='lat' dir='ltr'><strong>nullo;</strong></span> <span class='ocrx_word' id='word_1_825' title='bbox 2899 3307 3026 3380; x_wconf 90' lang='lat' dir='ltr'><strong>quid</strong></span> <span class='ocrx_word' id='word_1_826' title='bbox 3075 3309 3271 3379; x_wconf 82' lang='lat' dir='ltr'><strong>quaeris</strong></span> <span class='ocrx_word' id='word_1_827' title='bbox 3318 3311 3566 3379; x_wconf 87' lang='lat' dir='ltr'><strong>superius</strong></span> 
     </span>
    </p>
   </div>
   <div class='ocr_carea' id='block_1_97' title="bbox 1970 3400 3566 3471">
    <p class='ocr_par' dir='ltr' id='par_1_97' title="bbox 1970 3400 3566 3471">
     <span class='ocr_line' id='line_1_98' title="bbox 1970 3400 3566 3471; baseline 0 -15"><span class='ocrx_word' id='word_1_828' title='bbox 1970 3415 2161 3456; x_wconf 84' lang='lat' dir='ltr'><strong>causas</strong></span> <span class='ocrx_word' id='word_1_829' title='bbox 2182 3443 2196 3465; x_wconf 90' lang='lat'><strong>,</strong></span> <span class='ocrx_word' id='word_1_830' title='bbox 2219 3416 2353 3470; x_wconf 89' lang='lat' dir='ltr'><strong>quas</strong></span> <span class='ocrx_word' id='word_1_831' title='bbox 2378 3400 2617 3456; x_wconf 90' lang='lat' dir='ltr'><strong>deﬁnitio</strong></span> <span class='ocrx_word' id='word_1_832' title='bbox 2644 3401 2937 3457; x_wconf 81' lang='lat' dir='ltr'><strong>voluntatis</strong></span> <span class='ocrx_word' id='word_1_833' title='bbox 2963 3402 3226 3455; x_wconf 79' lang='lat' dir='ltr'><strong>exclusit?</strong></span> <span class='ocrx_word' id='word_1_834' title='bbox 3268 3401 3566 3471; x_wconf 81' lang='lat' dir='ltr'><strong>Expendite</strong></span> 
     </span>
    </p>
   </div>
   <div class='ocr_carea' id='block_1_98' title="bbox 1972 3492 3566 3563">
    <p class='ocr_par' dir='ltr' id='par_1_98' title="bbox 1972 3492 3566 3563">
     <span class='ocr_line' id='line_1_99' title="bbox 1972 3492 3566 3563; baseline 0.001 -16"><span class='ocrx_word' id='word_1_835' title='bbox 1972 3493 2132 3563; x_wconf 89' lang='lat' dir='ltr'><strong>igitur</strong></span> <span class='ocrx_word' id='word_1_836' title='bbox 2154 3492 2279 3563; x_wconf 91' lang='lat' dir='ltr'><strong>quid</strong></span> <span class='ocrx_word' id='word_1_837' title='bbox 2308 3493 2378 3547; x_wconf 90' lang='lat' dir='ltr'><strong>sit</strong></span> <span class='ocrx_word' id='word_1_838' title='bbox 2420 3492 2667 3549; x_wconf 88' lang='lat' dir='ltr'><strong>voluntas</strong></span> <span class='ocrx_word' id='word_1_839' title='bbox 2689 3533 2705 3557; x_wconf 91' lang='lat'><strong>,</strong></span> <span class='ocrx_word' id='word_1_840' title='bbox 2736 3502 2791 3547; x_wconf 90' lang='lat' dir='ltr'><strong>et</strong></span> <span class='ocrx_word' id='word_1_841' title='bbox 2830 3493 3084 3548; x_wconf 89' lang='lat' dir='ltr'><strong>desinetis</strong></span> <span class='ocrx_word' id='word_1_842' title='bbox 3104 3493 3385 3563; x_wconf 85' lang='lat' dir='ltr'><strong>inquirere</strong></span> <span class='ocrx_word' id='word_1_843' title='bbox 3424 3495 3566 3549; x_wconf 87' lang='lat' dir='ltr'><strong>unde</strong></span> 
     </span>
    </p>
   </div>
   <div class='ocr_carea' id='block_1_99' title="bbox 1971 3584 3567 3657">
    <p class='ocr_par' dir='ltr' id='par_1_99' title="bbox 1971 3584 3567 3657">
     <span class='ocr_line' id='line_1_100' title="bbox 1971 3584 3567 3657; baseline 0.001 -18"><span class='ocrx_word' id='word_1_844' title='bbox 1971 3585 2043 3639; x_wconf 92' lang='lat' dir='ltr'><strong>sit</strong></span> <span class='ocrx_word' id='word_1_845' title='bbox 2072 3584 2337 3639; x_wconf 89' lang='lat' dir='ltr'><strong>voluntas.</strong></span> <span class='ocrx_word' id='word_1_846' title='bbox 2374 3584 2630 3640; x_wconf 91' lang='lat' dir='ltr'><strong>Voluntas</strong></span> <span class='ocrx_word' id='word_1_847' title='bbox 2655 3592 2740 3641; x_wconf 92' lang='lat' dir='ltr'><strong>est</strong></span> <span class='ocrx_word' id='word_1_848' title='bbox 2762 3585 2904 3641; x_wconf 88' lang='lat' dir='ltr'><strong>enim</strong></span> <span class='ocrx_word' id='word_1_849' title='bbox 2930 3594 3103 3639; x_wconf 88' lang='lat' dir='ltr'><strong>motus</strong></span> <span class='ocrx_word' id='word_1_850' title='bbox 3127 3586 3313 3651; x_wconf 89' lang='lat' dir='ltr'><strong>animi,</strong></span> <span class='ocrx_word' id='word_1_851' title='bbox 3340 3597 3567 3657; x_wconf 88' lang='lat' dir='ltr'><strong>cogente</strong></span> 
     </span>
    </p>
   </div>
   <div class='ocr_carea' id='block_1_100' title="bbox 1974 3677 3570 3747">
    <p class='ocr_par' dir='ltr' id='par_1_100' title="bbox 1974 3677 3570 3747">
     <span class='ocr_line' id='line_1_101' title="bbox 1974 3677 3570 3747; baseline 0 -15"><span class='ocrx_word' id='word_1_852' title='bbox 1974 3677 2119 3732; x_wconf 89' lang='lat' dir='ltr'><strong>nullo</strong></span> <span class='ocrx_word' id='word_1_853' title='bbox 2145 3695 2159 3730; x_wconf 91' lang='lat'><strong>:</strong></span> <span class='ocrx_word' id='word_1_854' title='bbox 2190 3693 2284 3732; x_wconf 91' lang='lat' dir='ltr'><strong>vos</strong></span> <span class='ocrx_word' id='word_1_855' title='bbox 2313 3677 2356 3732; x_wconf 92' lang='lat' dir='ltr'><strong>si</strong></span> <span class='ocrx_word' id='word_1_856' title='bbox 2386 3678 2602 3733; x_wconf 88' lang='lat' dir='ltr'><strong>tentetis</strong></span> <span class='ocrx_word' id='word_1_857' title='bbox 2629 3677 2951 3733; x_wconf 85' lang='lat' dir='ltr'><strong>ire&#39;dimidio</strong></span> <span class='ocrx_word' id='word_1_858' title='bbox 2968 3693 3149 3747; x_wconf 76' lang='lat' dir='ltr'><strong>ungue</strong></span> <span class='ocrx_word' id='word_1_859' title='bbox 3170 3680 3437 3747; x_wconf 72' lang='lat' dir='ltr'><strong>superius,</strong></span> <span class='ocrx_word' id='word_1_860' title='bbox 3461 3690 3570 3733; x_wconf 85' lang='lat' dir='ltr'><strong>sta-</strong></span> 
     </span>
    </p>
   </div>
   <div class='ocr_carea' id='block_1_101' title="bbox 1974 3768 3570 3839">
    <p class='ocr_par' dir='ltr' id='par_1_101' title="bbox 1974 3768 3570 3839">
     <span class='ocr_line' id='line_1_102' title="bbox 1974 3768 3570 3839; baseline 0 -16"><span class='ocrx_word' id='word_1_861' title='bbox 1974 3770 2068 3824; x_wconf 90' lang='lat' dir='ltr'><strong>tim</strong></span> <span class='ocrx_word' id='word_1_862' title='bbox 2090 3770 2375 3825; x_wconf 84' lang='lat' dir='ltr'><strong>constituta</strong></span> <span class='ocrx_word' id='word_1_863' title='bbox 2402 3769 2722 3825; x_wconf 89' lang='lat' dir='ltr'><strong>convellitis.</strong></span> <span class='ocrx_word' id='word_1_864' title='bbox 2744 3769 2889 3837; x_wconf 65' lang='lat' dir='ltr'><strong>Quid,</strong></span> <span class='ocrx_word' id='word_1_865' title='bbox 2902 3784 3027 3839; x_wconf 89' lang='lat' dir='ltr'><strong>ergo</strong></span> <span class='ocrx_word' id='word_1_866' title='bbox 3047 3768 3175 3824; x_wconf 87' lang='lat' dir='ltr'><strong>dicit</strong></span> <span class='ocrx_word' id='word_1_867' title='bbox 3200 3768 3525 3825; x_wconf 72' lang='lat' dir='ltr'><strong>Maniclneus</strong></span> <span class='ocrx_word' id='word_1_868' title='bbox 3544 3771 3570 3823; x_wconf 81' lang='lat'><strong>?</strong></span> 
     </span>
    </p>
   </div>
   <div class='ocr_carea' id='block_1_102' title="bbox 1975 3861 3566 3931">
    <p class='ocr_par' dir='ltr' id='par_1_102' title="bbox 1975 3861 3566 3931">
     <span class='ocr_line' id='line_1_103' title="bbox 1975 3861 3566 3931; baseline 0.001 -14"><span class='ocrx_word' id='word_1_869' title='bbox 1975 3861 2083 3917; x_wconf 90' lang='lat' dir='ltr'><strong>Sed</strong></span> <span class='ocrx_word' id='word_1_870' title='bbox 2114 3863 2214 3918; x_wconf 88' lang='lat' dir='ltr'><strong>iste</strong></span> <span class='ocrx_word' id='word_1_871' title='bbox 2238 3870 2413 3916; x_wconf 90' lang='lat' dir='ltr'><strong>motus</strong></span> <span class='ocrx_word' id='word_1_872' title='bbox 2438 3861 2561 3917; x_wconf 82' lang='lat' dir='ltr'><strong>ideo</strong></span> <span class='ocrx_word' id='word_1_873' title='bbox 2589 3870 2812 3917; x_wconf 79' lang='lat' dir='ltr'><strong>exortus</strong></span> <span class='ocrx_word' id='word_1_874' title='bbox 2839 3872 2958 3929; x_wconf 90' lang='grc' dir='ltr'>εει,</span> <span class='ocrx_word' id='word_1_875' title='bbox 2981 3862 3104 3931; x_wconf 87' lang='lat' dir='ltr'><strong>quia</strong></span> <span class='ocrx_word' id='word_1_876' title='bbox 3129 3862 3198 3918; x_wconf 87' lang='lat' dir='ltr'><strong>de</strong></span> <span class='ocrx_word' id='word_1_877' title='bbox 3224 3863 3566 3919; x_wconf 75' lang='lat' dir='ltr'><strong>tenebrarum</strong></span> 
     </span>
    </p>
   </div>
   <div class='ocr_carea' id='block_1_103' title="bbox 1976 3952 3570 4024">
    <p class='ocr_par' dir='ltr' id='par_1_103' title="bbox 1976 3952 3570 4024">
     <span class='ocr_line' id='line_1_104' title="bbox 1976 3952 3570 4024; baseline 0.001 -17"><span class='ocrx_word' id='word_1_878' title='bbox 1976 3963 2163 4008; x_wconf 90' lang='lat' dir='ltr'><strong>natura</strong></span> <span class='ocrx_word' id='word_1_879' title='bbox 2191 3952 2353 4008; x_wconf 86' lang='lat' dir='ltr'><strong>homo</strong></span> <span class='ocrx_word' id='word_1_880' title='bbox 2379 3952 2549 4008; x_wconf 84' lang='lat' dir='ltr'><strong>lactus</strong></span> <span class='ocrx_word' id='word_1_881' title='bbox 2572 3961 2672 4009; x_wconf 88' lang='lat' dir='ltr'><strong>est.</strong></span> <span class='ocrx_word' id='word_1_882' title='bbox 2702 3952 2839 4021; x_wconf 88' lang='lat' dir='ltr'><strong>Quid</strong></span> <span class='ocrx_word' id='word_1_883' title='bbox 2866 3953 2953 4008; x_wconf 83' lang='lat' dir='ltr'><strong>tu?</strong></span> <span class='ocrx_word' id='word_1_884' title='bbox 2979 3954 3099 4024; x_wconf 87' lang='lat' dir='ltr'><strong>quia</strong></span> <span class='ocrx_word' id='word_1_885' title='bbox 3121 3994 3137 4020; x_wconf 92' lang='lat'><strong>,</strong></span> <span class='ocrx_word' id='word_1_886' title='bbox 3164 3954 3358 4023; x_wconf 77' lang='lat' dir='ltr'><strong>inquis,</strong></span> <span class='ocrx_word' id='word_1_887' title='bbox 3391 3953 3459 4009; x_wconf 92' lang='lat' dir='ltr'><strong>de</strong></span> <span class='ocrx_word' id='word_1_888' title='bbox 3483 3956 3570 4010; x_wconf 65' lang='lat' dir='ltr'><strong>nia</strong></span> 
     </span>
    </p>
   </div>
   <div class='ocr_carea' id='block_1_104' title="bbox 1976 4044 3570 4115">
    <p class='ocr_par' dir='ltr' id='par_1_104' title="bbox 1976 4044 3570 4115">
     <span class='ocr_line' id='line_1_105' title="bbox 1976 4044 3570 4115; baseline 0.002 -15"><span class='ocrx_word' id='word_1_889' title='bbox 1976 4044 2088 4100; x_wconf 90' lang='lat' dir='ltr'><strong>hilo</strong></span> <span class='ocrx_word' id='word_1_890' title='bbox 2113 4044 2283 4100; x_wconf 82' lang='lat' dir='ltr'><strong>laetus</strong></span> <span class='ocrx_word' id='word_1_891' title='bbox 2310 4054 2395 4101; x_wconf 88' lang='lat' dir='ltr'><strong>est</strong></span> <span class='ocrx_word' id='word_1_892' title='bbox 2421 4044 2601 4099; x_wconf 87' lang='lat' dir='ltr'><strong>homo.</strong></span> <span class='ocrx_word' id='word_1_893' title='bbox 2649 4044 2795 4102; x_wconf 87' lang='lat' dir='ltr'><strong>Unus</strong></span> <span class='ocrx_word' id='word_1_894' title='bbox 2819 4060 2946 4115; x_wconf 88' lang='lat' dir='ltr'><strong>ergo</strong></span> <span class='ocrx_word' id='word_1_895' title='bbox 2971 4045 3132 4113; x_wconf 91' lang='lat' dir='ltr'><strong>dicit,</strong></span> <span class='ocrx_word' id='word_1_896' title='bbox 3173 4044 3297 4102; x_wconf 89' lang='lat' dir='ltr'><strong>Ideo</strong></span> <span class='ocrx_word' id='word_1_897' title='bbox 3326 4046 3570 4103; x_wconf 88' lang='lat' dir='ltr'><strong>voluntas</strong></span> 
     </span>
    </p>
   </div>
   <div class='ocr_carea' id='block_1_105' title="bbox 1976 4136 3571 4209">
    <p class='ocr_par' dir='ltr' id='par_1_105' title="bbox 1976 4136 3571 4209">
     <span class='ocr_line' id='line_1_106' title="bbox 1976 4136 3571 4209; baseline 0 -15"><span class='ocrx_word' id='word_1_898' title='bbox 1976 4140 2136 4202; x_wconf 88' lang='lat' dir='ltr'><strong>mala,</strong></span> <span class='ocrx_word' id='word_1_899' title='bbox 2162 4139 2287 4209; x_wconf 89' lang='lat' dir='ltr'><strong>quia</strong></span> <span class='ocrx_word' id='word_1_900' title='bbox 2311 4138 2379 4193; x_wconf 92' lang='lat' dir='ltr'><strong>de</strong></span> <span class='ocrx_word' id='word_1_901' title='bbox 2399 4138 2566 4193; x_wconf 90' lang='lat' dir='ltr'><strong>nihilo</strong></span> <span class='ocrx_word' id='word_1_902' title='bbox 2585 4136 2757 4197; x_wconf 82' lang='lat' dir='ltr'><strong>factus</strong></span> <span class='ocrx_word' id='word_1_903' title='bbox 2777 4147 2860 4193; x_wconf 89' lang='lat' dir='ltr'><strong>est</strong></span> <span class='ocrx_word' id='word_1_904' title='bbox 2885 4138 3049 4193; x_wconf 89' lang='lat' dir='ltr'><strong>homo</strong></span> <span class='ocrx_word' id='word_1_905' title='bbox 3074 4156 3088 4192; x_wconf 89' lang='lat'><strong>:</strong></span> <span class='ocrx_word' id='word_1_906' title='bbox 3121 4138 3258 4193; x_wconf 87' lang='lat' dir='ltr'><strong>alter</strong></span> <span class='ocrx_word' id='word_1_907' title='bbox 3276 4180 3293 4207; x_wconf 94' lang='lat'><strong>,</strong></span> <span class='ocrx_word' id='word_1_908' title='bbox 3328 4138 3450 4195; x_wconf 90' lang='lat' dir='ltr'><strong>Ideo</strong></span> <span class='ocrx_word' id='word_1_909' title='bbox 3474 4155 3571 4194; x_wconf 86' lang='lat' dir='ltr'><strong>vo-</strong></span> 
     </span>
    </p>
   </div>
   <div class='ocr_carea' id='block_1_106' title="bbox 1977 4229 3572 4301">
    <p class='ocr_par' dir='ltr' id='par_1_106' title="bbox 1977 4229 3572 4301">
     <span class='ocr_line' id='line_1_107' title="bbox 1977 4229 3572 4301; baseline 0.002 -16"><span class='ocrx_word' id='word_1_910' title='bbox 1977 4229 2156 4286; x_wconf 87' lang='lat' dir='ltr'><strong>luntas</strong></span> <span class='ocrx_word' id='word_1_911' title='bbox 2197 4230 2335 4285; x_wconf 91' lang='lat' dir='ltr'><strong>mala</strong></span> <span class='ocrx_word' id='word_1_912' title='bbox 2383 4230 2437 4284; x_wconf 91' lang='lat' dir='ltr'><strong>in</strong></span> <span class='ocrx_word' id='word_1_913' title='bbox 2479 4229 2728 4296; x_wconf 91' lang='lat' dir='ltr'><strong>homine,</strong></span> <span class='ocrx_word' id='word_1_914' title='bbox 2759 4231 2878 4301; x_wconf 89' lang='lat' dir='ltr'><strong>quia</strong></span> <span class='ocrx_word' id='word_1_915' title='bbox 2908 4230 2976 4285; x_wconf 91' lang='lat' dir='ltr'><strong>de</strong></span> <span class='ocrx_word' id='word_1_916' title='bbox 3018 4232 3252 4286; x_wconf 88' lang='lat' dir='ltr'><strong>tenebris</strong></span> <span class='ocrx_word' id='word_1_917' title='bbox 3293 4231 3462 4287; x_wconf 84' lang='lat' dir='ltr'><strong>lactus</strong></span> <span class='ocrx_word' id='word_1_918' title='bbox 3486 4242 3572 4288; x_wconf 86' lang='lat' dir='ltr'><strong>est</strong></span> 
     </span>
    </p>
   </div>
   <div class='ocr_carea' id='block_1_107' title="bbox 1978 4321 3573 4393">
    <p class='ocr_par' dir='ltr' id='par_1_107' title="bbox 1978 4321 3573 4393">
     <span class='ocr_line' id='line_1_108' title="bbox 1978 4321 3573 4393; baseline 0.002 -16"><span class='ocrx_word' id='word_1_919' title='bbox 1978 4322 2159 4378; x_wconf 88' lang='lat' dir='ltr'><strong>homo.</strong></span> <span class='ocrx_word' id='word_1_920' title='bbox 2189 4321 2411 4393; x_wconf 88' lang='lat' dir='ltr'><strong>Utrique</strong></span> <span class='ocrx_word' id='word_1_921' title='bbox 2436 4336 2563 4393; x_wconf 86' lang='lat' dir='ltr'><strong>ergo</strong></span> <span class='ocrx_word' id='word_1_922' title='bbox 2601 4321 2730 4376; x_wconf 88' lang='lat' dir='ltr'><strong>illud</strong></span> <span class='ocrx_word' id='word_1_923' title='bbox 2755 4322 3041 4377; x_wconf 88' lang='lat' dir='ltr'><strong>voluntatis</strong></span> <span class='ocrx_word' id='word_1_924' title='bbox 3064 4322 3445 4393; x_wconf 83' lang='lat' dir='ltr'><strong>suppletorium</strong></span> <span class='ocrx_word' id='word_1_925' title='bbox 3475 4323 3573 4380; x_wconf 90' lang='lat' dir='ltr'><strong>de-</strong></span> 
     </span>
    </p>
   </div>
   <div class='ocr_carea' id='block_1_108' title="bbox 1979 4413 3571 4486">
    <p class='ocr_par' dir='ltr' id='par_1_108' title="bbox 1979 4413 3571 4486">
     <span class='ocr_line' id='line_1_109' title="bbox 1979 4413 3571 4486; baseline 0.001 -16"><span class='ocrx_word' id='word_1_926' title='bbox 1979 4414 2217 4486; x_wconf 87' lang='lat' dir='ltr'><strong>negatis,</strong></span> <span class='ocrx_word' id='word_1_927' title='bbox 2252 4414 2304 4469; x_wconf 90' lang='lat' dir='ltr'><strong>id</strong></span> <span class='ocrx_word' id='word_1_928' title='bbox 2330 4424 2432 4482; x_wconf 89' lang='lat' dir='ltr'><strong>est,</strong></span> <span class='ocrx_word' id='word_1_929' title='bbox 2462 4426 2686 4483; x_wconf 79' lang='lat' dir='ltr'><strong>cogente</strong></span> <span class='ocrx_word' id='word_1_930' title='bbox 2709 4414 2875 4469; x_wconf 88' lang='lat' dir='ltr'><strong>nullo.</strong></span> <span class='ocrx_word' id='word_1_931' title='bbox 2905 4413 2959 4470; x_wconf 90' lang='lat' dir='ltr'><strong>Si</strong></span> <span class='ocrx_word' id='word_1_932' title='bbox 2988 4413 3134 4470; x_wconf 91' lang='lat' dir='ltr'><strong>enim</strong></span> <span class='ocrx_word' id='word_1_933' title='bbox 3161 4423 3303 4470; x_wconf 89' lang='lat' dir='ltr'><strong>tanta</strong></span> <span class='ocrx_word' id='word_1_934' title='bbox 3331 4414 3428 4471; x_wconf 83' lang='lat' dir='ltr'><strong>luit</strong></span> <span class='ocrx_word' id='word_1_935' title='bbox 3456 4416 3571 4471; x_wconf 88' lang='lat' dir='ltr'><strong>vir-</strong></span> 
     </span>
    </p>
   </div>
   <div class='ocr_carea' id='block_1_109' title="bbox 1979 4506 3572 4580">
    <p class='ocr_par' dir='ltr' id='par_1_109' title="bbox 1979 4506 3572 4580">
     <span class='ocr_line' id='line_1_110' title="bbox 1979 4506 3572 4580; baseline 0.001 -19"><span class='ocrx_word' id='word_1_936' title='bbox 1979 4514 2065 4562; x_wconf 91' lang='lat' dir='ltr'><strong>tus</strong></span> <span class='ocrx_word' id='word_1_937' title='bbox 2093 4507 2145 4562; x_wconf 93' lang='lat' dir='ltr'><strong>in</strong></span> <span class='ocrx_word' id='word_1_938' title='bbox 2173 4506 2370 4573; x_wconf 84' lang='lat' dir='ltr'><strong>nihilo,</strong></span> <span class='ocrx_word' id='word_1_939' title='bbox 2410 4516 2603 4578; x_wconf 89' lang='lat' dir='ltr'><strong>quanta</strong></span> <span class='ocrx_word' id='word_1_940' title='bbox 2634 4508 2685 4561; x_wconf 92' lang='lat' dir='ltr'><strong>in</strong></span> <span class='ocrx_word' id='word_1_941' title='bbox 2715 4508 2930 4577; x_wconf 89' lang='lat' dir='ltr'><strong>aliquo;</strong></span> <span class='ocrx_word' id='word_1_942' title='bbox 2961 4524 3078 4578; x_wconf 73' lang='lat' dir='ltr'><strong>qua:</strong></span> <span class='ocrx_word' id='word_1_943' title='bbox 3107 4508 3284 4580; x_wconf 85' lang='lat' dir='ltr'><strong>coegit</strong></span> <span class='ocrx_word' id='word_1_944' title='bbox 3310 4509 3448 4565; x_wconf 87' lang='lat' dir='ltr'><strong>hanc</strong></span> <span class='ocrx_word' id='word_1_945' title='bbox 3471 4524 3572 4563; x_wconf 84' lang='lat' dir='ltr'><strong>vo-</strong></span> 
     </span>
    </p>
   </div>
   <div class='ocr_carea' id='block_1_110' title="bbox 1980 4600 3569 4667">
    <p class='ocr_par' dir='ltr' id='par_1_110' title="bbox 1980 4600 3569 4667">
     <span class='ocr_line' id='line_1_111' title="bbox 1980 4600 3569 4667; baseline -0.001 -12"><span class='ocrx_word' id='word_1_946' title='bbox 1980 4601 2237 4656; x_wconf 89' lang='lat' dir='ltr'><strong>luntatem</strong></span> <span class='ocrx_word' id='word_1_947' title='bbox 2267 4600 2500 4656; x_wconf 87' lang='lat' dir='ltr'><strong>existere</strong></span> <span class='ocrx_word' id='word_1_948' title='bbox 2519 4641 2533 4664; x_wconf 95' lang='lat'><strong>,</strong></span> <span class='ocrx_word' id='word_1_949' title='bbox 2560 4601 2789 4657; x_wconf 79' lang='lat' dir='ltr'><strong>exclusit</strong></span> <span class='ocrx_word' id='word_1_950' title='bbox 2806 4602 2874 4656; x_wconf 88' lang='lat' dir='ltr'><strong>ab</strong></span> <span class='ocrx_word' id='word_1_951' title='bbox 2900 4615 2963 4656; x_wconf 90' lang='lat' dir='ltr'><strong>ea</strong></span> <span class='ocrx_word' id='word_1_952' title='bbox 2993 4600 3352 4657; x_wconf 88' lang='lat' dir='ltr'><strong>conditionem</strong></span> <span class='ocrx_word' id='word_1_953' title='bbox 3379 4616 3530 4656; x_wconf 89' lang='lat' dir='ltr'><strong>suam</strong></span> <span class='ocrx_word' id='word_1_954' title='bbox 3553 4644 3569 4667; x_wconf 89' lang='lat'><strong>,</strong></span> 
     </span>
    </p>
   </div>
   <div class='ocr_carea' id='block_1_111' title="bbox 1979 4691 3573 4762">
    <p class='ocr_par' dir='ltr' id='par_1_111' title="bbox 1979 4691 3573 4762">
     <span class='ocr_line' id='line_1_112' title="bbox 1979 4691 3573 4762; baseline 0 -16"><span class='ocrx_word' id='word_1_955' title='bbox 1979 4707 2082 4762; x_wconf 88' lang='lat' dir='ltr'><strong>qua</strong></span> <span class='ocrx_word' id='word_1_956' title='bbox 2107 4692 2307 4747; x_wconf 88' lang='lat' dir='ltr'><strong>dictum</strong></span> <span class='ocrx_word' id='word_1_957' title='bbox 2350 4692 2558 4757; x_wconf 85' lang='lat' dir='ltr'><strong>luerat,</strong></span> <span class='ocrx_word' id='word_1_958' title='bbox 2601 4700 2828 4761; x_wconf 85' lang='lat' dir='ltr'><strong>cogente</strong></span> <span class='ocrx_word' id='word_1_959' title='bbox 2873 4691 3040 4746; x_wconf 87' lang='lat' dir='ltr'><strong>ttnllo.</strong></span> <span class='ocrx_word' id='word_1_960' title='bbox 3085 4691 3190 4747; x_wconf 90' lang='lat' dir='ltr'><strong>Sed</strong></span> <span class='ocrx_word' id='word_1_961' title='bbox 3239 4707 3344 4745; x_wconf 92' lang='lat' dir='ltr'><strong>non</strong></span> <span class='ocrx_word' id='word_1_962' title='bbox 3396 4692 3573 4746; x_wconf 90' lang='lat' dir='ltr'><strong>minus</strong></span> 
     </span>
    </p>
   </div>
   <div class='ocr_carea' id='block_1_112' title="bbox 1980 4775 3569 4854">
    <p class='ocr_par' dir='ltr' id='par_1_112' title="bbox 1980 4775 3569 4854">
     <span class='ocr_line' id='line_1_113' title="bbox 1980 4775 3569 4854; baseline 0 -15"><span class='ocrx_word' id='word_1_963' title='bbox 1980 4783 2105 4839; x_wconf 90' lang='lat' dir='ltr'><strong>mali</strong></span> <span class='ocrx_word' id='word_1_964' title='bbox 2134 4783 2311 4854; x_wconf 88' lang='lat' dir='ltr'><strong>abegit</strong></span> <span class='ocrx_word' id='word_1_965' title='bbox 2337 4782 2644 4846; x_wconf 71' lang='lat' dir='ltr'><strong>infamiam;</strong></span> <span class='ocrx_word' id='word_1_966' title='bbox 2678 4796 2786 4837; x_wconf 91' lang='lat' dir='ltr'><strong>non</strong></span> <span class='ocrx_word' id='word_1_967' title='bbox 2812 4789 2895 4836; x_wconf 91' lang='lat' dir='ltr'><strong>est</strong></span> <span class='ocrx_word' id='word_1_968' title='bbox 2915 4781 3058 4836; x_wconf 91' lang='lat' dir='ltr'><strong>enim</strong></span> <span class='ocrx_word' id='word_1_969' title='bbox 3091 4775 3365 4849; x_wconf 81' lang='lat' dir='ltr'><strong>peceatum</strong></span> <span class='ocrx_word' id='word_1_970' title='bbox 3387 4824 3400 4846; x_wconf 87' lang='lat'><strong>,</strong></span> <span class='ocrx_word' id='word_1_971' title='bbox 3428 4782 3569 4853; x_wconf 85' lang='lat' dir='ltr'><strong>quod</strong></span> 
     </span>
    </p>
   </div>
   <div class='ocr_carea' id='block_1_113' title="bbox 1979 4876 3576 4950">
    <p class='ocr_par' dir='ltr' id='par_1_113' title="bbox 1979 4876 3576 4950">
     <span class='ocr_line' id='line_1_114' title="bbox 1979 4876 3576 4950; baseline 0.003 -17"><span class='ocrx_word' id='word_1_972' title='bbox 1979 4878 2049 4935; x_wconf 89' lang='lat' dir='ltr'><strong>de</strong></span> <span class='ocrx_word' id='word_1_973' title='bbox 2072 4888 2222 4935; x_wconf 90' lang='lat' dir='ltr'><strong>motu</strong></span> <span class='ocrx_word' id='word_1_974' title='bbox 2257 4878 2421 4934; x_wconf 90' lang='lat' dir='ltr'><strong>animi</strong></span> <span class='ocrx_word' id='word_1_975' title='bbox 2458 4877 2630 4934; x_wconf 90' lang='lat' dir='ltr'><strong>libero</strong></span> <span class='ocrx_word' id='word_1_976' title='bbox 2667 4892 2773 4933; x_wconf 93' lang='lat' dir='ltr'><strong>non</strong></span> <span class='ocrx_word' id='word_1_977' title='bbox 2806 4878 2992 4933; x_wconf 87' lang='lat' dir='ltr'><strong>venit:</strong></span> <span class='ocrx_word' id='word_1_978' title='bbox 3029 4876 3383 4950; x_wconf 82' lang='lat' dir='ltr'><strong>eﬁ&#39;ectumqne</strong></span> <span class='ocrx_word' id='word_1_979' title='bbox 3408 4889 3491 4936; x_wconf 91' lang='lat' dir='ltr'><strong>est</strong></span> <span class='ocrx_word' id='word_1_980' title='bbox 3515 4890 3576 4937; x_wconf 91' lang='lat' dir='ltr'><strong>ut</strong></span> 
     </span>
    </p>
   </div>
   <div class='ocr_carea' id='block_1_114' title="bbox 1980 4968 3577 5041">
    <p class='ocr_par' dir='ltr' id='par_1_114' title="bbox 1980 4968 3577 5041">
     <span class='ocr_line' id='line_1_115' title="bbox 1980 4968 3577 5041; baseline 0.003 -16"><span class='ocrx_word' id='word_1_981' title='bbox 1980 4984 2101 5025; x_wconf 89' lang='lat' dir='ltr'><strong>cum</strong></span> <span class='ocrx_word' id='word_1_982' title='bbox 2127 4968 2408 5041; x_wconf 90' lang='lat' dir='ltr'><strong>dispendio</strong></span> <span class='ocrx_word' id='word_1_983' title='bbox 2428 4969 2689 5035; x_wconf 87' lang='lat' dir='ltr'><strong>veritatis,</strong></span> <span class='ocrx_word' id='word_1_984' title='bbox 2715 4969 2878 5024; x_wconf 89' lang='lat' dir='ltr'><strong>totius</strong></span> <span class='ocrx_word' id='word_1_985' title='bbox 2902 4968 3026 5024; x_wconf 87' lang='lat' dir='ltr'><strong>mali</strong></span> <span class='ocrx_word' id='word_1_986' title='bbox 3054 4969 3249 5040; x_wconf 83' lang='lat' dir='ltr'><strong>periret</strong></span> <span class='ocrx_word' id='word_1_987' title='bbox 3268 4970 3491 5038; x_wconf 88' lang='lat' dir='ltr'><strong>invidia;</strong></span> <span class='ocrx_word' id='word_1_988' title='bbox 3518 4982 3577 5030; x_wconf 85' lang='grc' dir='ltr'><strong>ει</strong></span> 
     </span>
    </p>
   </div>
   <div class='ocr_carea' id='block_1_115' title="bbox 1980 5061 3572 5129">
    <p class='ocr_par' dir='ltr' id='par_1_115' title="bbox 1980 5061 3572 5129">
     <span class='ocr_line' id='line_1_116' title="bbox 1980 5061 3572 5129; baseline 0.001 -9"><span class='ocrx_word' id='word_1_989' title='bbox 1980 5064 2194 5120; x_wconf 79' lang='lat' dir='ltr'><strong>evanuit</strong></span> <span class='ocrx_word' id='word_1_990' title='bbox 2218 5063 2342 5119; x_wconf 90' lang='lat' dir='ltr'><strong>mali</strong></span> <span class='ocrx_word' id='word_1_991' title='bbox 2363 5071 2550 5119; x_wconf 87' lang='lat' dir='ltr'><strong>natura</strong></span> <span class='ocrx_word' id='word_1_992' title='bbox 2573 5103 2590 5129; x_wconf 93' lang='lat'><strong>,</strong></span> <span class='ocrx_word' id='word_1_993' title='bbox 2618 5076 2738 5117; x_wconf 90' lang='lat' dir='ltr'><strong>cum</strong></span> <span class='ocrx_word' id='word_1_994' title='bbox 2765 5061 2971 5117; x_wconf 89' lang='lat' dir='ltr'><strong>crimen</strong></span> <span class='ocrx_word' id='word_1_995' title='bbox 2996 5062 3285 5118; x_wconf 87' lang='lat' dir='ltr'><strong>voluntatis</strong></span> <span class='ocrx_word' id='word_1_996' title='bbox 3312 5065 3529 5120; x_wconf 86' lang='lat' dir='ltr'><strong>evanuit</strong></span> <span class='ocrx_word' id='word_1_997' title='bbox 3554 5081 3572 5122; x_wconf 87' lang='lat'><strong>:</strong></span> 
     </span>
    </p>
   </div>
   <div class='ocr_carea' id='block_1_116' title="bbox 1980 5155 3579 5220">
    <p class='ocr_par' dir='ltr' id='par_1_116' title="bbox 1980 5155 3579 5220">
     <span class='ocr_line' id='line_1_117' title="bbox 1980 5155 3579 5220; baseline -0.002 -4"><span class='ocrx_word' id='word_1_998' title='bbox 1980 5161 2183 5216; x_wconf 89' lang='lat' dir='ltr'><strong>crimen</strong></span> <span class='ocrx_word' id='word_1_999' title='bbox 2220 5168 2397 5214; x_wconf 89' lang='lat' dir='ltr'><strong>autem</strong></span> <span class='ocrx_word' id='word_1_1000' title='bbox 2425 5156 2641 5213; x_wconf 88' lang='lat' dir='ltr'><strong>evanuit</strong></span> <span class='ocrx_word' id='word_1_1001' title='bbox 2680 5155 2999 5220; x_wconf 80' lang='lat' dir='ltr'><strong>voluntatis,</strong></span> <span class='ocrx_word' id='word_1_1002' title='bbox 3040 5170 3162 5211; x_wconf 88' lang='lat' dir='ltr'><strong>cum</strong></span> <span class='ocrx_word' id='word_1_1003' title='bbox 3200 5156 3444 5213; x_wconf 86' lang='lat' dir='ltr'><strong>deﬁnitio</strong></span> <span class='ocrx_word' id='word_1_1004' title='bbox 3480 5174 3579 5213; x_wconf 85' lang='lat' dir='ltr'><strong>vo-</strong></span> 
     </span>
    </p>
   </div>
   <div class='ocr_carea' id='block_1_117' title="bbox 1980 5250 3576 5321">
    <p class='ocr_par' dir='ltr' id='par_1_117' title="bbox 1980 5250 3576 5321">
     <span class='ocr_line' id='line_1_118' title="bbox 1980 5250 3576 5321; baseline -0.002 -11"><span class='ocrx_word' id='word_1_1005' title='bbox 1980 5254 2199 5310; x_wconf 87' lang='lat' dir='ltr'><strong>luntatis</strong></span> <span class='ocrx_word' id='word_1_1006' title='bbox 2231 5261 2448 5310; x_wconf 88' lang='lat' dir='ltr'><strong>exsecta</strong></span> <span class='ocrx_word' id='word_1_1007' title='bbox 2487 5261 2590 5308; x_wconf 78' lang='lat' dir='ltr'><strong>est.</strong></span> <span class='ocrx_word' id='word_1_1008' title='bbox 2623 5252 2689 5307; x_wconf 86' lang='lat' dir='ltr'><strong>Et</strong></span> <span class='ocrx_word' id='word_1_1009' title='bbox 2730 5250 2950 5321; x_wconf 84' lang='lat' dir='ltr'><strong>peccati</strong></span> <span class='ocrx_word' id='word_1_1010' title='bbox 2981 5250 3143 5321; x_wconf 88' lang='lat' dir='ltr'><strong>igitur</strong></span> <span class='ocrx_word' id='word_1_1011' title='bbox 3184 5259 3240 5306; x_wconf 90' lang='lat' dir='ltr'><strong>et</strong></span> <span class='ocrx_word' id='word_1_1012' title='bbox 3285 5253 3576 5308; x_wconf 84' lang='lat' dir='ltr'><strong>voluntatis</strong></span> 
     </span>
    </p>
   </div>
   <div class='ocr_carea' id='block_1_118' title="bbox 1979 5344 3574 5417">
    <p class='ocr_par' dir='ltr' id='par_1_118' title="bbox 1979 5344 3574 5417">
     <span class='ocr_line' id='line_1_119' title="bbox 1979 5344 3574 5417; baseline -0.003 -13"><span class='ocrx_word' id='word_1_1013' title='bbox 1979 5349 2172 5404; x_wconf 88' lang='lat' dir='ltr'><strong>claruit</strong></span> <span class='ocrx_word' id='word_1_1014' title='bbox 2204 5347 2467 5417; x_wconf 86' lang='lat' dir='ltr'><strong>ejusmodi</strong></span> <span class='ocrx_word' id='word_1_1015' title='bbox 2492 5360 2612 5402; x_wconf 89' lang='lat' dir='ltr'><strong>esse</strong></span> <span class='ocrx_word' id='word_1_1016' title='bbox 2651 5344 3009 5401; x_wconf 91' lang='lat' dir='ltr'><strong>conditionem</strong></span> <span class='ocrx_word' id='word_1_1017' title='bbox 3031 5386 3046 5409; x_wconf 92' lang='lat'><strong>,</strong></span> <span class='ocrx_word' id='word_1_1018' title='bbox 3078 5353 3137 5403; x_wconf 89' lang='lat' dir='ltr'><strong>ut</strong></span> <span class='ocrx_word' id='word_1_1019' title='bbox 3158 5346 3202 5401; x_wconf 88' lang='lat' dir='ltr'><strong>si</strong></span> <span class='ocrx_word' id='word_1_1020' title='bbox 3232 5347 3408 5401; x_wconf 85' lang='lat' dir='ltr'><strong>causis</strong></span> <span class='ocrx_word' id='word_1_1021' title='bbox 3436 5362 3574 5416; x_wconf 75' lang='lat' dir='ltr'><strong>pne-</strong></span> 
     </span>
    </p>
   </div>
   <div class='ocr_carea' id='block_1_119' title="bbox 1981 5437 3570 5511">
    <p class='ocr_par' dir='ltr' id='par_1_119' title="bbox 1981 5437 3570 5511">
     <span class='ocr_line' id='line_1_120' title="bbox 1981 5437 3570 5511; baseline -0.004 -14"><span class='ocrx_word' id='word_1_1022' title='bbox 1981 5441 2292 5498; x_wconf 90' lang='lat' dir='ltr'><strong>cedentibus</strong></span> <span class='ocrx_word' id='word_1_1023' title='bbox 2319 5440 2631 5511; x_wconf 87' lang='lat' dir='ltr'><strong>deputetur,</strong></span> <span class='ocrx_word' id='word_1_1024' title='bbox 2663 5448 2714 5493; x_wconf 91' lang='lat' dir='ltr'><strong>et</strong></span> <span class='ocrx_word' id='word_1_1025' title='bbox 2734 5437 2824 5507; x_wconf 89' lang='lat' dir='ltr'><strong>jus</strong></span> <span class='ocrx_word' id='word_1_1026' title='bbox 2852 5438 2869 5470; x_wconf 77' lang='grc' dir='ltr'>ί</span> <span class='ocrx_word' id='word_1_1027' title='bbox 2896 5437 3106 5508; x_wconf 90' lang='lat' dir='ltr'><strong>perdat,</strong></span> <span class='ocrx_word' id='word_1_1028' title='bbox 3138 5446 3192 5494; x_wconf 89' lang='lat' dir='ltr'><strong>et</strong></span> <span class='ocrx_word' id='word_1_1029' title='bbox 3216 5439 3441 5493; x_wconf 67' lang='lat' dir='ltr'><strong>crimen;</strong></span> <span class='ocrx_word' id='word_1_1030' title='bbox 3471 5438 3570 5493; x_wconf 82' lang='lat' dir='ltr'><strong>Ubi</strong></span> 
     </span>
    </p>
   </div>
   <div class='ocr_carea' id='block_1_120' title="bbox 1980 5529 3627 5607">
    <p class='ocr_par' dir='ltr' id='par_1_120' title="bbox 1980 5529 3627 5607">
     <span class='ocr_line' id='line_1_121' title="bbox 1980 5529 3627 5607; baseline -0.006 -16"><span class='ocrx_word' id='word_1_1031' title='bbox 1980 5550 2109 5605; x_wconf 85' lang='lat' dir='ltr'><strong>ergo</strong></span> <span class='ocrx_word' id='word_1_1032' title='bbox 2143 5532 2248 5589; x_wconf 90' lang='lat' dir='ltr'><strong>erit</strong></span> <span class='ocrx_word' id='word_1_1033' title='bbox 2285 5531 2412 5587; x_wconf 85' lang='lat' dir='ltr'><strong>mali</strong></span> <span class='ocrx_word' id='word_1_1034' title='bbox 2442 5538 2627 5607; x_wconf 81' lang='lat' dir='ltr'><strong>natura</strong></span> <span class='ocrx_word' id='word_1_1035' title='bbox 2649 5571 2665 5597; x_wconf 93' lang='lat'><strong>,</strong></span> <span class='ocrx_word' id='word_1_1036' title='bbox 2704 5545 2827 5585; x_wconf 91' lang='lat' dir='ltr'><strong>cum</strong></span> <span class='ocrx_word' id='word_1_1037' title='bbox 2853 5529 3050 5585; x_wconf 84' lang='lat' dir='ltr'><strong>malum</strong></span> <span class='ocrx_word' id='word_1_1038' title='bbox 3094 5546 3201 5585; x_wconf 91' lang='lat' dir='ltr'><strong>non</strong></span> <span class='ocrx_word' id='word_1_1039' title='bbox 3227 5544 3348 5586; x_wconf 82' lang='lat' dir='ltr'><strong>esse</strong></span> <span class='ocrx_word' id='word_1_1040' title='bbox 3372 5529 3574 5585; x_wconf 53' lang='lat' dir='ltr'><strong>constt.</strong></span> <span class='ocrx_word' id='word_1_1041' title='bbox 3623 5561 3627 5565; x_wconf 95' lang='lat'><strong><em>-</em></strong></span> 
     </span>
    </p>
   </div>
   <div class='ocr_carea' id='block_1_121' title="bbox 1982 5628 2143 5685">
    <p class='ocr_par' dir='ltr' id='par_1_121' title="bbox 1982 5628 2143 5685">
     <span class='ocr_line' id='line_1_122' title="bbox 1982 5628 2143 5685; baseline -0.019 -1"><span class='ocrx_word' id='word_1_1042' title='bbox 1982 5628 2143 5685; x_wconf 67' lang='lat' dir='ltr'><strong>terit-1</strong></span> 
     </span>
    </p>
   </div>
   <div class='ocr_carea' id='block_1_122' title="bbox 2053 5714 3568 5788">
    <p class='ocr_par' dir='ltr' id='par_1_122' title="bbox 2053 5714 3568 5788">
     <span class='ocr_line' id='line_1_123' title="bbox 2053 5714 3568 5788; baseline -0.005 -12"><span class='ocrx_word' id='word_1_1043' title='bbox 2053 5722 2187 5777; x_wconf 74' lang='lat' dir='ltr'><strong>Atto.</strong></span> <span class='ocrx_word' id='word_1_1044' title='bbox 2207 5718 2317 5774; x_wconf 85' lang='lat' dir='ltr'><strong>Dici</strong></span> <span class='ocrx_word' id='word_1_1045' title='bbox 2347 5733 2452 5772; x_wconf 92' lang='lat' dir='ltr'><strong>non</strong></span> <span class='ocrx_word' id='word_1_1046' title='bbox 2475 5725 2669 5788; x_wconf 88' lang='lat' dir='ltr'><strong>potest,</strong></span> <span class='ocrx_word' id='word_1_1047' title='bbox 2689 5724 2943 5788; x_wconf 86' lang='lat' dir='ltr'><strong>quantum</strong></span> <span class='ocrx_word' id='word_1_1048' title='bbox 2971 5716 3133 5774; x_wconf 88' lang='lat' dir='ltr'><strong>mirer</strong></span> <span class='ocrx_word' id='word_1_1049' title='bbox 3158 5714 3384 5772; x_wconf 74' lang='lat' dir='ltr'><strong>frontem</strong></span> <span class='ocrx_word' id='word_1_1050' title='bbox 3408 5723 3568 5784; x_wconf 81' lang='lat' dir='ltr'><strong>tuam,</strong></span> 
     </span>
    </p>
   </div>
   <div class='ocr_carea' id='block_1_123' title="bbox 2016 5830 2857 5920">
    <p class='ocr_par' dir='ltr' id='par_1_123' title="bbox 2016 5830 2857 5920">
     <span class='ocr_line' id='line_1_124' title="bbox 2016 5830 2857 5920; baseline -0.005 -13"><span class='ocrx_word' id='word_1_1051' title='bbox 2016 5832 2076 5895; x_wconf 41' lang='grc' dir='ltr'><strong>’λε</strong></span> <span class='ocrx_word' id='word_1_1052' title='bbox 2264 5862 2306 5907; x_wconf 87' lang='lat' dir='ltr'><strong>ct</strong></span> <span class='ocrx_word' id='word_1_1053' title='bbox 2325 5854 2433 5908; x_wconf 83' lang='lat' dir='ltr'><strong>rint.</strong></span> <span class='ocrx_word' id='word_1_1054' title='bbox 2462 5863 2516 5907; x_wconf 79' lang='lat' dir='ltr'><strong>At</strong></span> <span class='ocrx_word' id='word_1_1055' title='bbox 2540 5860 2667 5918; x_wconf 71' lang='lat' dir='ltr'><strong>Mss,</strong></span> <span class='ocrx_word' id='word_1_1056' title='bbox 2693 5860 2737 5906; x_wconf 84' lang='lat' dir='ltr'><strong>et</strong></span> <span class='ocrx_word' id='word_1_1057' title='bbox 2751 5853 2857 5914; x_wconf 78' lang='lat' dir='ltr'><strong>jus.</strong></span> 
     </span>
    </p>
   </div>
  </div>
