4124 6522
618 351 640 405 1
654 348 758 404 4⁵19

613 461 886 537 quomodo
921 459 1071 517 dicas
1115 465 1360 513 naturam
1395 454 1555 521 mali,
1595 455 1685 525 qui
1729 453 1926 508 malum
1975 453 2219 509 naturale

611 573 720 613 non
747 554 914 620 dicis;
941 562 1034 607 aut
1070 549 1340 622 quomodo
1369 549 1565 603 malum
1597 547 1842 602 naturale
1881 562 1988 600 non
2026 545 2173 601 dicas
2197 585 2214 614 ,

610 649 702 718 qui
743 653 997 702 naturam
1021 643 1146 698 mali
1175 642 1334 698 dicis.
1361 641 1496 708 Quid
1527 649 1705 694 autem
1731 639 1919 694 vanius
1948 639 2216 694 definitio-

610 741 772 795 nibus
799 738 936 802 luis,
966 737 1056 808 qni
1089 745 1372 806 propterea
1395 743 1546 803 putas
1585 747 1690 787 non
1719 746 1838 784 esse
1863 730 2214 800 quaerendum

610 832 758 886 unde
801 831 870 885 sit
899 829 1182 892 voluntas,
1233 826 1355 896 quia
1401 834 1576 879 motus
1623 833 1709 878 est
1747 822 1943 888 animi,
1992 831 2217 892 cogente

610 923 802 979 nullo?
830 921 886 977 Si
922 921 1067 976 enim
1105 918 1342 984 dicatur,
1373 926 1431 972 ut
1455 925 1608 987 putas
1631 956 1647 980 ,
1677 914 1818 969 unde
1845 913 1947 977 sit;
1980 929 2086 969 non
2113 914 2217 968 erit

611 1031 802 1070 verum
839 1012 980 1083 quod
1025 1011 1224 1066 dictum
1269 1018 1386 1074 est,
1431 1017 1638 1078 cogente
1679 1007 1824 1060 nullo
1865 1021 1884 1060 :
1919 1006 2043 1076 quia
2085 1003 2215 1060 illud

611 1107 758 1163 unde
787 1116 899 1169 est,
926 1119 1045 1159 eam
1071 1103 1215 1172 cogit
1242 1117 1397 1164 esse;
1426 1109 1481 1156 et
1502 1099 1622 1155 ideo
1647 1108 1859 1154 nonest
1885 1097 2134 1154 alicunde
2160 1099 2176 1130 ⁸
2196 1139 2213 1163 ,

611 1214 680 1252 ιιε
719 1205 942 1267 cogatur
981 1209 1123 1250 esse.
1155 1192 1200 1249 Ο
1236 1193 1519 1249 stultitiam
1561 1191 1926 1262 singularem!
1973 1191 2088 1246 Non
2132 1199 2218 1246 est

614 1303 744 1357 ergo
788 1286 1038 1342 alicunde
1064 1286 1178 1354 ipse
1205 1285 1401 1350 homo,
1431 1285 1520 1355 qui
1557 1298 1664 1337 non
1690 1293 1776 1338 est
1812 1293 2031 1338 coactus
2056 1297 2212 1344 esse;

612 1380 740 1450 quia
773 1394 879 1433 non
902 1387 1019 1433 erat
1043 1375 1133 1446 qui
1155 1385 1458 1447 cogeretur,
1487 1385 1775 1446 antequam
1796 1383 1959 1430 esset.
1989 1374 2216 1430 Prorsus

617 1479 674 1526 et
703 1469 952 1524 alicunde
978 1476 1064 1523 est
1092 1467 1340 1522 voluntas
1362 1509 1378 1534 ,
1409 1474 1465 1522 et
1505 1481 1626 1522 esse
1657 1482 1762 1520 non
1799 1465 2043 1538 cogitur;
2073 1475 2129 1521 et
2169 1465 2214 1520 si

617 1563 736 1634 ejus
765 1562 915 1632 origo
939 1560 1227 1632 quasrcnda
1260 1576 1364 1615 non
1391 1569 1493 1627 est,
1518 1575 1626 1615 non
1649 1559 1770 1614 ideo
1788 1559 2076 1630 qumrenda
2108 1575 2214 1615 non

615 1663 721 1718 est,
753 1652 894 1724 quod
926 1653 1170 1707 voluntas
1199 1651 1447 1707 alicunde
1491 1667 1595 1706 non
1624 1652 1734 1718 sit,
1766 1651 1859 1706 sed
1888 1652 2010 1723 quia
2041 1652 2214 1706 mani-

617 1746 808 1800 festum
845 1755 929 1799 est
965 1744 1104 1800 unde
1132 1744 1222 1800 sit.
1246 1745 1328 1800 Ah
1357 1745 1448 1800 illo
1473 1754 1557 1801 est
1580 1745 1724 1801 enim
1755 1746 2000 1801 voluntas
2021 1786 2036 1812 ,
2061 1745 2216 1817 cujus

613 1847 698 1892 est
736 1837 1019 1901 voluntas;
1052 1837 1121 1890 ab
1144 1837 1336 1907 angelo
1377 1837 1580 1893 scilicet
1620 1837 1866 1892 voluntas
1893 1837 2104 1908 angeli,
2146 1836 2216 1892 ab

613 1927 834 1982 homine
863 1927 1134 1994 hominis,
1171 1943 1201 1982 a
1234 1927 1344 1983 Deo
1384 1929 1498 1983 Dei.
1534 1927 1600 1983 Et
1641 1929 1686 1983 si
1714 1937 1966 1999 operatur
1995 1929 2134 1984 Deus
2162 1930 2214 1983 in

614 2017 834 2073 homine
860 2017 1192 2074 voluntatem
1221 2018 1416 2074 bonam
1435 2060 1452 2086 ,
1478 2018 1529 2074 id
1557 2020 1740 2090 utique
1765 2021 1906 2091 agit,
1931 2030 1990 2075 ut
2012 2020 2218 2075 oriatur

613 2111 683 2166 ah
708 2111 800 2166 illo
824 2109 964 2165 bona
993 2111 1257 2177 voluntas,
1286 2111 1441 2181 cujus
1465 2121 1549 2166 est
1575 2112 1839 2175 voluntas;
1863 2112 2001 2167 sicut
2025 2111 2137 2181 agit
2160 2109 2219 2166 ιιι

614 2201 780 2256 homo
811 2201 1015 2256 oriatur
1048 2202 1116 2256 ab
1147 2201 1363 2257 homine
1403 2218 1547 2257 :non
1578 2206 1721 2258 enim
1747 2205 1870 2275 quia
1904 2203 2045 2259 Deus
2068 2211 2218 2258 creat

616 2291 921 2356 hominem,
957 2293 1077 2347 ideo
1105 2309 1210 2348 non
1248 2293 1415 2349 homo
1443 2309 1507 2349 ex
1541 2293 1756 2351 homine
1776 2297 2036 2352 nascitur.
2065 2295 2218 2350 Mala:

537 2374 539 2376 ’
616 2393 797 2438 autem
838 2384 1127 2439 voluntatis
1165 2400 1278 2440 ειιεε
1315 2387 1682 2457 unusquisque
1710 2399 1899 2443 auctor
1937 2398 2052 2455 est,
2093 2387 2217 2458 quia

619 2477 816 2529 malum
847 2476 978 2530 vult.
1009 2475 1116 2532 Sed
1156 2493 1278 2532 cum
1309 2479 1598 2549 quaeritur,
1639 2495 1804 2550 quare
1847 2480 2009 2536 homo
2052 2482 2219 2551 possit

619 2562 820 2621 habere
850 2567 1042 2622 Iuniam
1069 2569 1397 2623 voluntatem
1428 2571 1675 2640 quamvis
1702 2580 1759 2625 ut
1784 2571 1976 2628 habeat
2012 2588 2116 2627 non
2147 2573 2218 2628 sit

618 2675 865 2726 necesse;
890 2677 996 2715 non
1027 2661 1177 2733 origo
1201 2663 1461 2733 ιιιιτει-ἰιιιι⁸
1481 2665 1768 2718 voluntatis
1787 2705 1804 2732 ,
1828 2665 1922 2720 sed
1953 2667 2102 2737 origo
2131 2666 2215 2737 ip-

617 2754 732 2808 sius
760 2754 1126 2824 possibilitatis
1155 2771 1169 2808 :
1201 2764 1257 2810 et
1301 2754 1570 2810 invenitur
1613 2771 1674 2812 ea
1714 2772 1834 2812 esse
1870 2773 2027 2812 causa
2049 2800 2064 2824 ,
2093 2759 2216 2829 quia

618 2847 720 2902 etsi
757 2862 1004 2918 magnum
1033 2846 1228 2902 bonum
1272 2857 1355 2903 εει
1382 2849 1657 2903 rationalis
1680 2859 1922 2905 creatura
1949 2892 1963 2915 ,
1995 2866 2101 2905 non
2132 2859 2216 2906 ta-

617 2953 742 2994 men
771 2947 854 2994 εει
880 2937 1021 3008 quod
1049 2947 1132 2992 est
1155 2939 1324 3006 Deus,
1352 2939 1503 3008 cujus
1529 2940 1694 2995 solius
1722 2947 1805 2996 est
1834 2941 2218 2998 inconvertibi-

617 3031 684 3086 lis
709 3031 1265 3102 inconnuutabilisque
1295 3042 1505 3088 natura.
1537 3033 1605 3088 Et
1632 3033 1788 3104 hujus
1810 3034 1886 3090 rei
1907 3049 2068 3090 causa
2093 3050 2216 3091 cum

612 3122 903 3193 quaeritur,
950 3121 1051 3177 hoc
1080 3122 1380 3190 invenitur,
1418 3123 1540 3194 quia
1573 3139 1678 3178 non
1709 3124 1777 3179 de
1819 3140 1879 3180 se
1908 3125 2025 3196 ipso
2047 3167 2064 3193 ,
2113 3125 2218 3182 hoc

613 3223 732 3278 εει,
764 3214 832 3269 de
859 3227 955 3268 sua
985 3223 1172 3280 natura
1206 3224 1371 3284 atque
1410 3214 1707 3270 substantia
1753 3217 1969 3286 genuit,
2013 3217 2108 3273 sed
2147 3217 2219 3274 de

612 3304 784 3359 nihilo
803 3346 818 3368 ,
851 3304 955 3359 hoc
974 3314 1085 3370 est,
1122 3304 1193 3360 de
1223 3305 1367 3360 nulla
1397 3320 1456 3360 re
1477 3305 1601 3360 fecit
1621 3307 1737 3361 haec
1759 3307 1916 3362 Deus.
1950 3307 2066 3363 Non
2093 3309 2215 3379 quia

611 3396 746 3452 nihil
780 3395 940 3450 habet
964 3395 1195 3467 aliquam
1223 3397 1365 3463 vim;
1395 3397 1440 3451 si
1466 3398 1612 3452 enim
1635 3397 1890 3467 haberet,
1915 3416 2020 3456 non
2047 3401 2214 3470 nihil,

611 3487 710 3544 sed
741 3487 940 3558 aliquid
970 3497 1155 3543 esset:
1183 3487 1280 3544 sed
1309 3487 1431 3558 quia
1464 3489 1566 3544 hoc
1604 3497 1688 3546 est
1715 3491 1736 3523 ²
1773 3491 1968 3562 euique
2012 3485 2218 3548 natura:

611 3581 684 3637 de
714 3580 882 3636 nihilo
908 3582 1099 3636 factam
1123 3596 1266 3648 esse,
1290 3581 1432 3652 quod
1454 3591 1536 3636 est
1563 3593 1807 3641 naturam
1831 3584 1926 3640 Dei
1951 3599 2054 3639 non
2073 3600 2214 3655 esse,

610 3691 735 3746 qua:
774 3674 1120 3730 innnutahilis
1156 3675 1268 3730 sola
1309 3684 1414 3731 est.
1454 3675 1566 3733 Nec
1607 3693 1668 3733 ea
1695 3695 1815 3749 qua:
1840 3677 1910 3734 de
1951 3680 2218 3751 aliquibus

611 3767 776 3822 rebus
806 3766 942 3821 facta
981 3777 1142 3833 sunt,
1185 3767 1254 3822 ab
1294 3766 1398 3822 hac
1427 3769 1767 3839 excipiuntur
1800 3770 2006 3840 origine
2037 3788 2052 3827 ε
2079 3787 2218 3842 quo-

611 3859 756 3913 niam
788 3874 874 3913 rcs
917 3873 1039 3928 qum
1069 3859 1141 3913 ita
1171 3857 1323 3912 facta:
1349 3870 1473 3914 sunt
1496 3901 1512 3925 ,
1545 3871 1603 3915 ut
1629 3877 1696 3916 ex
1737 3861 1801 3916 iis
1829 3863 1948 3918 alia:
1991 3864 2214 3932 fierent,

612 3949 683 4004 de
711 3949 870 4004 nullis
893 3949 1228 4003 exstantibus
1256 3949 1408 4004 facta:
1427 3960 1554 4006 sunt
1573 3993 1590 4018 ,
1634 3952 1737 4008 hoc
1761 3963 1845 4008 est
1861 3994 1879 4020 ,
1906 3957 2126 4011 omnino
2149 3957 2218 4014 de

615 4040 808 4097 nihilo.
835 4039 1028 4095 Mutari
1052 4049 1233 4094 autem
1270 4051 1493 4110 possunt
1516 4058 1869 4114 quaecumque
1894 4045 1995 4100 alia
2033 4047 2216 4103 diver-

614 4136 692 4190 sis
720 4143 776 4189 et
803 4132 1032 4204 propriis
1061 4133 1410 4204 qualitatibus
1438 4136 1581 4200 suis;
1611 4136 1886 4193 voluntate
1915 4154 2065 4204 vero,
2096 4156 2218 4211 qua:

615 4229 825 4284 ratione
853 4229 1051 4294 utitur,
1079 4228 1191 4283 sola
1218 4237 1300 4283 est
1339 4228 1616 4284 rationalis
1652 4239 1892 4286 creatura
1920 4232 2213 4288 mutabilis.

615 4323 742 4378 ﬂare
766 4321 1050 4393 diligenter
1070 4330 1123 4378 et
1155 4321 1513 4391 intelligentcr
1538 4322 1778 4393 quisquis
1802 4323 2049 4386 advertit,
2074 4325 2216 4380 mul-

621 4429 734 4473 tum
771 4425 821 4470 te
841 4415 910 4470 de
939 4415 1108 4470 nihilo
1135 4413 1269 4470 nihil
1315 4414 1456 4484 quod
1494 4414 1562 4470 ad
1592 4431 1704 4471 rem
1729 4416 1991 4487 pertineat
2016 4416 2218 4476 dixisse

614 4519 928 4583 cognoscet.

685 4602 866 4659 XLIII.
887 4601 1007 4658 Jun.
1029 4599 1165 4669 Quid
1192 4608 1276 4656 est
1293 4599 1436 4656 enim
1466 4599 1689 4666 malum,
1715 4598 1766 4655 id
1787 4608 1890 4668 est,
1911 4601 2215 4671 peccatum?

608 4697 871 4751 Voluntas
896 4693 1153 4766 sequendi
1180 4692 1322 4765 quod
1349 4692 1553 4762 justitia
1593 4701 1764 4758 vetat,
1812 4703 1868 4748 et
1906 4693 2048 4750 unde
2077 4695 2212 4749 libeo

605 4807 725 4848 rum
771 4799 868 4848 ἐει
920 4790 1211 4846 abstinere.
1259 4787 1396 4857 Quid
1438 4797 1522 4844 est
1573 4787 1686 4859 ipsa
1711 4789 1996 4845 voluntas?
2038 4789 2213 4847 Motus

606 4887 767 4942 animi
792 4926 810 4953 ,
841 4893 1067 4956 cogente
1094 4883 1262 4938 nullo.
1292 4881 1351 4939 Si
1379 4898 1506 4954 ergo
1537 4891 1811 4954 peccatum
1841 4898 1908 4938 ex
1937 4884 2212 4940 voluntate

606 4987 790 5032 natum
832 4985 948 5043 est,
997 4976 1247 5031 voluntas
1283 4989 1352 5030 ex
1385 4982 1535 5029 motu
1575 4974 1738 5029 animi
1768 4983 1995 5044 cogente
2023 4975 2207 5041 nullo;

607 5084 710 5124 nec
736 5068 917 5135 nihili,
947 5082 1046 5123 nec
1071 5067 1412 5122 tenebrarum
1441 5063 1680 5120 conditio
1719 5062 1845 5120 fecit
1871 5074 1928 5120 ut
1951 5073 2098 5121 esset
2122 5064 2214 5121 hic

609 5171 790 5218 motus
811 5201 830 5227 ,
873 5160 966 5230 qui
1007 5159 1130 5216 ideo
1152 5175 1184 5214 a
1211 5158 1362 5213 nullo
1402 5158 1611 5228 cogitur
1630 5198 1646 5220 ,
1677 5165 1735 5210 ιιι
1772 5158 1944 5227 possit
1968 5173 2088 5212 esse
2114 5173 2212 5213 co-

612 5260 773 5325 gente
801 5250 968 5306 nullo.
1003 5252 1080 5306 Ac
1104 5265 1198 5321 per
1223 5250 1327 5305 hoc
1362 5248 1567 5304 nullum
1591 5256 1677 5302 est
1701 5247 1943 5302 naturale
1963 5288 1980 5312 ,
2008 5248 2211 5304 nullum

612 5343 874 5414 originale
901 5349 1176 5411 peccatum
1207 5358 1220 5395 :
1251 5339 1377 5410 quia
1408 5341 1524 5394 Ιιεεε
1548 5338 1656 5393 duo
1684 5338 1901 5393 nomina
1931 5354 2094 5393 unum
2125 5339 2212 5394 in-

611 5437 814 5500 dicant,
839 5431 890 5487 id
916 5441 1027 5497 est,
1061 5442 1339 5502 peccatum
1363 5445 1483 5494 esse
1508 5444 1616 5484 non
1641 5429 1998 5485 voluntarium
2022 5446 2038 5495 ;
2071 5445 2215 5501 prmo

612 5525 828 5598 scripsit
869 5534 1050 5578 autem
1093 5522 1322 5585 veritas,
1353 5520 1454 5576 nisi
1498 5520 1855 5576 voluntarium
1899 5537 2008 5576 non
2057 5535 2214 5590 posse

613 5635 734 5677 esse
779 5625 1054 5689 peccatum
1089 5622 1188 5670 :et
1229 5612 1350 5668 ideo
1394 5612 1486 5684 qui
1515 5611 1645 5668 dicit
1681 5611 1881 5668 malum
1912 5628 2032 5668 esse
2070 5611 2212 5684 quod

677 5754 693 5784 ⁸
729 5751 804 5801 sic
827 5757 931 5800 Mss.
957 5755 1008 5798 In
1029 5744 1434 5811 t'ign.,__alit_otde.

676 5815 696 5844 ¹
733 5814 1019 5873 \‘ignierius,
1045 5803 1130 5860 se?!
1147 5808 1341 5873 aliquid
1358 5814 1497 5872 esset,
1523 5809 1637 5873 quia
1659 5806 1746 5860 hoc
1771 5811 1869 5871 est;
1894 5806 2072 5857 omisso
2095 5803 2215 5856 alte-

619 5885 693 5926 το.
717 5872 820 5936 sed,
839 5873 969 5938 quod
998 5872 1225 5924 exstabat
1248 5874 1298 5922 in
1323 5877 1430 5922 uss-

1295 337 1544 396 OPERIS
1581 336 1994 394 IMPEBFECTI
2031 334 2302 393 CONTRA
2341 333 2706 404 JULIANUM,
2746 336 2804 394 S.
2845 336 3221 397 AUGUSTINI

3756 359 3872 424 1380

2327 460 2538 507 constat
2571 452 2860 523 ingenitum
2879 494 2892 515 ,
2923 469 3027 507 non
3048 452 3317 511 convincit
3337 454 3390 512 in
3421 470 3598 519 natura
3624 479 3734 526 esse
3759 489 3869 544 pec.

2325 556 2524 612 catum;
2557 547 2650 601 sed
2677 562 2736 602 se
2765 547 3116 618 ostendikper
3141 549 3457 619 pravitatem
3483 553 3653 624 judicii
3674 562 3692 594 ι
3715 567 3867 624 crimi.

2325 651 2537 692 nostun.
2573 638 2711 692 Ecce
2740 653 3051 707 reSponsum
3089 650 3206 706 est,
3236 640 3302 695 ad
3341 644 3480 714 quod
3507 656 3558 701 tu
3597 656 3865 722 responderi

2326 745 2432 784 non
2465 744 2622 800 posse
2655 729 2932 786 credebas.
2959 729 3225 802 Oxymora
3273 730 3350 806 (a)
3393 749 3602 805 prorsus
3626 741 3718 798 fuit
3747 761 3870 817 qua.

2324 823 2466 890 stin,
2497 839 2655 893 quam
2684 833 2740 878 tu
2760 825 3036 880 arbitraris
3062 825 3334 884 invictam.

2397 918 2532 971 Aue.
2576 914 2823 971 Exsultas
2849 916 3093 982 inaniter,
3123 927 3177 974 et
3195 919 3348 986 dicis,
3382 939 3401 972 ι
3431 920 3565 977 Ecce
3585 937 3868 995 responsum

2324 1017 2408 1064 est
2442 1025 2456 1062 :
2496 1027 2516 1061 ι
2550 1008 2640 1063 ubi
2669 1019 2720 1064 te
2760 1010 3088 1079 respondere
3113 1027 3216 1067 non
3248 1013 3484 1083 potuisse
3511 1032 3628 1072 mox
3666 1019 3867 1090 invenit,

2322 1101 2645 1171 quicumque
2669 1111 2855 1156 acutus
2880 1101 3005 1172 legit
3032 1102 3146 1158 haec
3174 1113 3284 1172 tua,
3314 1106 3396 1161 vel
3425 1121 3528 1162 non
3557 1111 3760 1166 multum
3784 1122 3871 1169 tar-

2321 1191 2422 1246 dus
2446 1201 2500 1247 et
2528 1207 2666 1246 mea.
2694 1192 3032 1260 Quantalibet
3048 1196 3189 1249 enim
3219 1198 3581 1267 perplexitate,
3606 1216 3704 1257 non
3721 1203 3868 1275 impli-

2321 1294 2437 1339 cata
2481 1284 2775 1354 explicare,
2825 1286 2918 1340 sed
2966 1295 3150 1356 aperta
3197 1287 3470 1358 implicare
3515 1293 3749 1358 coneris;
3777 1299 3870 1351 sani

2320 1391 2519 1446 negare
2561 1392 2666 1430 non
2697 1386 2941 1446 possunt,
2983 1379 3109 1433 oriri
3140 1379 3209 1433 ab
3237 1395 3558 1451 unoquoque
3585 1383 3870 1442 voluntatem

2320 1481 2492 1530 Suam,
2525 1481 2623 1522 nec
2671 1468 2772 1522 nisi
2800 1468 2868 1521 ah
2895 1467 3111 1524 homine
3135 1470 3262 1524 oriri
3292 1470 3521 1526 hominis
3561 1475 3870 1534 voluntatem.

2321 1561 2400 1613 Ac
2413 1573 2506 1628 per
2518 1557 2895 1628 hoc,quoniam
2913 1548 3048 1614 mala
3066 1559 3340 1616 hominum
3359 1562 3496 1616 mala
3511 1563 3765 1619 voluntate
3778 1581 3874 1622 esse

2320 1659 2618 1718 coeperunt,
2663 1658 2719 1705 et
2759 1650 3250 1718 antevoluntatem
3279 1653 3472 1707 malam
3516 1653 3706 1710 scimus
3737 1655 3874 1713 fuisse

2321 1741 2596 1797 hominum
2628 1752 2870 1797 naturam
2914 1746 3147 1808 bonam;
3175 1759 3241 1798 ex
3284 1744 3439 1799 bonis
3463 1755 3576 1799 orta
3603 1756 3720 1801 sunt
3743 1750 3874 1804 mala.

2323 1835 2435 1890 llnc
2485 1836 2612 1890 dicit
2661 1834 3015 1900 Ambrosius;
3062 1835 3186 1892 hinc
3234 1837 3510 1906 perimitur
3556 1837 3874 1894 Manielneus:

2325 1925 2426 1980 huc
2455 1942 2550 1996 pro
2575 1925 2866 1980 Mauiehmo
2893 1933 3050 1997 negat
3076 1937 3260 1981 contra
3285 1927 3622 1982 Ambrosium
3650 1928 3876 1994 Julianus,

2321 2018 2528 2083 dicens,
2551 2035 2569 2069 ι
2595 2018 2651 2074 Si
2673 2028 2858 2073 natura
2874 2032 3010 2088 opus
3030 2018 3122 2074 Dei
3139 2028 3220 2074 est
3238 2060 3254 2086 ,
3275 2035 3370 2088 per
3387 2034 3526 2090 opus
3546 2020 3632 2075 Dei
3649 2036 3772 2090 opus
3787 2021 3878 2075 dia-

2323 2109 2432 2165 boli
2461 2109 2690 2165 transire
2719 2125 2824 2166 non
2853 2110 3085 2178 sinitur;
3123 2129 3144 2162 ι
3179 2119 3237 2164 ιιι
3261 2111 3584 2166 Manichacus
3603 2112 3760 2179 dicat,
3788 2129 3873 2166 nutl

2321 2218 2443 2258 esse
2473 2202 2717 2259 homines
2744 2219 2877 2273 opus
2908 2203 3000 2258 Dei
3023 2245 3039 2270 ,
3067 2219 3163 2273 per
3189 2219 3324 2275 quos
3352 2206 3637 2275 Apostolus
3662 2206 3882 2263 transisse

2321 2295 2448 2349 dicit
2475 2303 2750 2365 peccatum
2773 2305 2826 2350 et
2847 2305 3073 2352 mortem
3092 2295 3266 2367 (Rom.
3297 2313 3349 2362 v,
3373 2297 3442 2352 12
3462 2297 3506 2368 ),
3527 2299 3662 2368 quod
3682 2308 3758 2354 est
3775 2314 3883 2368 opus

2320 2386 2519 2442 diaboli
2543 2405 2558 2442 :
2579 2386 2830 2458 quoniam
2858 2388 3149 2444 secundum
3174 2387 3462 2456 Julianum,
3501 2407 3520 2441 ι
3559 2405 3652 2458 per
3669 2405 3789 2458 opus
3809 2389 3881 2444 Dei

2321 2492 2456 2550 Opus
2483 2477 2681 2533 diaboli
2709 2479 2934 2534 transire
2958 2495 3064 2534 non
3092 2479 3319 2544 sinitur;
3357 2497 3377 2532 ι
3408 2489 3462 2536 ει
3485 2481 3882 2551 dicitApostolus

2321 2587 2420 2642 per
2449 2571 2697 2628 homines
2728 2572 2980 2627 transisse
3027 2588 3162 2642 opus
3205 2571 3441 2636 diaboli;
3474 2589 3583 2628 non
3628 2582 3745 2628 sunt
3779 2587 3884 2643 ergo

2324 2664 2570 2720 homines
2599 2678 2734 2735 Opus
2779 2665 2893 2721 Dei.
2939 2666 3211 2721 Manichaei
3240 2674 3323 2721 εει
3367 2667 3466 2722 ista
3497 2667 3779 2732 conclusio,
3805 2682 3884 2721 ve-

2322 2759 2477 2814 niens
2507 2757 2605 2824 illi,
2648 2757 2875 2822 Juliane,
2923 2757 2992 2813 de
3033 2758 3297 2828 adjutorio
3327 2769 3438 2814 tuo.
3490 2759 3597 2816 Sed
3627 2759 3882 2834 Apostolus

2321 2865 2420 2921 pro
2449 2851 2676 2905 veritate
2721 2849 3022 2917 decertans,
3069 2860 3124 2905 et
3173 2850 3418 2908 homines
3457 2851 3593 2907 dicit
3631 2866 3744 2906 esse
3775 2865 3886 2922 opus

2321 2941 2440 3010 Dei,
2471 2950 2529 2997 ιιι
2554 2949 2857 3012 prosternat
2895 2941 3243 2997 Maniclnnum
3269 2959 3284 3009 ;
3314 2952 3370 2999 et
3392 2957 3490 3014 per
3513 2957 3649 3014 opus
3673 2941 3778 3007 Dei,
3805 2941 3885 2993 hoc

2321 3043 2422 3101 est,
2474 3048 2571 3104 per
2597 3034 2842 3088 homines
2885 3035 3140 3092 transisse
3179 3051 3316 3106 opus
3343 3034 3566 3104 diaboli,
3597 3045 3654 3092 ut
3679 3051 3789 3091 cum
3813 3033 3886 3088 illo

2324 3135 2629 3199 prosternat
2655 3135 2709 3181 et
2738 3136 2789 3183 te
2819 3126 3012 3197 ipsum.

2396 3217 2580 3274 XLIV.
2610 3217 2730 3274 λιιι..
2773 3217 2903 3274 Illud
2935 3227 3109 3275 etnien
3136 3217 3423 3289 admoneo,
3464 3221 3643 3277 solere
3676 3220 3820 3277 etiam
3845 3227 3887 3274 te

2322 3311 2375 3368 in
2417 3311 2631 3381 scriptis
2661 3312 2764 3366 tuis
2807 3313 3054 3368 tenebras
3099 3327 3204 3368 non
3243 3311 3424 3369 dicere
3468 3325 3784 3380 creaturam,
3810 3313 3885 3368 sed

2321 3406 2563 3460 absentia
2615 3404 2829 3460 luminis
2877 3420 3155 3462 remanere
3211 3405 3633 3474 obscuritatem;
3679 3415 3734 3462 ut
3779 3404 3886 3460 nihil

2320 3499 2464 3576 aliud
2516 3499 2588 3554 sit
2633 3499 3039 3568 ohtenehratio,
3091 3514 3248 3571 quam
3307 3501 3616 3574 splendoris
3661 3501 3886 3558 exclusio.

2320 3591 2473 3660 Quod
2504 3607 2632 3662 ergo
2657 3592 2974 3659 excluditur,
3006 3603 3304 3650 creaturam
3337 3610 3496 3651 vocas
3521 3613 3537 3662 ;
3569 3595 3710 3668 quod
3740 3609 3888 3651 reuna-

2321 3693 2435 3750 net,
2469 3685 2716 3740 tenebras
2750 3702 2763 3738 :
2796 3685 2935 3756 quod
2967 3686 3179 3756 quidem
3225 3688 3495 3758 vulgatum
3525 3705 3556 3744 a
3586 3687 3888 3759 philosophis

2321 3786 2442 3840 cst;
2473 3791 2573 3832 nec
2619 3791 2759 3831 nunc
2789 3792 2972 3847 quaero
3002 3792 3260 3833 verumne
3303 3793 3423 3833 esse
3455 3773 3703 3850 putetur,‘
3723 3795 3786 3833 an
3813 3777 3891 3831 fal-

2319 3884 2438 3923 sum
2471 3885 2484 3922 :
2514 3867 2609 3923 sed
2651 3868 2778 3922 ilhnl
2825 3868 3055 3936 incnlco,
3089 3869 3336 3924 tenebras
3363 3879 3417 3925 tu
3461 3887 3573 3926 non
3619 3872 3748 3926 dicis
3790 3883 3889 3924 esse

2319 3960 2463 4016 aliud
2504 3975 2662 4031 quam
2705 3959 2835 4015 nihil
2869 3978 2882 4015 :
2915 3960 2966 4014 in
2999 3961 3212 4016 homine
3254 3970 3470 4027 autem,
3519 3962 3572 4018 id
3613 3973 3714 4030 est,
3756 3976 3893 4032 opere

2321 4051 2415 4107 Dei
2448 4052 2643 4106 malum
2671 4050 2791 4106 ideo
2826 4051 3098 4107 exstitisse
3126 4053 3537 4123 argumentaris,
3582 4054 3704 4124 quia
3740 4053 3802 4109 de
3827 4051 3893 4106 ni-

2323 4141 2434 4196 hilo
2478 4139 2647 4196 factus
2691 4150 2806 4195 erat
2848 4159 2862 4196 :
2905 4156 3120 4196 causam
3167 4157 3295 4212 ergo
3342 4143 3464 4196 mali
3514 4144 3649 4199 illud
3693 4143 3892 4199 nihilum

2320 4231 2492 4289 fuisse
2533 4232 2842 4301 confirmas,
2891 4233 3032 4304 quod
3066 4234 3288 4289 nihilum
3321 4237 3570 4292 tenebras
3597 4238 3755 4292 etiam
3784 4252 3890 4305 pro.

2321 4324 2557 4380 nuntias.
2581 4324 2964 4380 Necessitatem
2987 4328 3165 4396 itaque
3195 4327 3316 4381 mali
3339 4326 3404 4381 de
3426 4329 3769 4385 tenebrarum
3784 4324 3895 4381 dicis

2319 4415 2629 4473 conditione
2649 4416 2995 4473 descendere.
3027 4419 3188 4490 Igitur
3209 4435 3307 4474 nec
3337 4419 3387 4474 iu
3414 4420 3517 4477 hoc
3535 4437 3568 4477 a
3594 4431 3894 4492 praeceptore

2319 4507 2590 4572 dissentis,
2623 4509 2876 4580 quoniam
2905 4509 3230 4566 voluntatem
3260 4510 3451 4567 malam
3479 4513 3686 4584 pariter
3707 4508 3896 4567 aeternis

2319 4601 2557 4657 tenebris
2579 4601 2870 4671 deputatis.

2390 4697 2524 4752 Auc.
2570 4695 2734 4752 Paulo
2780 4705 2906 4750 ante
2928 4694 3037 4765 jam
3069 4694 3162 4751 tibi
3193 4695 3262 4752 de
3305 4695 3473 4751 nihilo
3509 4696 3652 4752 nihil
3681 4691 3894 4758 dicenti,

2315 4797 2571 4860 quantum
2600 4797 2784 4859 aperte
2813 4788 2980 4859 potui,
3013 4789 3351 4860 breviterque
3378 4790 3660 4859 respondi,
3691 4797 3746 4844 et
3773 4798 3894 4842 nunc

2316 4881 2512 4936 frustra
2543 4879 2608 4934 ad
2637 4879 2887 4935 tenebras
2926 4879 3139 4934 voluisti
3171 4879 3374 4949 fugere.
3421 4879 3536 4934 Non
3568 4879 3764 4935 latebis
3792 4893 3807 4930 :
3831 4875 3898 4930 Ιιιο

2315 4988 2438 5028 men
2469 4971 2666 5042 quippe
2695 4981 2746 5027 te
2772 4973 3112 5042 persequitur
3141 4971 3400 5037 veritatis,
3434 4971 3503 5026 ita
3527 4971 3726 5026 dicens
3754 4968 3899 5024 factas

2314 5080 2382 5120 ex
2412 5063 2580 5118 nihilo
2599 5075 2894 5131 creaturas,
2920 5079 3038 5134 qua:
3070 5079 3175 5119 non
3203 5071 3325 5118 sunt
3352 5062 3492 5134 quod
3515 5063 3637 5133 ipse
3662 5061 3751 5131 qui
3772 5057 3896 5120 fecit,

2315 5165 2376 5210 ut
2412 5155 2584 5224 ipsum
2627 5155 2761 5210 nihil
2802 5170 2908 5212 non
2950 5155 3284 5211 existimetur
3311 5155 3392 5210 rel
3421 5154 3760 5226 intelligatur
3795 5162 3900 5206 esse

2315 5245 2534 5315 aliquid,
2562 5260 2664 5302 nec
2703 5245 2768 5301 ad
2799 5244 3100 5301 faciendum
3128 5245 3328 5302 habere
3353 5245 3587 5316 aliquam
3621 5245 3730 5298 vim
3756 5259 3772 5306 ;
3797 5238 3900 5312 quia

2316 5337 2362 5392 si
2409 5337 2648 5404 haberet,
2681 5354 2788 5392 non
2831 5348 2976 5394 esset
3005 5338 3160 5393 nihil.
3209 5338 3288 5395 Ac
3327 5352 3424 5409 per
3468 5335 3594 5404 hoc,
3647 5334 3781 5391 nihil
3822 5342 3904 5385 nec

2315 5441 2512 5497 corpus
2551 5438 2634 5482 est
2679 5428 2866 5494 ullum,
2913 5443 3013 5483 nec
3061 5429 3300 5499 spiritus,
3346 5443 3445 5483 nec
3474 5426 3557 5481 his
3607 5420 3903 5480 substantiis

2317 5517 2514 5588 aliquid
2540 5517 2810 5584 accidens,
2839 5536 2938 5575 nec
2964 5518 3206 5575 informis
3231 5520 3336 5576 ulla
3367 5518 3649 5583 materies,
3683 5531 3784 5574 nec
3807 5515 3908 5569 ina-

2317 5611 2403 5667 nis
2445 5611 2614 5677 locus,
2657 5628 2755 5668 nec
2782 5615 2910 5684 ipsa:
2941 5613 3196 5681 tenebras,
3226 5612 3318 5670 sed
3350 5624 3568 5684 prorsus
3596 5609 3737 5666 nihil
3763 5603 3904 5677 :quia

2382 5745 2400 5810 ξ
2435 5746 2508 5810 sic
2532 5752 2634 5794 Mss.
2661 5744 2779 5794 ιπΔίιὶ
2804 5759 2942 5810 vero,
2960 5745 3154 5810 ingenii.

2381 5806 2454 5867 (α)
2486 5813 2547 5868 Ex
2570 5819 2730 5868 graeco
2743 5803 3035 5860 amatores?
3068 5810 3132 5860 de
3155 5810 3398 5862 sententia
3412 5808 3586 5859 dicitur
3603 5803 3743 5856 fatue
3760 5803 3903 5855 acula,

2319 5871 2397 5917 vel
2421 5867 2652 5918 celeriter
2674 5870 2918 5931 dissijata.
