4124 6536
332 346 459 405 ιιδι

328 463 416 518 ubi
458 469 583 517 sunt
608 459 865 526 tenebrae,
898 470 1092 527 corpus
1128 464 1211 512 est
1231 453 1444 525 aliquod
1472 465 1660 507 carens
1688 451 1910 513 lumine,

327 554 441 610 sive
462 567 576 619 aer,
603 551 714 606 sive
739 564 896 621 aqua,
921 548 1033 603 sive
1059 546 1252 617 aliquid
1273 544 1451 609 aliud;
1480 542 1740 613 corporali
1766 540 1910 596 enim

330 643 528 699 lumine
557 642 640 697 vel
668 639 953 696 illuminari
981 649 1036 693 ut
1062 638 1281 704 clareat,
1322 636 1405 690 vel
1447 633 1641 706 privari
1680 643 1739 688 ut
1762 640 1913 687 tene-

330 734 555 796 brescat,
587 732 684 787 nisi
721 745 917 801 corpus
947 744 1053 784 non
1095 736 1289 799 potest.
1320 727 1398 781 Ac
1425 741 1519 797 per
1558 724 1659 781 hoc
1687 724 1909 779 istarum

326 825 683 897 corporalium
726 823 1063 879 tenebrarum
1109 818 1355 874 conditor
1400 833 1505 871 non
1537 823 1637 878 est,
1689 814 1790 869 nisi
1819 811 1911 883 qui

325 917 562 975 condidit
586 932 806 987 corpora
835 958 851 983 ,
886 921 1101 985 propter
1128 910 1269 985 quod
1313 911 1366 966 in
1394 911 1592 982 hymno
1639 907 1796 963 trium
1826 904 1913 960 vi-

327 1024 508 1065 rorum
536 1008 859 1064 benedicunt
882 1020 1004 1061 eum
1034 1004 1122 1059 lux
1147 1011 1202 1059 ct
1228 1001 1458 1058 tenebrat
1488 1000 1651 1072 (Dan.
1682 1014 1761 1062 ιιι,
1789 996 1907 1067 72).

328 1104 477 1160 Fecit
503 1118 629 1174 ergo
655 1102 795 1157 Deus
822 1107 1012 1156 cuncta
1039 1097 1107 1153 de
1144 1096 1349 1159 nihilo;
1381 1094 1433 1150 id
1459 1102 1559 1158 est,
1588 1091 1765 1147 omnia
1792 1105 1911 1160 quae

328 1206 383 1250 ιιι
413 1201 595 1250 essent
632 1191 774 1258 fecit,
807 1191 851 1246 si
881 1205 1066 1246 eorum
1108 1188 1367 1258 originem
1397 1186 1621 1257 primam
1651 1182 1917 1253 respicia-A

328 1302 447 1343 mus
470 1301 536 1342 ex
563 1284 649 1341 his
694 1299 813 1355 quae
852 1298 959 1338 non
988 1290 1141 1338 erant
1166 1279 1289 1335 fecit
1317 1297 1330 1333 :
1363 1277 1467 1333 hoc
1492 1276 1662 1332 Graeci
1689 1274 1908 1341 dicunt,

324 1388 379 1450 ἕξ
404 1386 485 1437 οὐκ
514 1387 672 1437 οντων.
719 1377 872 1446 Quod
912 1392 979 1432 ne
1003 1375 1248 1431 credatur
1289 1372 1357 1428 de
1386 1370 1687 1442 Uuigenito,
1716 1368 1806 1439 qui
1830 1375 1917 1427 est,

329 1475 469 1531 Deus
484 1474 552 1530 de
570 1474 679 1530 Deo
701 1515 717 1540 ,
743 1472 921 1527 lumen
939 1469 1008 1525 de
1022 1469 1252 1532 lumine,
1284 1474 1338 1521 ct
1354 1464 1473 1520 ideo
1500 1479 1604 1519 non
1634 1461 1700 1517 de
1724 1460 1907 1523 nihilo,

328 1565 670 1620 vehementer
712 1560 981 1617 Catholica
1026 1557 1227 1613 resistit
1268 1554 1501 1609 Arianis.
1546 1551 1682 1609 Cum
1732 1552 1911 1620 itaque

328 1655 573 1719 dicimus,
607 1668 711 1709 non
758 1651 880 1707 ideo
922 1647 1158 1720 potuisse
1184 1645 1312 1701 oriri
1342 1660 1405 1700 ex
1436 1644 1579 1699 bono
1605 1642 1796 1697 malam
1823 1656 1914 1695 vo-

328 1750 606 1812 luntatem,
638 1746 758 1816 quia
800 1744 996 1799 bonum
1042 1742 1237 1796 factum
1279 1746 1362 1793 est
1386 1752 1417 1791 a
1458 1735 1600 1790 bono
1644 1734 1773 1799 Deo,
1817 1731 1912 1787 sed

328 1841 449 1912 quia
470 1839 729 1895 denihilo
755 1836 949 1892 factum
991 1843 1095 1899 est,
1148 1847 1252 1887 nou
1296 1830 1364 1885 de
1412 1829 1556 1892 Deo;
1604 1842 1709 1881 non
1750 1825 1914 1880 nihilo

329 1932 518 1987 damus
547 1930 705 1984 ullam
736 1936 1001 1993 naturam,
1029 1923 1121 1980 sed
1147 1929 1388 1978 naturam
1429 1919 1644 1974 factoris
1668 1933 1698 1972 a
1726 1926 1912 1971 natura

330 2038 513 2079 eorum
539 2037 660 2094 quae
682 2029 824 2075 sunt
853 2019 988 2074 facta
1013 2014 1387 2073 discernimus.
1422 2012 1543 2067 Ideo
1567 2010 1763 2082 quippe
1789 2024 1916 2080 pos-

330 2124 452 2172 sunt
479 2115 578 2170 ista
599 2113 811 2179 mutari,
835 2112 947 2167 sive
972 2110 1262 2172 voluntate,
1291 2108 1427 2162 sicut
1453 2104 1724 2160 rationalis
1744 2104 1916 2174 potuit

330 2214 594 2272 creatura,
619 2205 731 2260 sive
757 2203 984 2274 propriis
1004 2198 1342 2271 qualitatibus
1367 2196 1498 2261 suis,
1526 2195 1663 2249 sicut
1687 2204 1911 2259 caetera;

330 2297 579 2369 quoniam
606 2296 673 2353 de
702 2293 867 2349 nihilo
906 2292 1042 2347 facta
1085 2298 1229 2357 sunt,
1258 2304 1362 2343 non
1407 2286 1474 2342 de
1503 2286 1633 2351 Deo,
1675 2284 1915 2355 quamvis

331 2389 557 2445 faciente
584 2386 792 2443 nonnisi
824 2385 971 2450 Deo;
1000 2382 1051 2438 id
1075 2389 1179 2447 cst,
1220 2380 1342 2451 quia
1372 2392 1477 2433 non
1508 2384 1632 2431 sunt
1654 2374 1798 2446 quod
1829 2374 1915 2430 illa

333 2490 542 2547 natura,
585 2494 704 2550 qua:
729 2477 863 2532 facta
892 2490 996 2529 nou
1021 2482 1123 2536 est,
1151 2480 1311 2542 atque
1350 2468 1422 2523 ob
1446 2467 1549 2522 hoc
1576 2465 1917 2522 immutabilis

332 2573 447 2629 sola
473 2579 573 2626 est.
602 2568 658 2624 Si
698 2582 825 2639 ergo
851 2566 930 2620 vis
957 2561 1276 2620 Manichaeos
1304 2559 1388 2614 vel
1414 2557 1653 2613 devitarc
1678 2555 1760 2610 vel
1801 2554 1918 2610 vin-

332 2677 478 2724 cere,
508 2664 608 2715 hoc
632 2674 780 2729 sape,
807 2657 909 2713 hoc
935 2670 1067 2727 cape
1104 2649 1467 2721 intelligendo,
1511 2648 1556 2704 si
1595 2654 1771 2719 potes,
1800 2661 1919 2701 cre-

332 2752 530 2821 dendo,
574 2751 620 2807 si
668 2766 774 2805 non
822 2757 996 2820 potes,
1041 2745 1291 2817 quoniam
1336 2758 1404 2797 ex
1449 2741 1604 2796 bonis
1633 2747 1751 2795 orta
1794 2746 1920 2794 sunt

332 2847 493 2911 mala,
525 2860 623 2901 nec
649 2853 731 2899 est
758 2840 956 2911 aliquid
986 2825 1184 2894 malitia
1212 2836 1311 2891 nisi
1338 2835 1624 2905 indigentia
1654 2834 1802 2890 boni.

406 2935 566 2993 XLV.
595 2933 714 2989 Jun.
755 2930 953 2985 Verum
978 2936 1036 2982 ιιι
1061 2926 1248 2982 ambos
1275 2940 1371 2979 vos
1396 2924 1591 2980 veritas
1613 2923 1833 2991 detexit,
1864 2932 1921 2979 et

336 3026 544 3098 proruit
575 3040 589 3076 :
618 3023 689 3077 ita
714 3036 743 3075 a
776 3019 928 3075 nobis
954 3016 1314 3073 consideratio
1338 3014 1507 3069 nostri
1533 3013 1764 3084 reposcit
1804 3013 1921 3069 ofli-

335 3115 428 3181 cii,
462 3124 519 3168 ut
541 3111 664 3183 quid
686 3110 756 3165 sit
781 3109 882 3164 hoc
907 3106 1048 3179 quod
1068 3105 1441 3162 obscuritatem
1466 3103 1588 3158 huic
1613 3103 1916 3173 qurestioni,

335 3219 456 3275 qua:
481 3203 589 3273 jam
628 3206 897 3257 exarmata
939 3206 1045 3264 est,
1091 3194 1309 3259 fecerat,
1340 3192 1685 3264 explicemus.
1729 3190 1921 3248 Omnia

334 3308 457 3366 qua:
502 3293 653 3358 (lunt,
682 3300 773 3345 aut
801 3306 831 3344 a
871 3287 1194 3353 necessario,
1223 3294 1316 3340 aut
1339 3301 1370 3340 a
1398 3284 1630 3356 possibili
1672 3283 1921 3339 dicuntur

335 3386 588 3442 existere.
620 3381 991 3439 Necessarium
1018 3387 1195 3435 autem
1226 3376 1313 3433 hic
1346 3376 1487 3444 dico,
1531 3392 1635 3432 non
1662 3375 1804 3447 quod
1828 3392 1920 3431 so-

342 3477 518 3536 lemus
565 3475 694 3531 utile
732 3486 1057 3542 nuncupare,
1104 3470 1197 3526 sed
1243 3469 1386 3541 quod
1432 3468 1721 3539 majoribus
1765 3467 1923 3524 fuerit

337 3566 513 3623 causis
566 3573 830 3621 eoactum.
885 3561 1256 3618 Necessarium
1301 3574 1429 3630 ergo
1477 3573 1766 3625 vocamus,
1813 3575 1920 3615 non

337 3656 552 3727 quodin
574 3655 694 3725 jure
714 3654 785 3709 sit
803 3653 1108 3717 voluntatis,
1128 3650 1220 3706 sed
1245 3649 1385 3721 quod
1408 3648 1634 3719 patiatur
1657 3648 1921 3705 existendi

338 3747 468 3804 vim.
516 3748 774 3802 Possibile
817 3754 994 3800 autem
1023 3743 1271 3806 dicimus,
1316 3740 1457 3812 quod
1487 3755 1588 3796 nec
1616 3739 1875 3817 existendi
1903 3782 1920 3809 ,

342 3855 442 3897 nec
469 3855 573 3895 non
603 3836 863 3894 existeudi
894 3838 946 3892 in
976 3836 1200 3890 alteram
1245 3843 1450 3905 partem
1496 3834 1802 3903 experiatur
1833 3848 1925 3888 ne-

340 3931 671 3996 cessitatem,
710 3927 806 3984 sed
830 3928 992 3983 certis
1019 3925 1190 3984 modis
1216 3933 1271 3981 et
1298 3925 1467 3997 possit
1491 3938 1631 3989 esse,
1674 3932 1728 3979 et
1758 3924 1927 3995 possit

342 4038 449 4079 non
477 4036 615 4077 esse.
646 4021 848 4076 Teneat
888 4034 1015 4090 ergo
1041 4018 1209 4074 lector
1237 4026 1440 4079 noster,
1471 4014 1597 4086 quid
1630 4014 1716 4069 hic
1741 4030 1927 4070 neces-

341 4107 565 4173 sarium,
585 4105 709 4177 quid
734 4102 981 4175 possibile
1007 4115 1391 4171 nuncupemus.
1420 4099 1611 4154 Etuta
1634 4097 1926 4169 grandibus

342 4200 655 4257 inchoemus
695 4194 983 4266 exemplis,
1034 4202 1093 4249 ut
1140 4194 1279 4249 Deus
1324 4191 1525 4247 faceret
1571 4190 1824 4246 mundum
1850 4231 1864 4255 ,
1895 4204 1927 4245 a

342 4290 583 4364 possibili
620 4289 765 4345 venit
787 4288 861 4353 ei,
907 4301 1011 4342 nou
1036 4301 1066 4341 a
1092 4284 1429 4349 necessario;
1458 4283 1511 4339 id
1536 4291 1639 4345 est,
1680 4282 1927 4352 omnipo-

344 4384 524 4440 tentis:
550 4383 667 4452 ejus
695 4380 945 4453 possibile
969 4378 1067 4433 fuit
1094 4392 1279 4433 creare
1306 4392 1424 4447 qua:
1449 4374 1705 4438 condidit,
1739 4390 1928 4430 neces-

343 4476 542 4531 sarium
568 4483 745 4529 tamen
788 4487 895 4527 non
937 4469 1054 4533 fuit,
1098 4468 1345 4524 videlicet
1371 4483 1476 4522 non
1520 4474 1603 4521 est
1643 4465 1710 4521 ab
1751 4465 1929 4535 aliquo

344 4574 560 4622 coactus
588 4576 641 4620 ut
686 4564 904 4628 faceret,
949 4561 1041 4616 sed
1078 4559 1200 4615 fecit
1243 4559 1367 4629 quia
1417 4557 1602 4622 voluit,
1649 4554 1929 4626 quodnon

344 4658 562 4714 fecisset
607 4657 842 4727 profecto
883 4655 927 4710 si
958 4653 1232 4710 noluisset.
1284 4652 1355 4706 At
1397 4649 1498 4705 hoc
1540 4648 1684 4719 quod
1725 4645 1929 4702 auctori

344 4749 514 4805 adfuit
553 4764 584 4804 a
613 4747 872 4818 possibili,
904 4746 956 4800 in
985 4758 1146 4815 Opere
1179 4758 1209 4796 a
1237 4741 1539 4797 necessario
1584 4739 1775 4793 factum
1805 4746 1887 4793 est
1909 4778 1927 4803 ,

347 4842 401 4898 id
430 4850 530 4905 est,
558 4855 662 4895 non
689 4839 785 4894 fuit
815 4836 1012 4893 mundo
1038 4834 1287 4905 possibile
1313 4847 1435 4889 esse
1458 4839 1515 4887 et
1541 4845 1645 4886 non
1674 4844 1815 4896 esse,
1841 4829 1931 4900 qui

348 4950 470 4990 esse
513 4933 580 4988 ab
608 4932 981 5003 Omnipotente
1029 4927 1328 4997 jubebatur,
1375 4924 1468 4981 sed
1505 4922 1795 4994 cogebatur
1816 4920 1931 4977 exi-

347 5037 510 5092 stere,
538 5024 623 5080 cui
651 5024 1001 5093 Omnipotens
1032 5018 1315 5075 mandabat
1339 5017 1650 5072 essentiam.

419 5116 555 5172 Auc.
594 5112 874 5183 Quomodo
922 5109 1153 5167 mundus
1209 5106 1498 5178 cogebatur
1540 5105 1793 5171 existere,
1843 5103 1934 5175 qui

351 5223 456 5262 non
478 5214 594 5262 erat
615 5214 900 5275 antequam
926 5200 1219 5259 existeret?
1254 5197 1533 5267 Quomodo
1557 5197 1763 5268 cogitur
1786 5197 1935 5268 quis-

349 5314 473 5368 que,
497 5298 542 5353 si
567 5312 671 5353 non
696 5296 822 5351 est?
849 5294 1037 5351 Nonne
1060 5292 1226 5347 satius
1246 5299 1360 5346 erat
1376 5298 1433 5344 ut
1458 5289 1684 5353 diceres,
1712 5287 1937 5343 Mundus

354 5388 522 5445 factus
547 5388 750 5445 εειῡεί
778 5388 1071 5449 voluntate,
1102 5399 1209 5439 non
1234 5381 1370 5438 sua?
1398 5380 1505 5436 Sed
1547 5394 1726 5451 perge,
1753 5378 1937 5433 videa-

355 5496 475 5536 mus
503 5480 629 5550 quid
670 5495 736 5535 ex
767 5480 867 5533 ista
914 5476 1253 5531 distinctione
1281 5471 1547 5542 possibilis
1573 5479 1626 5525 et
1653 5468 1937 5525 necessarii

355 5572 569 5629 coneris
614 5570 897 5627 ostendere
928 5586 943 5623 :
973 5582 1133 5638 quam
1181 5564 1371 5620 melius
1422 5576 1700 5634 possemus
1745 5560 1942 5616 intelli-

355 5677 504 5734 gere,
532 5662 577 5717 si
603 5677 720 5718 eam
745 5672 1168 5715 commemorare
1211 5653 1597 5718 tantummodo,
1630 5667 1734 5707 non
1765 5660 1819 5706 et
1847 5665 1940 5705 ex-

358 5768 560 5826 ponere
594 5751 876 5808 voluisses.
906 5748 1035 5817 Quis
1064 5747 1206 5802 enim
1246 5740 1349 5801 non
1382 5743 1575 5811 videat,
1618 5756 1776 5798 omne
1798 5738 1939 5813 quod

652 5856 924 5919 Panos.
957 5857 1147 5920 XLV.

1707 335 1904 393 LIBER
1942 333 2260 404 QUINTUS.

3469 344 3604 400 “8‘!

2022 449 2135 505 fieri
2176 461 2399 505 necesse
2425 456 2528 516 est,
2555 448 2714 505 etiam
2752 448 2864 506 neri
2906 465 3102 522 posse;
3132 466 3238 510 non
3261 467 3421 511 omne
3459 459 3602 528 quod

2021 537 2132 593 fieri
2158 546 2351 609 potest,
2379 539 2537 594 etiam
2563 538 2677 595 ﬁeri
2707 554 2925 596 necesse
2950 541 3113 597 esse?
3141 543 3195 598 Si
3223 559 3350 616 ergo
3377 545 3480 604 hoc
3506 547 3601 602 tibi

2020 631 2216 700 plaeuit
2242 631 2509 701 appellare
2538 632 2811 702 possibile,
2856 633 2998 704 quod
3037 634 3110 690 ita
3155 635 3267 691 fieri
3313 647 3509 707 potest,
3541 649 3600 694 ut

2020 737 2126 777 non
2150 722 2220 777 sit
2245 737 2501 790 necesse;
2534 722 2664 778 illud
2692 732 2869 778 autem
2898 726 3276 790 necessarium,
3307 727 3447 797 quod
3491 744 3602 784 non

2018 814 2191 869 solum
2218 814 2331 870 fieri
2362 823 2554 885 potest,
2582 831 2769 870 verum
2799 816 2959 871 etiam
2988 831 3207 872 necesse
3233 826 3354 874 est:
3383 820 3603 890 loquere

2020 913 2075 959 ut
2100 904 2200 972 vis,
2232 905 2320 961 ubi
2346 922 2432 962 res
2454 915 2729 977 apparent,
2759 922 2865 963 non
2886 917 2968 963 est
2994 909 3064 965 de
3090 909 3267 965 verbis
3285 920 3599 967 controver-

2018 998 2096 1053 sia
2120 997 2419 1071 ‘facienda.
2489 1000 2631 1055 Satis
2676 1008 2760 1056 est
2804 1014 2964 1059 nosse
3028 1017 3189 1058 omne
3237 1005 3598 1060 necessarium

2018 1104 2137 1145 esse
2189 1091 2466 1160 possibile,
2518 1106 2625 1148 non
2676 1108 2836 1149 omne
2883 1094 3136 1165 possibile
3178 1109 3299 1153 esse
3348 1113 3601 1154 necessa-

2018 1195 2176 1235 rium.
3520 1232 3525 1237 ,

2090 1272 2272 1330 XLVI.
2305 1273 2414 1335 Jul.
2463 1274 2697 1334 Transiit
2718 1291 2846 1349 ergo
2871 1278 2928 1334 in
2956 1280 3330 1337 necessitatem
3357 1282 3598 1351 conditi,

2017 1366 2159 1436 quod
2200 1375 2418 1424 venerat
2439 1366 2508 1425 de
2532 1366 2881 1439 possibilitate
2919 1370 3219 1427 condentis.
3267 1372 3414 1429 Fecit
3436 1375 3599 1430 etiam

2018 1458 2257 1514 diversas
2276 1468 2490 1515 naturas
2509 1459 2857 1532 diversasque
2876 1462 3083 1531 species
3105 1463 3156 1517 in
3175 1464 3397 1532 naturis,
3421 1474 3603 1520 custo-

2018 1546 2131 1603 dito
2156 1563 2221 1604 eo
2245 1550 2433 1606 ordine
2470 1551 2559 1621 qui
2586 1566 2617 1605 a
2647 1566 2823 1607 rerum
2852 1552 2870 1585 ⁸
2892 1552 3093 1608 fluebat
3120 1551 3366 1619 exordio,
3395 1563 3451 1607 ut
3493 1554 3601 1611 alia

2018 1650 2202 1697 essent
2229 1643 2554 1707 necessaria,
2596 1643 2700 1698 alia
2729 1642 3023 1714 possibilia.
3053 1644 3318 1713 Quidquid
3345 1660 3475 1717 ergo
3501 1645 3602 1701 ha-

2021 1730 2150 1786 bent
2180 1740 2440 1788 creaturtc
2469 1732 2801 1802 naturaliter,
2832 1748 2862 1788 a
2902 1732 3190 1789 necessarii
3220 1743 3369 1804 parte
3397 1735 3604 1791 sortitae

2020 1830 2163 1877 Slllll.

2091 1914 2225 1970 Anc.
2266 1912 2323 1968 Si
2365 1912 2619 1985 quidquid
2658 1912 2855 1971 habent
2897 1924 3156 1972 creatura:
3203 1916 3541 1985 naturaliter,
3568 1932 3602 1972 a

2022 2010 2170 2072 parte
2213 2003 2499 2058 necessarii
2542 2004 2744 2059 sortita:
2787 2014 2943 2071 sunt;
2975 2020 3083 2061 non
3118 2021 3248 2078 ergo
3288 2008 3603 2065 naturaliter

2022 2093 2218 2149 habent
2238 2093 2479 2149 homines
2503 2094 2643 2165 quod
2670 2097 3049 2163 concumbunt,
3082 2098 3176 2154 sed
3204 2099 3347 2171 quod
3375 2109 3603 2170 possunt

2019 2185 2374 2242 concumbere
2405 2202 2418 2238 :
2452 2198 2551 2240 nec
2587 2184 2676 2241 ille
2698 2202 2857 2257 quem
2882 2188 3173 2258 Apostolus
3211 2204 3600 2247 commemora-

2022 2278 2115 2345 vit,
2145 2278 2399 2333 naturalis
2425 2286 2509 2333 εει
2531 2292 2664 2334 ιιειιε
2688 2279 2900 2335 feminae
2925 2279 3104 2351 (Rom.
3138 2297 3174 2348 ι,
3206 2283 3320 2353 27),
3351 2286 3446 2340 sed
3474 2300 3604 2355 pos-

2020 2370 2245 2424 sibilitas
2269 2369 2423 2439 ejus;
2451 2369 2496 2425 si
2522 2369 2664 2425 enim
2693 2370 2827 2425 nolit
2851 2370 3030 2438 homo,
3063 2389 3169 2429 non
3200 2385 3283 2432 est
3310 2376 3425 2446 ipse
3448 2396 3601 2452 usus,

2021 2462 2261 2531 quamvis
2276 2460 2442 2531 possit
2455 2475 2593 2528 esse,
2611 2460 2793 2516 sivelit
2811 2478 2824 2515 :
2840 2463 3159 2532 possibilitas
3177 2481 3304 2539 ergo
3317 2469 3435 2538 ejus
3454 2479 3611 2529 natu—

2021 2553 2149 2608 ralis
2168 2562 2269 2619 est,
2299 2552 2412 2622 ipse
2438 2567 2543 2608 non
2571 2560 2684 2618 est;
2712 2567 2820 2609 non
2843 2553 2985 2610 enim
3000 2564 3084 2611 est
3098 2561 3451 2631 necessarius,
3474 2564 3565 2634 qui
3580 2565 3603 2596 '

2022 2644 2200 2699 nullus
2223 2652 2325 2709 εει,
2368 2643 2413 2700 si
2440 2643 2687 2711 nolimus,
2712 2651 2768 2699 et
2789 2645 2983 2700 erravit
3011 2647 3297 2717 Apostolus
3337 2653 3427 2722 qui
3466 2653 3604 2711 dixit

2023 2749 2143 2791 esse
2175 2751 2329 2790 usum
2377 2734 2587 2791 feminae
2634 2735 2951 2792 naturalem.
2982 2736 3083 2795 Ubi
3129 2750 3213 2796 est
3254 2742 3412 2798 etiam
3458 2746 3602 2816 quod

2022 2834 2147 2882 ante
2188 2826 2386 2893 dixisti,
2437 2835 2683 2882 naturam
2728 2842 2919 2899 genus,
2961 2829 3302 2902 speciemque
3338 2833 3455 2905 ejus
3478 2851 3601 2893 esse

2023 2915 2366 2985 conjugium;
2395 2916 2823 2987 quandoquidem
2865 2932 2971 2973 non
3002 2924 3343 2989 necessitate,
3384 2925 3480 2980 sed
3505 2942 3606 2982 vo~

2024 3007 2226 3063 luntate
2249 3007 2490 3079 coniugia
2516 3008 2873 3078 copulantur?
2901 3011 2979 3065 An
3004 3011 3141 3068 forte
3161 3023 3218 3068 ut
3244 3015 3346 3070 hoc
3369 3016 3603 3083 diceres,

2025 3099 2259 3155 nondum
2287 3099 2377 3155 tibi
2406 3100 2458 3154 in
2498 3108 2730 3155 mentem
2760 3110 2977 3157 venerat
3005 3101 3232 3159 duorum
3275 3104 3520 3175 istorum,
3551 3110 3606 3164 id

2023 3199 2126 3257 est,
2169 3190 2457 3246 necessarii
2507 3189 2876 3262 possibilisque
2903 3191 3217 3248 distinctio?
3262 3194 3331 3250 Et
3380 3205 3441 3252 ut
3488 3209 3609 3268 post

2025 3283 2364 3340 concubitum
2408 3297 2630 3338 sexuum
2675 3292 2923 3339 nascatur
2973 3284 3154 3350 homo,
3206 3289 3445 3346 naturale
3496 3305 3606 3346 non

2026 3384 2128 3443 est,
2156 3376 2279 3446 quia
2306 3389 2412 3429 non
2441 3382 2525 3431 est
2549 3373 2953 3451 necessarium?
2978 3375 3093 3430 Non
3118 3377 3259 3432 enim
3285 3393 3505 3435 necesse
3524 3390 3610 3436 est

2026 3476 2087 3524 ut
2111 3476 2363 3538 sequatur
2386 3475 2675 3537 conceptus
2706 3476 2761 3522 et
2786 3476 2988 3538 partus,
3016 3482 3137 3523 cum
3177 3484 3291 3525 mas
3317 3479 3370 3526 et
3407 3471 3608 3528 femina

2026 3557 2407 3614 concubuerint
2438 3574 2452 3610 :
2486 3558 2587 3613 hoc
2610 3566 2789 3613 autem
2821 3557 3091 3627 possibile,
3119 3573 3225 3613 non
3247 3562 3608 3618 necessarium

2027 3648 2280 3714 definisti,
2304 3647 2449 3719 quod
2486 3647 2602 3703 fleri
2635 3655 2829 3718 potest,
2859 3647 2952 3704 sed
2977 3663 3198 3704 necesse
3226 3664 3332 3705 non
3368 3661 3471 3706 est.
3502 3652 3611 3708 Nec

2029 3740 2341 3795 naturaliter
2364 3737 2782 3794 manducamus?
2807 3738 2941 3807 Quia
2970 3748 3025 3795 et
3060 3739 3162 3795 hoc
3186 3739 3227 3807 ³,
3257 3741 3299 3796 si
3341 3742 3610 3809 uolumus,

2031 3844 2137 3885 non
2164 3830 2254 3896 lit;
2281 3836 2338 3885 et
2362 3828 2482 3886 ideo
2517 3828 2771 3899 possibile
2793 3838 2895 3896 est,
2941 3845 3046 3885 non
3091 3833 3473 3888 necessarium.
3504 3832 3611 3890 Sed

2030 3924 2131 3978 ista
2172 3935 2371 3993 negare
2395 3935 2516 3977 esse
2543 3920 2829 3988 naturalia,
2871 3921 2998 3975 nihil
3032 3931 3115 3977 est
3140 3922 3281 3977 aliud
3314 3939 3471 3994 quam
3499 3940 3614 3979 ma-

2029 4027 2187 4083 gnam
2216 4020 2418 4081 partem
2448 4010 2582 4066 velle
2605 4009 2816 4067 auferre
2835 4020 3058 4066 natura}.
3087 4010 3302 4067 Falsum
3330 4023 3412 4069 est
3435 4013 3615 4084 itaque

2031 4103 2175 4176 quod
2202 4104 2344 4168 aisti,
2381 4122 2399 4157 ι
2436 4103 2702 4176 Quidquid
2732 4103 2930 4160 habent
2969 4112 3228 4160 creatum
3277 4107 3614 4177 naturaliter,

2032 4210 2062 4249 a
2089 4195 2376 4252 necessarii
2420 4205 2571 4266 parte
2614 4195 2816 4252 sortitae
2843 4206 2968 4251 sunt
2999 4213 3014 4251 :
3054 4214 3074 4250 ι
3104 4197 3531 4269 quandoquidem
3561 4210 3622 4255 et

2035 4288 2151 4345 hinc
2176 4305 2297 4360 qua:
2340 4287 2777 4355 commemoravi,
2823 4297 2878 4344 et
2901 4288 3003 4344 alia
3038 4303 3159 4359 quae
3194 4303 3621 4345 commemorare

2035 4380 2251 4451 longum
2280 4388 2382 4447 est,
2416 4380 2729 4436 naturaliter
2755 4378 2973 4447 habent,
3008 4393 3107 4436 nec
3143 4394 3206 4436 ea
3237 4389 3413 4437 tamen
3439 4390 3561 4437 sunt
3583 4397 3617 4437 a

2036 4470 2320 4527 necessarii
2352 4478 2501 4541 parte
2526 4470 2747 4526 sortitaz.
3134 4478 3137 4479 '

2108 4561 2313 4618 XLVII.
2340 4558 2461 4617 Jun.
2499 4562 2599 4629 Qui
2624 4560 2646 4593 ⁸
2675 4569 2855 4616 autem
2876 4561 3113 4637 sentiunt
3140 4561 3195 4616 in
3212 4576 3483 4631 processu,
3509 4575 3615 4615 non

2036 4667 2249 4722 semper
2276 4667 2307 4707 a
2344 4651 2674 4718 necessario,
2718 4650 2811 4706 sed
2843 4651 3006 4706 multa
3034 4666 3064 4704 a
3104 4652 3342 4721 possibili
3377 4650 3616 4720 capiunt.

2035 4743 2150 4798 Hoc
2194 4743 2246 4797 in
2275 4742 2481 4797 cunctis
2528 4742 2650 4797 licet
2688 4741 2868 4795 videre
2896 4741 3212 4811 comparibus
3240 4757 3254 4794 :
3282 4741 3376 4795 sed
3410 4738 3619 4811 longior

2037 4834 2321 4903 disputatio
2369 4833 2639 4898 nascitur;
2686 4845 2849 4902 pauca
2895 4838 3072 4886 tamen
3120 4828 3311 4884 demus
3349 4829 3616 4899 exempla.

2038 4924 2232 4979 Natura
2258 4937 2543 4994 corporum
2558 4929 2660 4989 est,
2689 4931 2747 4976 ut
2764 4920 3227 4991 coagmentatione
3244 4930 3618 4984 concrescant,

2039 5015 2297 5071 divisione
2322 5014 2599 5070 solvantur
2624 5032 2639 5069 :
2667 5011 2883 5084 capacia
2909 5025 3037 5081 ergo
3062 5019 3187 5066 sunt
3213 5010 3472 5078 vulneris,
3500 5025 3619 5081 qua:

2040 5105 2311 5177 patiuntur
2336 5103 2628 5160 interitum.
2659 5102 2730 5159 Ut
2757 5116 2885 5172 ergo
2916 5100 3119 5171 possint
3146 5099 3431 5165 vulnerari,
3462 5115 3493 5156 a
3524 5116 3621 5155 ne-

2041 5198 2274 5253 cessario
2313 5196 2551 5260 habent;
2580 5203 2641 5249 ut
2684 5192 3032 5247 vulnerentur
3058 5201 3257 5256 autem,
3299 5205 3331 5245 a
3363 5190 3621 5261 possibili.

2046 5291 2117 5347 Ita
2143 5305 2174 5345 a
2203 5286 2503 5346 necessario
2529 5294 2613 5342 est
2641 5282 3006 5356 possibilitatis
3034 5290 3247 5348 natura,
3274 5296 3395 5336 cum
3418 5296 3523 5337 non
3554 5282 3626 5335 sit

2043 5383 2372 5439 necessarius
2398 5377 2760 5451 possibilitatis
2779 5375 3018 5432 etl‘ectus.
3042 5375 3202 5433 Verbi
3223 5376 3410 5447 gratia,
3431 5389 3623 5445 equus,

2109 5562 2127 5594 ί
2148 5560 2293 5624 editi,
2307 5572 2404 5624 qua
2424 5570 2603 5624 rerum.
2628 5557 2928 5624 castigantur
2951 5569 3018 5607 ει
3049 5555 3402 5617 manuscriptls.

2069 5637 2071 5640 ‘
2109 5624 2129 5685 ξ
2166 5617 2453 5685 \‘ignie'rius,
2477 5620 2607 5684 quia.
2635 5617 2883 5685 Mss.,‘qut'_.

2112 5684 2133 5716 ³
2163 5677 2245 5731 sic
2259 5691 2361 5731 MSS.
2389 5677 2620 5744 ln'\"ign.,
2641 5678 2759 5743 quia
2775 5677 2840 5731 ea:
2862 5677 2969 5729 hoc.

2114 5748 2133 5777 ⁵
2168 5752 2324 5805 Forte,
2352 5753 2481 5805 (mw.

2740 5837 3324 5925 {Quarautc-upt.)
