4124 6514
542 354 682 409 ιικῑς

540 470 656 533 bos,
686 476 740 522 et
764 466 966 521 similes
990 463 1290 520 animantes
1327 460 1714 517 vulnerabilem
1745 459 1942 514 habent
1972 468 2128 512 natu-

540 573 676 621 ram,
706 565 762 613 et
789 555 908 613 ideo
945 552 1270 612 incommodi
1313 552 1529 624 capacia
1569 566 1600 607 a
1627 550 1930 607 necessario
1957 559 2084 604 sunt
2111 565 2125 602 :

540 661 598 708 ut
621 659 801 707 autem
845 649 1213 716 vulnerentur,
1246 660 1352 702 non
1381 659 1593 716 semper
1633 641 1994 699 necessarium
2023 648 2128 696 est.

537 743 597 800 Si
627 743 770 800 enim
796 755 895 812 per
918 739 1246 811 diligentiam
1280 735 1558 792 custodum
1583 731 1936 790 defendantur
1962 747 1993 786 a
2020 731 2134 803 pla-

537 835 638 906 gis,
671 841 896 906 possunt
918 845 1025 887 non
1051 828 1351 886 vulnerari:
1374 826 1516 898 quod
1535 826 1710 882 sinon
1735 823 2126 896 custodiantur,

470 913 515 1006 ’ξ
538 932 766 997 possunt
802 922 961 978 etiam
987 919 1272 976 vulnerari.
1324 916 1614 974 Plurimum
1651 930 1781 987 ergo
1807 914 1970 970 distat
1993 913 2137 969 inter

540 1034 603 1074 ea
633 1032 754 1089 qua:
780 1031 810 1070 a
842 1013 1077 1085 possibili
1113 1012 1351 1077 veniunt,
1382 1018 1437 1066 et
1461 1023 1525 1065 ea
1563 1023 1683 1079 qua:
1707 1022 1738 1062 a
1777 1006 2086 1062 necessario
2115 1022 2129 1059 :

539 1126 661 1182 qua:
704 1109 805 1165 nisi
850 1105 1176 1163 custodiatur
1217 1103 1522 1169 distinctio,
1574 1101 1628 1156 in
1669 1101 1981 1156 innumeros
2027 1099 2135 1153 itur

541 1219 773 1262 errores.
812 1201 965 1270 Quod
989 1209 1047 1256 ut
1069 1197 1467 1270 comparatione
1504 1195 1768 1250 clarescat
1798 1238 1807 1246 .
1845 1191 1976 1262 lapsi
2008 1199 2134 1246 sunt

541 1295 755 1366 quidam
804 1291 1080 1347 medicinae
1127 1295 1540 1358 oppugnatores,
1593 1283 1947 1354 argumentati
1995 1281 2134 1337 hanc

541 1394 713 1441 artem
736 1383 862 1438 nihil
890 1381 1087 1437 habere
1110 1378 1346 1434 utilitatis
1369 1393 1388 1444 ,°
1413 1375 1793 1445 disputantquc
1824 1371 1925 1427 hoc
1947 1370 2129 1426 modo:

542 1475 878 1531 hloriturisne
907 1469 1167 1527 medicina
1197 1465 1460 1533 subvenit,
1487 1481 1556 1520 an
1585 1463 1846 1520 victuris?
1871 1463 1926 1518 Si
1955 1462 2122 1517 mori-

544 1569 697 1635 turis,
729 1566 857 1621 nihil
899 1569 1178 1636 promovet
1206 1579 1220 1616 :
1249 1561 1295 1616 si
1325 1559 1566 1626 victuris,
1599 1558 1792 1613 frustra
1820 1554 1998 1628 gestit.
2030 1553 2132 1622 Qui

541 1659 683 1716 enim
715 1656 954 1712 morituri
985 1663 1157 1718 erant,
1191 1654 1292 1709 hac
1317 1667 1529 1724 quoque
1555 1651 1854 1717 laborante,
1895 1647 2134 1704 morien-

540 1760 625 1806 tur
657 1768 670 1805 :
702 1749 791 1820 qui
831 1747 1043 1815 victuri,
1094 1746 1212 1802 sine
1239 1759 1450 1816 quoque
1492 1743 1654 1812 hujus
1692 1741 1958 1799 beneﬁcio
2001 1740 2134 1797 salvi

536 1857 656 1898 esse
684 1848 989 1912 potuerunt.
1022 1838 1193 1907 Quam
1219 1852 1412 1908 nempe
1436 1837 1721 1903 concinna,
1746 1850 1903 1906 quam
1928 1833 2134 1888 urbana

540 1933 851 1990 conclusio!
884 1931 979 1987 sed
1004 1931 1312 1987 dissolvitur
1350 1944 1380 1983 a
1432 1926 1910 1999 propugnatoribus
1959 1924 2132 1979 medi-

533 2025 668 2080 cina:
699 2025 800 2080 hoc
842 2021 1006 2078 modo
1033 2039 1047 2074 :
1082 2021 1209 2076 Haac
1236 2034 1344 2084 ars,
1387 2019 1651 2091 inquiunt,
1683 2015 1900 2086 prodest
1929 2030 2029 2072 nec
2053 2016 2134 2070 vi-

531 2117 718 2181 cturis,
767 2129 867 2171 nec
910 2113 1184 2168 morituris
1226 2111 1486 2167 duntaxat
1525 2125 1555 2164 a
1605 2109 1932 2177 necessario,
1979 2107 2074 2164 sed
2099 2123 2132 2164 a

533 2207 773 2280 possibili
823 2205 875 2262 id
925 2215 1212 2276 utrumque
1261 2203 1502 2274 passuris
1536 2219 1549 2256 :
1581 2217 1687 2256 non
1739 2215 1868 2273 ergo
1915 2199 2132 2270 adjuvat

531 2300 795 2357 medicina
819 2313 942 2356 eum
975 2298 1065 2369 qui
1093 2298 1212 2353 sine
1235 2295 1397 2352 dubio
1423 2293 1713 2350 moriturus
1740 2302 1842 2359 est,
1875 2293 2128 2363 quoniam

534 2392 711 2447 facere
738 2377 1094 2445 immortalem
1123 2403 1229 2444 non
1273 2393 1488 2457 potest;
1517 2383 1613 2441 sed
1643 2399 1814 2455 neque
1842 2383 1892 2439 ei
1931 2383 2128 2439 subve-

537 2482 634 2548 nit,
677 2481 770 2554 qui
811 2481 928 2536 sine
964 2481 1127 2536 dubio
1171 2479 1375 2534 futurus
1407 2479 1424 2510 ⁸
1466 2476 1748 2533 incolumis
1774 2485 1858 2532 est
1897 2494 1910 2531 :
1943 2491 2130 2531 verum

536 2573 637 2641 illi,
667 2573 756 2643 qui
783 2572 827 2628 si
858 2587 963 2628 non
993 2578 1231 2638 curetur,
1261 2568 1550 2642 periclitari
1580 2575 1790 2639 potest;
1820 2567 1866 2624 si
1891 2576 2128 2635 curetur,

534 2666 752 2722 liberari
785 2672 959 2736 potest
990 2681 1004 2718 :
1036 2663 1176 2719 sicut
1217 2677 1344 2734 ergo
1369 2676 1473 2718 nec
1511 2661 1716 2717 victuro
1746 2674 1847 2716 nec
1872 2660 2132 2716 morituro

534 2773 566 2814 a
595 2758 885 2815 necessarii
914 2755 1220 2813 conditione
1245 2755 1548 2823 subvenire,
1578 2754 1650 2810 ita
1690 2762 1745 2810 et
1786 2754 2047 2810 morituro
2076 2762 2133 2809 et

533 2852 765 2918 victuro,
794 2850 888 2908 sed
917 2867 948 2907 a
992 2849 1253 2921 possibili,
1281 2863 1371 2905 ars
1399 2857 1576 2922 potest
1615 2846 1822 2904 erudita
1851 2833 2126 2918 prodesse.

535 2942 612 2997 Illi
659 2958 788 3014 ergo
837 2943 1040 3013 priores
1088 2941 1449 2998 medicantum
1500 2939 1690 2997 studiis
1735 2940 2123 3012 obloquentes,

534 3036 953 3106 propositionem
983 3051 1012 3090 a
1043 3034 1282 3107 possibili
1315 3032 1676 3100 inchoantcm,
1704 3033 1994 3089 necessarii
2025 3032 2130 3088 ﬁne

528 3131 841 3185 clauserunt
880 3147 892 3183 :
942 3128 1084 3199 quod
1114 3126 1488 3198 disputationis
1529 3134 1700 3198 genus
1745 3126 1796 3181 in
1846 3125 2126 3181 innumera

527 3219 855 3278 extenditur.
903 3218 1067 3275 Verbi
1112 3218 1302 3291 gratia,
1351 3216 1600 3289 prohibet
1643 3217 1730 3273 lex
1780 3215 2126 3272 homicidium

530 3312 665 3378 ﬁeri,
693 3311 941 3382 prohibet
957 3310 1118 3367 etiam
1147 3309 1480 3382 negligentia:
1506 3323 1603 3380 per
1625 3323 1785 3380 quam
1812 3307 1865 3363 in
1889 3307 2127 3380 pericula

527 3406 698 3461 ruitur
727 3404 1063 3461 occasionem
1092 3403 1229 3470 dari,
1260 3412 1318 3458 ut
1343 3402 1397 3458 in
1425 3411 1582 3457 tauro
1608 3409 1896 3472 cornupeta
1925 3397 2123 3474 (Exod.

528 3511 643 3563 ιιι,
671 3495 888 3569 28-32),
933 3503 1094 3566 atque
1123 3494 1176 3549 in
1206 3493 1489 3550 domorum
1516 3493 1732 3548 coronis
1776 3490 1952 3563 (Deut.
1983 3506 2124 3560 ιιιι,

523 3589 604 3658 8).
635 3589 702 3642 At
718 3595 892 3658 potest
917 3585 1022 3642 dici
1049 3604 1063 3642 :
1090 3585 1309 3642 Victuro
1336 3583 1585 3640 subvenit
1611 3584 1710 3638 ista
1737 3582 2030 3654 diligentia,
2058 3598 2127 3639 an

525 3678 832 3736 morituro?
859 3677 916 3736 Si
932 3677 1212 3744 morituro,
1240 3675 1370 3734 nihil
1396 3683 1711 3748 promovet:
1740 3674 1785 3730 si
1811 3674 2038 3742 victuro,
2060 3690 2126 3729 ex

523 3769 818 3827 abundanti
860 3769 1129 3836 consulit;
1157 3768 1205 3824 si
1233 3776 1519 3838 utrumque
1549 3765 1652 3822 hoc
1691 3765 2044 3832 contrarium,
2072 3773 2128 3820 et

527 3877 624 3933 per
670 3859 1050 3931 impedimenta
1101 3867 1158 3914 et
1203 3859 1320 3913 sine
1373 3856 1766 3927 impedimentis
1819 3855 2126 3912 necessario

528 3959 945 4022 consequentur.
977 3951 1048 4005 At
1074 3949 1179 4004 hoc
1203 3947 1395 4004 falsum
1423 3957 1507 4004 est
1538 3966 1552 4004 :
1582 3948 1786 4019 optimo
1813 3949 1955 4004 enim
1981 3961 2128 4003 mor-

528 4042 725 4097 talibus
762 4041 882 4110 jure
922 4040 1240 4105 consulitur,
1283 4047 1340 4094 ut
1380 4038 1522 4110 quod
1563 4047 1810 4109 poterant
1854 4039 1964 4109 pati
2008 4039 2126 4093 sine

527 4133 824 4206 diligentia,
857 4131 1142 4204 diligentia:
1165 4130 1354 4202 opibus
1381 4132 1403 4163 ²
1431 4130 1677 4188 evadant.
1705 4129 1864 4186 Aliud
1893 4144 2021 4203 ergo
2042 4142 2124 4186 est

529 4241 558 4281 a
588 4225 844 4298 possibili,
878 4223 1020 4280 aliud
1050 4239 1080 4279 a
1100 4223 1427 4280 necessario.
1458 4222 1832 4290 Ostendamus,
1854 4221 1967 4294 jam
1989 4222 2116 4294 quid

535 4318 620 4373 his
661 4315 984 4386 anteloquiis
1010 4315 1342 4386 adjuvemur.
1392 4313 1542 4370 Fecit
1571 4314 1712 4371 Deus
1739 4313 2014 4370 hominem
2055 4313 2122 4368 li-

533 4407 648 4464 beri
677 4407 908 4474 arbitrii,
937 4415 1141 4462 natura:
1165 4405 1353 4472 bonae;
1381 4405 1476 4461 sed
1505 4421 1625 4477 qua:
1651 4420 1816 4476 capax
1845 4413 1990 4461 esset
2016 4405 2123 4460 vir-

535 4507 726 4564 totum,
752 4511 886 4569 quas
906 4497 1004 4552 sibi
1026 4512 1091 4553 ex
1117 4511 1177 4553 se
1198 4496 1499 4567 mancipato
1519 4496 1697 4550 animo
1717 4503 2082 4566 comparasset
2105 4511 2119 4550 :

529 4589 672 4660 quod
701 4590 929 4646 liberum
969 4588 1247 4644 arbitrium
1276 4587 1430 4644 aliter
1461 4597 1708 4644 constare
1735 4603 1842 4643 non
1882 4595 2120 4659 poterat,

529 4697 688 4753 quam
719 4690 778 4736 ut
818 4679 1042 4736 haberet
1069 4680 1229 4736 etiam
1273 4679 1524 4750 peccandi
1567 4679 1997 4751 possibilitatem.
2030 4677 2120 4734 Li-

529 4777 788 4831 bertatem
818 4787 950 4845 ergo
972 4788 1002 4828 a
1028 4773 1332 4830 necessario
1358 4772 1539 4840 habet,
1571 4772 1898 4828 voluntatem
1929 4787 1960 4827 a
1991 4786 2119 4843 pos-

527 4866 688 4921 sibili.
716 4865 836 4920 Non
863 4873 1040 4936 potest
1067 4881 1173 4920 non
1208 4879 1328 4922 esse
1354 4865 1520 4932 liber;
1550 4863 1647 4921 sed
1674 4864 1725 4918 in
1747 4873 1991 4920 neutram
2020 4878 2120 4918 vo-

529 4959 786 5012 luntatem
813 4957 930 5028 cogi
959 4964 1168 5026 potest,
1199 4955 1471 5026 factusque
1497 4956 1576 5012 rei
1604 4955 1916 5011 necessariae
1941 4955 2120 5026 possi-

530 5047 652 5100 hilis
695 5045 934 5100 effectus.
987 5045 1042 5100 In
1089 5046 1330 5116 possibili
1378 5061 1504 5115 ergo
1547 5045 1754 5115 peccari
1803 5054 2018 5116 potest,
2066 5046 2122 5100 in

537 5134 838 5190 necessario
878 5151 983 5189 non
1027 5146 1236 5206 potest;
1275 5133 1399 5204 quia
1429 5134 1450 5166 ⁸
1477 5135 1777 5190 necessario
1803 5151 1908 5189 non
1943 5145 2115 5202 actor,

533 5224 629 5279 sed
649 5233 836 5279 auctor
856 5224 970 5294 ipse
991 5237 1274 5290 censetur;
1301 5233 1462 5295 atque
1485 5224 1589 5280 hoc
1607 5223 1747 5294 quod
1765 5234 1936 5295 potest
1955 5227 2120 5281 homo

535 5330 600 5369 cx
632 5314 838 5383 integro
871 5313 967 5370 Del
999 5324 1110 5381 est,
1140 5332 1170 5370 a
1209 5315 1450 5386 possibili
1484 5325 1660 5370 autem
1703 5315 1813 5387 ipse
1838 5329 1988 5374 actor
2013 5333 2116 5374 ex-

537 5403 802 5474 penditur.

604 5497 742 5552 Auc.
783 5493 922 5562 Quid
947 5494 1081 5550 dicis
1101 5493 1168 5550 de
1197 5494 1410 5550 diabolo
1430 5537 1444 5562 ,
1473 5496 1539 5552 de
1562 5511 1671 5568 quo
1711 5499 1965 5570 scriptum
2004 5509 2115 5566 est,

596 5655 609 5683 ι
648 5651 938 5714 \‘ignierlus,
962 5650 1064 5700 sine
1081 5647 1226 5699 dubio
1239 5646 1487 5702 incohauit
1509 5657 1594 5702 cst.
1612 5657 1674 5702 Ex
1699 5657 1804 5702 Mss.
1827 5653 2118 5715 addendum,

534 5716 736 5773 humus.

597 5777 616 5806 ί
650 5777 721 5823 sic
743 5779 848 5822 Mss.
879 5779 932 5837 At
957 5771 1093 5835 editi,
1115 5770 1358 5837 operibus.

593 5838 617 5869 ³
647 5841 802 5895 t-‘urte,
823 5835 936 5895 quia
956 5847 1002 5885 a.

1241 345 1482 403 OPERIS
1521 341 1931 401 IMPERFECTI
1971 340 2245 399 CONTRA
2286 341 2648 410 JULIANUM,
2690 345 2746 400 S.
2791 345 3156 404 AUGUSTINI

3685 358 3816 414 “8|

2241 457 2318 512 Ab
2339 457 2482 512 initio
2502 458 2734 515 diabolus
2757 472 2928 532 peccat
2951 463 2996 535 (Ι
3021 464 3176 520 Joan.
3204 479 3281 530 nt,
3306 465 3815 540 8)?Possibililatem

2241 548 2494 619 peccandi
2529 549 2690 606 habet
2716 565 2784 607 an
2813 554 3184 612 necessitatem
3205 557 3231 611 τ
3250 557 3305 613 Si
3346 563 3736 630 necessitatem,
3759 579 3818 624 tu

2242 639 2440 696 videris
2469 641 2741 713 quomodo
2765 642 3059 700 secundum
3086 655 3203 703 tuas
3241 648 3622 720 disputationes
3659 671 3814 712 excu-

2241 739 2391 786 setur
2433 745 2463 785 a
2504 731 2730 790 crimine
2757 734 2774 766 ι
2812 751 2826 789 :
2868 734 2915 790 si
2962 744 3141 792 autem
3183 740 3612 812 possibilitatem;
3644 755 3822 817 potest

2241 838 2370 896 ergo
2395 833 2450 881 et
2481 841 2592 881 non
2631 841 2875 898 peccare,
2905 836 3082 900 potest
3108 827 3307 890 habere
3334 834 3527 892 bonam
3566 840 3811 896 volunta-

2242 925 2380 984 tem,
2409 928 2587 990 potest
2611 935 2770 992 agere
2799 923 3166 992 paenitentiam
3201 934 3254 982 et
3289 927 3576 998 impetrare
3609 933 3819 988 miseri—

2244 1009 2482 1065 cordiam
2509 1009 2635 1076 Dei;
2669 1011 2789 1082 quia
2815 1027 2911 1068 cor
2929 1015 3216 1070 contritum
3241 1027 3296 1072 et
3323 1018 3650 1077 humiliatum
3674 1023 3810 1080 Deus

2242 1117 2348 1158 non
2378 1102 2636 1174 despiciet
2683 1102 2852 1176 (Pral.
2885 1122 2936 1173 L,
2971 1107 3082 1181 18).
3113 1108 3264 1178 Quod
3292 1112 3504 1182 quidem
3533 1115 3696 1169 visum
3737 1127 3814 1173 est

2240 1193 2580 1264 quibusdam,
2612 1195 2840 1267 Origene
2875 1207 2931 1252 ut
2952 1200 3260 1268 perhibetur
3285 1213 3503 1260 auctore
3534 1206 3662 1262 :sed
3694 1205 3810 1274 hoc,

2243 1297 2299 1340 ιιι
2329 1301 2486 1343 nosse
2517 1296 2569 1342 te
2598 1289 2879 1358 existimo,
2907 1290 3040 1347 ﬁdes
3067 1294 3330 1349 catholica
3361 1304 3416 1351 et
3440 1311 3566 1352 sana
3595 1313 3700 1354 non
3725 1315 3812 1354 re-

2240 1377 2422 1446 cepit'
2447 1394 2460 1430 :
2491 1377 2632 1434 unde
2660 1379 2900 1434 nonnulli
2925 1380 3208 1453 Origencm
3234 1399 3443 1457 quoque
3468 1386 3642 1458 ipsum
3683 1390 3811 1445 alie-

2240 1483 2366 1523 num
2383 1467 2543 1525 fuisse
2561 1473 2628 1526 ab
2644 1470 2744 1528 hoc
2757 1487 2941 1530 errore
2956 1476 3037 1530 vel
3056 1476 3300 1546 probant,
3317 1479 3399 1535 vel
3417 1479 3620 1538 volunt.
3639 1481 3813 1539 Restat

2240 1561 2418 1633 igitur,
2445 1573 2538 1618 aut
2562 1573 2688 1620 ante
2717 1566 3034 1636 supplicium
3057 1567 3195 1640 ignis
3217 1573 3423 1638 aeterni,
3448 1573 3609 1629 etiam
3630 1590 3810 1631 neces-

2238 1653 2369 1710 sitas
2411 1654 2509 1710 ista
2558 1657 2814 1726 peccandi
2853 1675 3043 1730 magna
3087 1660 3158 1716 sit
3184 1661 3394 1718 diabolo
3417 1667 3591 1736 magni
3615 1665 3637 1697 ⁸
3662 1681 3808 1737 paena

2240 1739 2443 1810 peccati
2469 1755 2642 1812 neque
2666 1741 2797 1798 hinc
2823 1754 3115 1801 excusetur
3140 1762 3170 1800 a
3197 1747 3420 1805 crimine
3438 1790 3452 1816 ,
3481 1752 3724 1821 quoniam
3759 1763 3811 1809 et

2238 1832 2337 1888 ista
2369 1833 2596 1891 vindicta
2623 1844 2705 1892 est
2731 1853 2830 1908 pro
2851 1839 3084 1895 maximo
3112 1840 3398 1910 crimine‘,
3431 1853 3490 1898 ut
3522 1860 3643 1900 eum
3670 1845 3810 1902 dele-

2237 1937 2346 1984 ctet
2389 1928 2501 1984 sola
2545 1929 2769 1998 malitia,
2811 1947 2910 1988 nec
2952 1933 3123 2004 possit
3163 1933 3430 1992 delectare
3472 1937 3809 2006 justitia.-Ad

2237 2018 2374 2076 hanc
2399 2029 2578 2076 autem
2600 2021 2712 2093 jam
2740 2023 3007 2094 pcrnalem
3033 2025 3288 2095 peccandi
3313 2031 3678 2085 necessitatem
3708 2045 3808 2086 non

2238 2111 2420 2182 utique
2450 2113 2816 2182 pervenisset,
2846 2114 2948 2170 nisi
2980 2115 3127 2186 prius
3157 2117 3322 2173 libera
3351 2119 3640 2188 voluntate,
3667 2123 3810 2177 nulla

2235 2203 2560 2259 necessitate
2593 2214 2892 2275 peccasset.
2933 2205 3185 2262 Deﬁnitio
3225 2208 3404 2280 itaque
3437 2209 3524 2266 illa
3574 2213 3805 2281 peccati,

2233 2309 2355 2350 cum
2381 2294 2439 2350 lit
2465 2295 2608 2367 quod
2630 2295 2836 2367 justitia
2857 2307 3021 2363 vetat,
3053 2308 3107 2354 et
3129 2299 3270 2356 unde
3294 2301 3512 2357 liberum
3535 2311 3616 2358 est
3650 2303 3809 2358 absti-

2235 2402 2388 2455 nere,
2424 2386 2492 2442 ad
2533 2387 2661 2443 illud
2707 2399 2985 2460 peccatum
3013 2391 3245 2462 pertinet
3271 2391 3410 2462 quod
3451 2394 3805 2450 tantummodo

2232 2489 2512 2552 peccatum
2541 2491 2644 2548 est,
2676 2497 2782 2536 non
2811 2481 2953 2552 quod
2979 2483 3137 2537 etiam
3161 2497 3318 2554 paena
3347 2485 3567 2555 peccati.

2303 2570 2536 2626 XLVIII.
2565 2571 2686 2628 Jun.
2720 2573 2787 2628 Et
2811 2575 3006 2630 malum
3035 2591 3164 2646 ergo
3188 2586 3242 2632 et
3271 2577 3467 2632 bonum
3496 2593 3562 2634 ex
3601 2581 3804 2650 propria

2232 2661 2506 2718 voluntate
2552 2662 2714 2719 facit:
2747 2663 2842 2721 sed
2882 2665 3080 2721 bonum
3109 2681 3264 2723 suum
3305 2668 3464 2723 etiam
3501 2669 3608 2725 Deo
3633 2669 3803 2738 debet,

2233 2755 2322 2825 qui
2351 2757 2487 2825 parti
2517 2755 2660 2822 huic,
2695 2772 2802 2824 non
2843 2758 3057 2830 quidem
3095 2759 3481 2834 pra'judicium,
3511 2773 3683 2822 tamen
3714 2766 3807 2821 ad-

2228 2844 2486 2917 jutorium
2518 2848 2911 2906 subministrat.

2303 2939 2440 2996 Anc.
2475 2938 2603 2995 Tam
2630 2939 2829 2996 bonum
2872 2951 3020 2999 certe
3060 2959 3216 3016 quam
3261 2947 3457 3003 malum
3493 2962 3557 3004 ex
3601 2949 3804 3022 propria

2233 3028 2418 3098 homo,
2447 3031 2583 3087 sicut
2609 3033 2764 3098 dicis,
2784 3034 3062 3092 voluntate
3085 3036 3234 3104 facit,
3262 3047 3317 3093 et
3343 3038 3616 3110 utriusque
3638 3041 3688 3096 in
3715 3042 3806 3097 illo

2232 3121 2560 3192 possibilitas
2589 3139 2741 3194 aequa
2772 3125 2924 3182 lance
2951 3126 3202 3192 libratur.
3227 3138 3282 3185 et
3305 3129 3370 3185 ad
3393 3131 3414 3161 '
3436 3129 3572 3187 bene
3607 3131 3800 3188 facien-

2231 3211 2360 3268 dum
2391 3214 2532 3270 Deus
2561 3214 2886 3287 adjutorinm
2911 3217 3280 3274 subministrat
3312 3239 3326 3276 :
3349 3235 3446 3276 cur
3463 3235 3589 3293 ergo
3607 3222 3669 3278 ad
3696 3238 3807 3294 pec-

2231 3305 2460 3362 candum
2501 3309 2792 3378 proclivior
2833 3318 2917 3365 est
2956 3319 3146 3366 natura
3192 3311 3494 3367 mortalium
3517 3313 3559 3380 ⁸,
3597 3314 3642 3369 si
3679 3315 3804 3370 nihil

2231 3397 2343 3470 egit
2383 3398 2642 3470 originale
2685 3401 3002 3470 peccatum?
3029 3401 3285 3470 Quamvis
3311 3411 3367 3458 et
3407 3404 3576 3475 ipsum
3601 3404 3807 3475 adjuto-

2232 3489 2395 3553 rium,
2439 3489 2580 3560 quod
2616 3489 3028 3548 subministrare
3058 3493 3222 3549 Deum
3267 3495 3516 3567 cogimini
3545 3495 3799 3560 conﬁteri,

2231 3579 2389 3652 quale
2421 3579 2614 3637 dicatis
2651 3595 2806 3650 esse,
2834 3597 2945 3638 non
2983 3582 3170 3640 lateat.
3212 3583 3409 3656 Legem
3446 3587 3666 3658 quippe,
3696 3603 3798 3643 non

2231 3671 2478 3743 spiritum
2498 3673 2678 3728 dicitis
2701 3714 2716 3740 ,
2744 3688 2866 3729 cum
2905 3673 3102 3732 Paulus
3127 3676 3401 3746 apostolus
3427 3691 3527 3748 per
3549 3678 3802 3733 submini-

2231 3765 2543 3822 strationem
2564 3765 2796 3836 Spiritus
2817 3767 2988 3821 sancti
3015 3781 3115 3822 nos
3139 3766 3330 3824 doceat
3366 3769 3598 3840 adjuvari
3634 3767 3797 3841 (Phi-

2231 3855 2359 3928 lipp.
2383 3873 2422 3924 ι,
2453 3855 2565 3929 l9).
2595 3855 2748 3925 Quod
2791 3856 2913 3912 ideo
2951 3859 3475 3914 commemorandum
3503 3858 3710 3930 putavi,
3737 3874 3804 3916 ne

2233 3948 2369 4004 forte
2392 3949 2482 4020 qui
2509 3948 2732 4005 audiunt
2767 3949 2852 4005 vel
2883 3949 3068 4021 legunt
3101 3948 3170 4006 de
3210 3949 3697 4006 subministratione
3721 3950 3802 4005 di-

2231 4041 2338 4096 vini
2358 4040 2608 4112 adjutorii
2634 4042 2952 4098 sententiam
2981 4051 3146 4128 tuam,
3165 4042 3542 4099 obliviscantur
3560 4042 3799 4099 hmresim

2230 4140 2459 4188 vestram
2472 4172 2484 4184 .
3701 4193 3710 4198 .

2303 4222 2489 4280 XLIX.
2517 4223 2636 4280 lue.
2665 4223 2897 4280 Tantum
2918 4239 3049 4294 ergo
3069 4223 3209 4280 valet
3242 4223 3340 4279 ista
3365 4222 3649 4290 distinctio,
3678 4233 3732 4279 ut
3755 4222 3800 4278 si

2230 4315 2554 4380 nescientes,
2584 4315 2728 4386 quod
2759 4330 2790 4369 a
2820 4315 3059 4384 possibili
3103 4314 3322 4385 incipit,
3360 4313 3414 4369 in
3446 4314 3795 4370 necessarium

2228 4406 2633 4472 concludamus,
2679 4407 2860 4462 omnia
2903 4407 3128 4462 crimina
3171 4406 3239 4462 ad
3287 4407 3451 4462 Deum
3503 4415 3794 4462 recurrant.

2227 4498 2381 4566 Quod
2399 4496 2723 4554 Manicbmus
2752 4497 2958 4564 videns,
2982 4497 3230 4553 tenebras
3258 4498 3458 4569 peccati
3489 4497 3799 4568 excogitavit

2226 4599 2473 4646 auctores
2505 4606 2520 4643 :
2561 4604 2668 4645 non
2707 4590 2852 4644 enim
2888 4589 3058 4644 valuit
3088 4590 3227 4644 inter
3266 4587 3516 4660 possibile
3555 4601 3795 4642 necessa-

2226 4681 2469 4752 riumque
2492 4679 2839 4752 distinguere.
2865 4681 3037 4737 Omne
3057 4695 3184 4751 ergo
3213 4679 3353 4752 quod
3385 4679 3690 4734 naturaliter
3710 4678 3800 4732 ha-

2226 4773 2316 4830 bet
2337 4771 2520 4837 homo,
2548 4787 2578 4827 a
2599 4773 2890 4829 necessarii
2924 4781 3076 4843 parte
3115 4774 3337 4828 sortitus
3365 4781 3449 4829 est
3490 4791 3503 4828 :
3547 4771 3664 4844 quia
3694 4786 3796 4825 non

2227 4864 2396 4938 potuit
2412 4864 2570 4920 aliter
2593 4879 2716 4920 esse
2741 4881 2900 4936 quam
2928 4864 3100 4920 factus
3122 4874 3224 4920 est.

2299 4958 2434 5012 Auc.
2480 4955 2598 5011 Jam
2637 4955 2797 5027 paulo
2842 4965 2966 5011 ante
3004 4956 3320 5024 monstravi,
3367 4971 3522 5026 quam
3557 4969 3688 5010 vana
3731 4954 3801 5010 sit

2227 5046 2488 5102 sententia
2517 5047 2615 5101 ista
2643 5063 2655 5098 :
2693 5045 3099 5102 stolidissimum
3130 5056 3209 5103 est
3239 5047 3381 5102 enim
3407 5048 3449 5116 ⁷,
3479 5045 3672 5102 habere
3699 5045 3799 5100 bo-

2292 5284 2310 5316 ¹
2346 5290 2396 5333 In
2420 5283 2568 5332 editis
2587 5284 2837 5348 omissum,
2859 5283 3096 5348 φθισικοάο
3117 5285 3380 5336 semiudum
3397 5291 3501 5336 tuas
3525 5285 3800 5345 daputatio-

2227 5352 2585 5418 neaegrcusem'
2608 5359 2639 5395 a
2661 5345 2882 5397 crimine.
2905 5347 3099 5409 Legitur
3124 5354 3284 5397 tamen
3309 5349 3357 5397 iu
3399 5349 3619 5398 omnibus
3641 5359 3802 5395 nmiu-

2227 5414 2474 5539 suélpttusss._,
2497 5467 2686 5532 recipit.

2292 5529 2314 5592 ξ
2347 5529 2484 5589 rlditi,
2507 5529 2700 5592 magna,
2715 5529 2972 5592 mendose.

2293 5591 2316 5656 ξ
2351 5593 2424 5638 sic
2441 5586 2544 5641 uss.
2567 5586 2756 5656 \j'arﬁet
2779 5589 2900 5640 clar.
2927 5599 2984 5656 at
3003 5591 3139 5656 editi,
3155 5599 3227 5642 est
3250 5593 3471 5656 proxima
3492 5586 3702 5641 crimine.

2289 5653 2310 5685 ³
2345 5659 2494 5700 Vetus
2506 5652 2658 5702 exlex
2686 5661 2831 5711 Port.,
2857 5654 2943 5704 sed
2966 5654 3049 5704 ad.

2293 5713 2314 5744 ⁸
2349 5715 2638 5785 \‘ignierius,
2660 5722 2834 5764 natura
2849 5715 3060 5766 lnunuua
3085 5715 3372 5767 mortalium.
3400 5716 3559 5775 Abest,
3577 5714 3800 5778 human”,

2232 5787 2259 5824 a
2283 5778 2636 5837 manuscriptis.
3777 5813 3782 5816 -

2302 5838 2320 5869 τ
2353 5844 2495 5886 Vetus
2516 5838 2670 5886 codex
2695 5844 2817 5888 Fort.
2845 5838 2922 5888 hic
2945 5837 3073 5890 addit
3090 5873 3105 5901 ,
3143 5839 3320 5890 dicere.
