4124 6532
452 379 588 437 1485

452 495 626 549 mines
678 492 993 549 naturaliter
1040 493 1444 564 possibilitatem
1494 494 1874 560 manducandi.
1927 497 2022 554 sed

443 598 552 640 non
578 585 889 640 naturaliter
921 584 1069 640 cibos
1108 593 1311 640 natura:
1348 600 1613 656 congrum
1654 587 2016 655 manducare;

443 687 537 731 aut
567 676 767 733 habere
811 677 1053 733 homines
1093 677 1406 734 naturaliter
1439 678 1846 747 possibilitatem
1886 694 2022 735 cou-

443 770 749 835 cumbcndi,
779 769 874 826 sed
912 784 1020 825 non
1059 767 1373 825 naturaliter
1410 769 1732 840 genitalibus
1775 771 2028 826 membris

445 874 606 916 sexus
657 860 932 931 utriusque
975 859 1352 916 concumbere.
1392 859 1523 930 Quis
1573 859 1677 915 hoc
1730 860 1890 928 dicat,
1936 862 2027 932 qui

444 953 748 1008 considerat
787 951 1116 1022 utcumque‘
1147 951 1290 1021 quod
1334 951 1501 1008 dicit?
1542 950 1840 1022 Utrumque
1882 951 2027 1007 enim

445 1043 687 1099 naturale
710 1051 813 1110 est,
835 1053 889 1098 et
909 1043 1050 1114 quod
1079 1043 1194 1100 ﬁeri
1220 1054 1442 1114 possunt
1462 1043 1586 1110 ista,
1611 1051 1668 1100 et
1689 1042 1832 1114 quod
1855 1043 2025 1102 ﬁunt:

443 1136 535 1189 sed
557 1144 639 1190 est
658 1135 785 1190 illud
813 1143 868 1191 et
891 1134 1103 1206 quando
1133 1135 1415 1202 nolumus;
1446 1134 1548 1192 hoc
1569 1150 1677 1190 non
1699 1144 1783 1192 est
1809 1135 1908 1191 nisi
1935 1152 2031 1193 ve-

445 1225 619 1278 limus.

515 1315 578 1370 L.
608 1315 728 1371 Jun.
760 1315 956 1372 Malum
976 1325 1155 1372 autem
1188 1315 1327 1387 quod
1357 1319 1484 1388 agit.
1507 1332 1536 1371 a
1563 1318 1803 1388 possibili
1825 1317 1954 1390 agit.

515 1409 648 1464 Anc.
677 1407 908 1463 Attende
936 1424 1058 1462 eum
1084 1408 1170 1478 qui
1203 1408 1351 1474 dicit,
1377 1408 1528 1476 Quod
1551 1410 1670 1464 nolo
1695 1410 1907 1475 malum,
1935 1408 2030 1462 hoe

445 1516 579 1571 ago;
622 1510 678 1555 et
722 1500 988 1571 responde
1045 1509 1221 1555 utrum
1267 1501 1636 1556 necessitatem
1680 1517 1786 1556 non
1838 1500 2031 1556 habeat

443 1591 632 1662 agendi
660 1592 882 1658 malum,
913 1590 1005 1662 qui
1036 1605 1142 1646 non
1167 1593 1188 1622 ⁸
1214 1591 1358 1662 quod
1397 1593 1507 1647 vult
1536 1591 1660 1648 facit
1684 1593 1906 1659 bonum,
1933 1591 2030 1648 sed

443 1682 585 1753 quod
613 1699 718 1739 non
748 1683 860 1738 vult
879 1686 1098 1752 malum,
1132 1684 1234 1739 hoc
1257 1683 1386 1754 agit.
1417 1684 1567 1752 Quod
1594 1686 1639 1740 si
1670 1686 1927 1756 Apostolo
1948 1701 2032 1740 re-

445 1790 681 1844 pugnare
706 1789 810 1830 non
838 1775 1023 1842 audes,
1053 1789 1179 1831 ecce
1209 1774 1370 1829 homo
1410 1791 1438 1829 a
1483 1777 1787 1832 necessario
1828 1776 2028 1832 malum

442 1882 606 1936 agens
632 1867 969 1923 delinitiones
1005 1877 1120 1924 tuas
1146 1867 1431 1938 disrumpit
1455 1877 1510 1923 et
1537 1867 1762 1939 dissipat
1787 1887 1801 1922 :
1833 1884 2025 1925 neces-

442 1959 598 2014 sitate
637 1959 833 2029 quippe
869 1959 1066 2014 malum
1097 1959 1224 2029 agit,
1248 1958 1339 2029 qui
1369 1973 1474 2014 non
1510 1960 1640 2023 vult,
1666 1969 1721 2014 et
1750 1959 1876 2029 agit.
1914 1958 2029 2015 Hoc

441 2056 616 2102 autem
639 2048 780 2118 quod
810 2048 997 2104 nolens
1025 2049 1152 2120 agit,
1179 2049 1223 2103 si
1253 2049 1620 2105 tantummodo
1648 2049 2031 2119 concupiscere

441 2149 523 2194 est
542 2155 722 2205 carne,
751 2140 866 2194 sine
893 2140 997 2194 ulla
1024 2140 1219 2196 mentis
1248 2139 1604 2196 consensione
1636 2139 2030 2195 membrorum.

441 2247 544 2302 quc
570 2232 914 2301 operatione;
946 2231 1082 2285 mala
1108 2240 1190 2286 est
1216 2240 1272 2284 et
1310 2228 1790 2300 concupiscentia.’
1825 2229 2022 2298 carnis,

439 2324 647 2379 etiamsi
683 2340 790 2379 non
817 2325 866 2380 ei
894 2325 1259 2379 consentiatur
1288 2322 1357 2377 ad
1386 2322 1617 2388 malum;
1647 2336 1807 2392 quam
1850 2329 1902 2377 te
1947 2331 2030 2376 ta-

441 2429 563 2469 men
607 2414 823 2469 laudare
855 2414 1122 2468 delectat:
1158 2412 1201 2467 si
1238 2421 1414 2468 autem
1445 2419 1648 2466 tantum
1688 2413 1896 2481 cogitur
1931 2410 2030 2466 istc

439 2507 530 2577 qui
561 2507 774 2573 clamat,
809 2504 958 2573 Quod
978 2506 1094 2560 uolo
1122 2504 1313 2558 malum
1333 2544 1348 2569 ,
1375 2503 1470 2558 hoc
1495 2519 1593 2576 ago
1614 2543 1629 2569 ,
1656 2511 1714 2557 ut
1741 2501 1903 2558 etiam
1932 2516 2030 2561 sua

440 2597 678 2654 membra
706 2598 958 2652 exhibeat
982 2611 1128 2651 arma
1158 2602 1407 2666 peccato;
1432 2609 1540 2649 non
1569 2593 1744 2649 solum
1770 2592 2028 2664 concupi-

440 2699 658 2745 scuntur
696 2705 724 2742 a
761 2688 1064 2744 necessario
1100 2687 1260 2752 mala,
1288 2701 1472 2741 verum
1493 2686 1653 2740 etiam
1685 2684 2032 2741 committun—

441 2791 545 2838 tur.
578 2780 678 2837 Ubi
706 2789 829 2835 sunt
854 2779 1190 2833 delinitiones
1214 2783 1338 2841 tuae,
1371 2791 1507 2846 quas
1536 2783 1681 2830 tanta
1708 2773 2031 2846 loquacitate

438 2871 762 2944 distinguis?
787 2871 990 2940 Nempe
1015 2879 1072 2923 ut
1098 2868 1274 2923 fumus
1301 2866 1614 2923 defecerunt
1639 2875 1694 2922 et
1732 2867 2025 2938 perierunt.

440 2963 807 3020 Necessarium
836 2969 994 3030 atque
1021 2958 1274 3029 possibile
1299 2973 1489 3028 magna
1514 2973 1642 3014 cura
1667 2956 2027 3012 discernenda

439 3053 815 3120 commendas,
845 3050 1205 3106 necessarium
1238 3047 1425 3104 dicens
1463 3063 1586 3104 esse
1612 3047 1752 3119 quod
1795 3048 1908 3103 lieri
1935 3062 2030 3102 ne-

443 3160 596 3201 cesse
620 3154 736 3208 est;
767 3140 1020 3210 possibile
1049 3149 1228 3194 autem
1255 3137 1398 3209 quod
1425 3138 1540 3194 ﬁeri
1571 3146 1766 3206 potest,
1798 3137 1892 3191 sed
1936 3151 2030 3191 ne-

443 3250 597 3292 cesse
623 3249 731 3290 non
763 3241 864 3288 est.
909 3231 1140 3287 Proinde
1181 3231 1555 3287 necessitatem
1593 3228 1897 3284 necessario
1929 3227 2028 3281 tri-

441 3326 609 3382 buis:
659 3324 911 3394 possibile
951 3337 1080 3379 vero
1125 3321 1274 3377 nulla
1317 3321 1638 3377 necessitate
1685 3320 2027 3391 constringis.

407 3423 608 3480 tMalos
630 3431 779 3476 actus
809 3435 915 3475 non
945 3418 1044 3474 das
1069 3416 1396 3482 necessario,
1425 3415 1518 3472 sed
1549 3414 1822 3486 possibili;
1852 3423 1908 3469 et
1946 3413 2030 3468 di-

440 3515 520 3570 cis
559 3515 781 3583 quuens
813 3509 882 3565 de
924 3509 1174 3575 homine,
1218 3505 1420 3561 Malum
1463 3515 1632 3561 autem
1667 3505 1802 3576 quod
1829 3505 1965 3576 agit,
1999 3521 2032 3558 a

446 3605 672 3679 possibili
709 3604 848 3676 agit;
898 3617 966 3657 ne
1002 3601 1281 3674 quisquam
1323 3600 1462 3654 male
1503 3612 1661 3670 agere
1689 3597 2027 3665 necessitate,

447 3715 554 3755 non
579 3698 871 3762 voluntate,
901 3694 1126 3750 dicatur.
1163 3691 1270 3748 Sed
1299 3689 1540 3762 procedit
1581 3690 1636 3744 in
1667 3688 1900 3744 medium
1940 3687 2032 3759 qui

446 3793 540 3847 tibi
567 3790 892 3847 validissime
921 3785 1273 3851 contradicit,
1304 3793 1360 3841 et
1387 3784 1552 3838 dicit:
1591 3781 1728 3850 Quid
1766 3790 1850 3836 est
1889 3780 2031 3853 quod

444 3883 611 3939 dicis?
635 3883 774 3938 Ecce
803 3895 903 3950 ego
931 3895 1034 3933 non
1057 3876 1194 3949 quod
1222 3878 1356 3944 volo,
1378 3875 1514 3946 facio
1539 3874 1761 3939 bonum;
1787 3875 1874 3928 sed
1892 3873 2030 3945 quod

446 3975 564 4029 nolo
593 3974 802 4038 malum,
837 3972 930 4024 hoc
952 3987 1048 4040 ago
1070 3966 1246 4042 (Rom.
1269 3982 1370 4032 vn,
1400 3965 1513 4037 19).
1540 3963 1733 4019 Notum
1762 3973 1844 4019 est
1888 3963 2031 4034 quod

447 4067 608 4120 homo
633 4064 836 4136 primus
855 4062 1126 4118 voluntate
1151 4057 1348 4114 malum
1379 4056 1504 4127 egit,
1531 4069 1636 4110 non
1666 4054 1985 4110 necessitate
2013 4071 2028 4107 :

447 4157 544 4213 sed
568 4157 668 4211 iste
697 4155 784 4226 qui
805 4153 952 4218 dicit,
980 4150 1128 4218 Qu‘od
1153 4148 1271 4204 nolo
1308 4149 1530 4214 malum,
1563 4147 1658 4201 hoc
1684 4162 1818 4218 ago;
1847 4160 2034 4200 neces-

448 4249 602 4303 sitate
643 4262 704 4302 se
741 4244 976 4304 ostendit
1017 4241 1212 4297 malum
1262 4255 1420 4312 agere
1446 4280 1462 4306 ,
1506 4253 1610 4293 non
1641 4238 1948 4303 voluntate;
1981 4245 2035 4292 et

449 4340 582 4396 [lens
610 4339 851 4394 miserias
878 4351 1023 4403 suas,
1051 4334 1189 4390 ridet
1212 4331 1548 4388 delinitiones
1576 4338 1712 4384 tuas.

519 4429 605 4486 Ll.
653 4428 779 4485 JUL.
821 4426 933 4481 Nisi
977 4438 1106 4495 ergo
1144 4421 1444 4478 necessaria
1475 4419 1798 4491 possibilitas
1824 4417 2031 4486 fuisset,

451 4522 672 4578 etl'ectus
696 4517 964 4592 possibilis
990 4531 1096 4570 non
1140 4513 1345 4568 fuisset.
1369 4511 1441 4566 Ut
1461 4525 1589 4582 ergo
1629 4509 1800 4581 possit
1835 4509 2034 4564 malum

450 4620 504 4668 et
533 4612 729 4666 bonum
762 4608 962 4673 facere,
1000 4602 1361 4659 necessarium
1387 4609 1471 4656 est
1499 4609 1596 4654 :ut
1621 4609 1799 4654 autem
1836 4598 2036 4653 malum

451 4703 632 4770 faciat,
669 4719 777 4758 non
817 4697 1144 4762 necessario,
1180 4694 1277 4751 sed
1315 4692 1556 4764 possibili
1594 4706 1691 4746 suo
1724 4690 1903 4745 debet.
1933 4688 2037 4744 Ubi

454 4806 633 4850 autem
687 4793 1011 4865 possibilitas
1058 4800 1140 4844 est
1193 4787 1358 4858 partis
1405 4784 1705 4854 utriusque,
1747 4780 2037 4836 necessitas

452 4898 637 4944 neutra
660 4895 761 4943 est.
791 4886 880 4940 Sic
907 4884 964 4936 lit
1003 4890 1060 4935 ut
1098 4878 1232 4934 nihil
1263 4878 1333 4932 sit
1371 4875 1514 4930 aliud
1543 4873 1850 4944 peccatum,
1873 4885 2035 4941 quam

452 4981 699 5034 voluntas
724 4975 910 5047 agendi
954 4971 1093 5044 quod
1120 4970 1321 5042 justitia
1358 4975 1518 5033 vetat,
1547 4975 1602 5022 et
1631 4965 1769 5019 unde
1811 4965 2035 5019 liberum

452 5080 536 5126 est
561 5069 847 5124 abstinere.
873 5066 927 5120 Si
957 5063 1088 5118 nihil
1120 5062 1188 5116 sit
1210 5069 1386 5115 autem
1413 5056 1556 5111 aliud
1585 5056 1848 5121 voluntas,
1877 5069 2036 5125 quant

453 5173 629 5218 motus
661 5159 846 5223 animi,
874 5164 1098 5229 cogente
1122 5154 1299 5217 nullo;
1331 5148 1599 5222 quomodo
1629 5162 1757 5218 ergo
1789 5148 1950 5211 Deus,
1979 5155 2036 5200 ut

454 5254 711 5312 mundum
743 5253 962 5316 laceret,
990 5264 1021 5304 a
1057 5246 1295 5319 possibili
1338 5243 1552 5306 habuit;
1585 5240 1814 5296 mundus
1862 5249 2040 5296 autem

457 5348 592 5417 ipse,
618 5355 680 5400 ut
703 5343 980 5404 existeret,
1007 5354 1038 5393 a
1069 5337 1372 5393 necessario
1399 5333 1618 5404 pertulit
1649 5349 1662 5384 :
1696 5331 1766 5386 ita
1796 5330 1954 5385 etiam
1986 5329 2039 5383 in

447 5439 684 5508 imagine
726 5436 818 5491 Dei
859 5433 1036 5489 simile
1078 5428 1328 5500 quiddam
1371 5425 1702 5508 intelligitur.
1737 5422 1944 5492 Quippe
1985 5428 2043 5473 ιιι

458 5529 853 5597 habeat,'quam
881 5523 1101 5592 elegerit
1122 5519 1470 5581 voluntatem,
1494 5531 1600 5570 non
1625 5514 1858 5585 cogitur;
1892 5511 1986 5567 sed
2010 5525 2042 5566 a

459 5619 697 5690 possibili
716 5619 764 5673 ei
794 5616 978 5672 venit:
1009 5612 1136 5668 illud
1162 5619 1340 5666 autem
1371 5608 1513 5678 quod
1546 5608 1684 5662 male
1712 5605 1918 5672 fecerit,
1945 5618 2042 5659 ne-

524 5750 542 5782 ι
575 5751 650 5799 sic
669 5755 776 5798 Mss.
805 5754 853 5796 tn
875 5747 1036 5810 vign.,
1060 5750 1331 5810 utrumque.

523 5813 545 5844 ⁸
577 5797 649 5860 sic
666 5797 838 5862 omnes
862 5797 964 5858 nisi.
992 5797 1047 5856 Αἰ
1069 5807 1184 5856 editi
1206 5797 1311 5916 go,
1337 5799 1418 5865 qui
1441 5813 1564 5870 non;
1596 5800 1806 5869 habent,
1832 5797 2040 5863 quando.

525 5873 548 5906 ³
577 5873 736 5916 mdex
753 5878 900 5916 Port..
918 5869 1047 5916 mala
1065 5874 1132 5916 est
1155 5879 1206 5916 so
1277 5868 1675 5916 concupiscentia.

525 5873 548 5906 ³
577 5873 736 5924 (ἰθύει
753 5878 900 5932 Port.,
918 5869 1047 5920 mala
1065 5874 1132 5919 est
1155 5868 1256 5917 sola
1277 5868 1675 5925 concupiscentia.

1815 384 2016 442 LIBER
2055 386 2371 453 QUINTUS.

3577 408 3712 464 H86

2136 501 2440 556 cessitatem
2469 501 2627 558 habet
2664 513 2859 560 reatus.
2888 507 2963 562 Ita
2993 510 3194 568 crimen
3230 528 3260 568 a
3297 520 3601 576 necessario
3629 522 3715 578 in-

2132 591 2303 648 currit
2328 591 2632 661 horrorem;
2665 595 2789 652 licet
2815 609 3055 656 exortum
3081 603 3170 670 sit,
3191 622 3295 661 non
3317 624 3346 663 a
3373 611 3714 679 necessitate,

2132 683 2228 740 sed
2265 698 2296 739 a
2334 684 2683 754 possibilitate
2721 687 2982 746 facientis.
3009 692 3158 763 Opus
3187 712 3314 767 ergo
3349 703 3715 770 possibilitatis

2135 772 2495 830 testimonium
2524 785 2608 832 est
2633 776 2787 833 liberi
2811 779 3116 838 animantis.

2205 885 2361 977 Aac.
2381 885 2498 941 Jam
2530 895 2581 942 te
2611 889 2828 946 omnino
2851 893 3086 964 negligit,
3108 896 3198 966 qui
3213 911 3275 952 ea
3301 914 3418 968 quae
3437 901 3531 958 tibi
3555 918 3718 977 supra

2134 976 2529 1044 respondimus,
2570 979 2716 1049 legit.
2763 981 3024 1050 Quoniam
3078 987 3171 1056 qui
3215 987 3364 1058 dicit,
3414 989 3534 1048 Non
3579 976 3717 1065 quod

2133 1066 2268 1139 volo,
2296 1070 2429 1138 [acia
2453 1070 2638 1124 bonum
2657 1089 2677 1137 ;
2696 1074 2785 1127 sed
2805 1076 2941 1144 quod
2966 1078 3083 1132 nolo
3107 1081 3318 1148 malum,
3342 1083 3438 1138 hoc
3466 1103 3562 1157 ago
3585 1103 3605 1152 ,'
3625 1105 3720 1145 ne-

2133 1161 2383 1216 cessitate
2429 1176 2490 1216 se
2527 1162 2593 1217 ad
2621 1164 2884 1234 agendum
2923 1167 3120 1224 malum
3168 1173 3336 1240 premi
3362 1176 3493 1232 satis
3531 1191 3718 1248 aperte
3766 1171 3770 1176 ’

2135 1249 2334 1306 indicat
2371 1259 2428 1307 et
2453 1253 2689 1308 ostendit
2717 1253 2910 1312 falsum
2938 1273 3057 1314 esse
3079 1262 3221 1330 quod
3247 1263 3404 1332 dicis,
3432 1265 3501 1322 Ut
3528 1270 3720 1324 malum

2134 1342 2308 1412 faciat,
2343 1360 2444 1399 non
2473 1347 2755 1400 necessario
2779 1388 2796 1414 ,
2817 1349 2906 1404 sed
2931 1351 3157 1421 possibili
3181 1370 3273 1408 suo
3302 1355 3444 1410 debet
3470 1373 3490 1412 :
3520 1367 3575 1414 et
3609 1375 3723 1415 ca:-

2136 1443 2248 1488 tera
2271 1435 2391 1489 talia
2421 1451 2541 1506 qua:
2564 1437 2734 1507 garris
2757 1438 3003 1496 inaniter.
3028 1442 3118 1498 Sic
3146 1444 3204 1497 lit
3223 1453 3284 1499 ut
3308 1446 3397 1500 illa
3417 1448 3434 1480 ¹
3450 1447 3720 1518 definitio,

2134 1541 2236 1597 qua
2263 1525 2474 1592 dicitur,
2498 1543 2620 1584 esse
2648 1541 2926 1600 peccatum
2959 1533 3205 1590 voluntas
3240 1537 3430 1607 agendi
3465 1540 3607 1609 quod
3633 1541 3721 1612 ju-

2135 1617 2278 1672 stitia
2307 1627 2474 1685 vetat,
2500 1629 2556 1674 et
2581 1620 2720 1675 unde
2747 1621 2973 1678 liberum
2999 1634 3081 1678 est
3112 1625 3405 1691 abstinere.
3439 1629 3568 1687 illud
3595 1647 3724 1702 pec-

2133 1716 2310 1762 catum
2353 1709 2776 1779 complectatur,
2817 1712 2954 1768 sicut
2991 1713 3102 1784 jam
3144 1717 3389 1786 superius
3427 1720 3718 1788 admonui,

2134 1798 2274 1868 quod
2323 1801 2693 1857 tantummodo
2741 1813 3014 1873 peccatum
3058 1815 3176 1874 est,
3222 1823 3326 1863 non
3367 1811 3509 1880 quod
3553 1815 3716 1870 etiam

2135 1903 2290 1958 paena
2335 1891 2558 1958 peccati.
2588 1891 2702 1946 Tali
2747 1909 2977 1965 namque
3018 1911 3174 1965 pugna
3215 1897 3316 1954 iste
3357 1901 3548 1972 agebat
3574 1905 3719 1974 quod

2135 1979 2353 2035 nolebat
2380 1981 2614 2048 malum;
2648 1982 2789 2038 unde
2812 1984 2886 2040 illi
2915 1985 2961 2040 si
2988 1985 3214 2042 liberum
3255 1998 3398 2045 esset
3422 1991 3716 2062 abstinere,

2135 2086 2465 2143 nequaquam
2490 2073 2714 2143 diceret,
2742 2074 2864 2131 Non
2886 2078 3022 2149 quod
3044 2080 3156 2134 volo
3175 2119 3190 2147 ,
3220 2081 3352 2153 facio
3371 2083 3603 2151 ‘bonum;
3626 2087 3718 2140 sed

2134 2163 2270 2234 quod
2299 2164 2416 2218 nolo
2461 2166 2683 2232 malum,
2713 2167 2807 2222 hoc
2833 2185 2951 2241 ago.
2994 2169 3143 2226 Sicut
3180 2187 3308 2244 ergo
3341 2190 3440 2230 nos
3476 2179 3720 2247 agnosci-

2135 2269 2253 2309 mus
2278 2253 2548 2311 hominem
2577 2257 2630 2311 in
2659 2271 2885 2328 corpore
2916 2260 3036 2315 vitm
3074 2262 3219 2317 illius
3262 2264 3497 2331 beatum,
3529 2267 3619 2323 ubi
3655 2269 3720 2324 li-

2133 2346 2321 2402 berum
2352 2348 2535 2404 habuit
2570 2351 2592 2382 ¹
2638 2350 2778 2420 quod
2810 2351 2970 2408 vellet
2997 2367 3186 2424 agere,
3217 2355 3332 2413 sive
3359 2357 3579 2427 bonum,
3607 2361 3721 2416 sive

2134 2436 2330 2492 malum
2364 2455 2378 2493 :
2407 2438 2486 2493 sic
2510 2447 2568 2494 et
2596 2448 2648 2494 tu
2685 2455 2916 2511 agnosce
2939 2442 3209 2499 hominem
3236 2445 3289 2500 in
3319 2461 3544 2518 corpore
3569 2465 3718 2506 mor-

2136 2526 2204 2582 tis
2232 2527 2393 2598 hujus
2418 2529 2708 2597 miserum,
2732 2531 2825 2587 ubi
2865 2534 3066 2603 perdita
3108 2535 3358 2592 libertate
3395 2539 3548 2596 audis
3593 2556 3716 2597 eum

2133 2615 2334 2683 dicere,
2366 2617 2489 2672 Non
2513 2620 2650 2688 quod
2677 2620 2810 2687 volo,
2841 2638 2974 2694 ago;
3000 2623 3090 2678 sed
3107 2625 3243 2695 quod
3267 2627 3372 2693 odi,
3398 2628 3530 2683 illud
3548 2630 3720 2699 facio;

2135 2717 2209 2772 et,
2242 2708 2364 2764 Non
2389 2710 2526 2779 quod
2545 2711 2676 2778 uolo,
2708 2712 2844 2784 facio
2869 2713 3086 2782 bonum;
3100 2716 3190 2770 sed
3208 2717 3345 2787 quod
3361 2719 3478 2773 nolo
3504 2721 3718 2786 malum,

2136 2799 2231 2854 hoc
2255 2817 2384 2872 ago;
2405 2811 2479 2869 et,
2507 2801 2665 2858 Mirer
2691 2820 2783 2875 ego
2808 2804 2980 2874 homo,
3005 2806 3117 2874 quis
3141 2823 3220 2861 me
3247 2807 3477 2864 liberabit
3504 2809 3568 2865 de
3601 2827 3719 2867 cor-

2135 2907 2259 2961 pore
2280 2892 2456 2947 mortis
2485 2892 2636 2964 hujus
2666 2894 2842 2966 (Rom.
2871 2911 2966 2961 vn,
2999 2896 3089 2963 15,
3121 2896 3210 2962 19,
3236 2896 3365 2970 24)?

2204 3002 2313 3058 LII.
2341 3003 2459 3059 JUL.
2490 3004 2659 3072 Hujus
2693 3007 3010 3083 vitgperatio
3048 3009 3115 3064 ad
3155 3014 3452 3068 necessaria
3495 3030 3600 3070 non
3629 3031 3720 3072 rc-

2134 3093 2302 3148 currit
2333 3110 2346 3148 :
2377 3094 2500 3164 quia
2526 3095 2779 3166 quidquid
2809 3097 2876 3153 ad
2902 3100 3261 3156 necessarium
3285 3105 3608 3174 pervenerit,
3639 3107 3721 3178 ip-

2132 3196 2252 3238 sum
2278 3183 2452 3252 pulsat
2478 3193 2776 3243 auctorem.

2205 3275 2341 3331 Anc.
2363 3274 2630 3347 Numquid
2658 3277 2758 3332 hoc
2783 3279 2977 3334 malum
3001 3279 3251 3350 hominis,
3275 3283 3364 3338 ubi
3393 3285 3543 3353 dicit,
3570 3287 3724 3355 Quod

2134 3363 2254 3419 nolo
2274 3366 2486 3433 malum,
2510 3367 2604 3422 hoc
2623 3385 2739 3440 ago,
2768 3368 2938 3438 ipsum
2963 3369 3196 3426 hominis
3217 3374 3393 3443 pulsat
3417 3380 3719 3432 auctorem?

2134 3455 2202 3511 Et
2231 3465 2407 3513 tamen
2447 3474 2567 3514 eum
2601 3460 2691 3530 qui
2731 3461 2809 3516 sic
2847 3461 2956 3533 agit
2991 3464 3186 3518 malum
3210 3506 3224 3528 ,
3253 3465 3384 3521 satis
3409 3477 3630 3538 apparet
3652 3470 3721 3523 ad

2136 3549 2494 3604 necessarium
2562 3551 2870 3621 pervenisse

2135 3638 2278 3708 quod
2303 3654 2408 3694 non
2434 3640 2544 3710 agit
2568 3641 2859 3698 voluntate.

2926 3569 2940 3608 :
2989 3555 3308 3610 necessitate
3359 3559 3557 3629 quippe
3612 3561 3721 3630 agit

2206 3751 2338 3809 Llll.
2365 3753 2484 3809 JUL.
2511 3753 2790 3822 Quomodo
2822 3770 2951 3827 ergo
2977 3757 3117 3828 quod
3151 3773 3182 3813 a
3213 3761 3518 3817 necessario
3546 3764 3722 3826 venit.

2135 3845 2373 3915 possibili
2397 3861 2519 3902 meo
2541 3846 2771 3902 adscribi
2804 3863 2909 3904 non
2936 3859 3112 3919 potest
3136 3867 3149 3904 :
3176 3852 3245 3907 ita
3270 3853 3410 3924 quod
3431 3869 3463 3908 a
3485 3857 3726 3924 possibili

2135 3935 2304 4002 venit,
2336 3937 2641 3991 necessario
2665 3937 2898 3993 adscribi
2928 3955 3031 3995 non
3062 3951 3260 4010 potest.
3291 3943 3346 3998 ld
3376 3955 3476 4011 est,
3503 3963 3728 4016 quomo-

2136 4025 2205 4080 do
2235 4036 2420 4082 natura
2441 4029 2686 4097 corporis
2713 4037 2767 4082 et
2792 4029 2954 4083 animi
2978 4031 3081 4086 mei
3111 4033 3369 4088 voluntati
3402 4051 3537 4091 meae
3557 4039 3728 4107 appli-

2136 4115 2248 4170 cari
2285 4133 2390 4172 non
2428 4127 2638 4187 potest,
2681 4127 2737 4173 ut
2774 4119 2898 4175 ideo
2936 4121 3015 4176 sic
3041 4123 3225 4179 videar
3250 4140 3371 4181 esse
3394 4128 3517 4196 quia
3540 4131 3724 4196 volui,

2136 4220 2258 4261 cum
2282 4223 2387 4261 non
2419 4208 2681 4278 potuerim
2711 4209 2847 4265 velle
2870 4221 3157 4282 antequam
3186 4228 3382 4280 essem,
3417 4216 3486 4270 ita
3526 4219 3726 4274 malum

2138 4297 2425 4352 voluntatis
2445 4305 2648 4354 naturae
2676 4314 2781 4354 non
2807 4309 2983 4370 potest
3005 4301 3302 4372 admoveri,
3335 4315 3393 4360 ut
3417 4309 3728 4366 necessitati

2138 4388 2501 4458 possibilitatis
2521 4404 2682 4460 opera
2713 4391 3041 4446 misceantur
3064 4391 3108 4444 ³.

2210 4481 2344 4536 Anc.
2377 4481 2416 4534 Α
2443 4480 2763 4536 necessitate
2783 4481 2994 4551 quidem
3017 4483 3146 4538 satis
3166 4485 3440 4542 evidenter
3463 4497 3516 4544 et
3541 4497 3728 4560 aperte

2140 4571 2486 4640 discernitur,
2515 4573 2657 4643 quod
2682 4575 2754 4628 ita
2787 4575 2898 4630 ﬁeri
2925 4585 3118 4645 potest,
3149 4586 3207 4630 ιιι
3234 4593 3338 4633 non
3364 4580 3433 4633 sit
3462 4597 3682 4636 necesse
3710 4599 3723 4634 :

2141 4662 2246 4718 hoc
2266 4673 2319 4717 tu
2347 4663 2596 4733 possibile
2616 4665 3134 4736 appellas,tanquam
3150 4669 3476 4738 impossibile
3489 4673 3561 4725 sit
3579 4675 3723 4742 quod

2141 4754 2257 4810 ﬁeri
2288 4772 2394 4810 non
2428 4756 2600 4811 solum
2635 4764 2828 4826 potest,
2856 4773 3039 4812 verum
3061 4761 3220 4814 etiam
3243 4774 3462 4816 necesse
3487 4773 3589 4818 est.
3619 4765 3728 4821 Sed

2140 4844 2391 4914 quoniam
2422 4844 2621 4914 placuit
2655 4845 2749 4900 tibi
2789 4845 2907 4901 talia
2934 4847 3142 4902 duobus
3170 4849 3287 4903 istis
3313 4851 3524 4906 nomina
3554 4854 3727 4927 impo-

2146 4952 2295 5004 nere,
2328 4936 2685 5007 intelligamus
2712 4945 2768 4991 ut
2789 4953 3093 5008 possumus,
3116 4949 3173 4995 et
3192 4940 3445 4998 feramus.
3473 4943 3576 5001 Sed
3601 4949 3729 5017 quid

2143 5039 2226 5084 cst
2250 5027 2391 5099 quod
2418 5028 2552 5084 dicis
2574 5070 2588 5093 ,
2624 5046 2642 5081 t
2676 5029 2866 5084 Malum
2893 5031 3182 5086 voluntatis
3208 5047 3312 5087 non
3343 5043 3514 5103 potest
3542 5038 3731 5093 admo-

2148 5122 2263 5177 veri
2285 5122 2527 5176 naturm?
2556 5141 2574 5174 ι
2610 5122 2797 5177 Nonne
2824 5137 2944 5176 cum
2973 5123 3214 5193 angelus,
3244 5126 3324 5181 vel
3350 5126 3510 5184 homo
3531 5131 3728 5203 aliquid

2145 5213 2276 5280 vult,
2298 5221 2484 5267 natura
2509 5212 2707 5284 aliquid
2736 5213 2844 5267 vult
2861 5211 2924 5266 "?
2951 5213 3017 5267 Et
3042 5215 3261 5285 angelus
3273 5227 3327 5273 et
3347 5217 3508 5275 homo
3531 5234 3731 5278 natura:

2186 5369 2312 5477 “imm
2349 5369 2541 5477 3.:51'6
2581 5364 2638 5430 ﬁt
2676 5365 2776 5416 ulla
2813 5363 3048 5429 deﬁnitio.
3092 5373 3416 5434 correximus,
3453 5380 3505 5426 ut
3520 5375 3636 5434 illa.
3665 5391 3730 5428 cl

2148 5439 2284 5479 VIIII].
2350 5439 2407 5477 Η.

2202 5487 2231 5560 ξι
2266 5490 2550 5552 vignierius,
2570 5487 2654 5560 ubi
2675 5487 2838 5560 (tabuit
2866 5488 3069 5540 liberum
3091 5489 3364 5544 arbitrium.
3398 5497 3574 5558 Abest,
3599 5497 3732 5547 arbi-

2148 5553 2312 5609 trium,
2335 5563 2364 5600 a
2387 5553 2736 5612 manuscriptis.

2214 5614 2234 5644 ³
2265 5619 2370 5661 Mss.
2396 5618 2506 5660 Mar.
2535 5620 2587 5660 et
2606 5611 2746 5673 Clam,
2773 5611 3048 5664 misceatur.
3073 5620 3155 5662 Ms.
3184 5621 3326 5673 Port.,
3353 5615 3569 5666 misceat.

2214 5674 2235 5704 δ
2266 5675 2495 5740 timuimus
2517 5674 2837 5740 Aquileiensis
2862 5677 2908 5724 in
2931 5675 3442 5740 synodoLateraueusi
3467 5681 3575 5728 anni
3615 5679 3731 5740 619.

2151 5743 2243 5783 act.
2263 5735 2312 5801 ἓξ,
2353 5733 2510 5801 locum
2551 5733 2938 5801 liunc__ita_c_itat_:
2958 5733 3244 5798 'Ntunquid,
3272 5735 3492 5795 .Iulimte,
3535 5733 3730 5801 quando

2152 5795 2346 5888 «rixatus
2366 5802 2445 5846 aut
2475 5795 2614 5845 homo
2637 5795 2821 5858 aliquid
2847 5796 2941 5846 vult
2959 5833 2972 5858 ,
3019 5795 3112 5845 non
3151 5803 3322 5846 mtm'a
3357 5810 3520 5848 eorum
3542 5795 3728 5863 aliquid

2155 5869 2209 5888 ml
2276 5864 2282 5870 .

2155 5863 2248 5905 vult
2272 5864 2284 5906 2
