4124 6518
447 396 584 455 “97

437 526 547 566 non
564 515 692 564 sunt
709 507 762 562 "l
779 503 911 574 Quis
921 502 1029 559 hoc
1047 501 1280 557 dixerit?
1294 501 1348 556 Si
1365 513 1492 570 ergo
1511 506 1712 553 natura:
1730 503 1850 551 sunt
1871 507 2026 564 ange-

439 603 525 660 lus
562 611 617 657 et
649 581 847 664 homo;
881 594 1120 668 profecto
1163 601 1349 648 natura
1381 591 1491 646 vult
1516 587 1886 660 quodcumque
1913 582 2028 637 vult

442 692 686 766 angelus,
707 699 898 746 natura
914 688 1027 743 vult
1041 685 1410 758 quodcumque
1424 682 1534 737 vult
1551 682 1730 737 homo.
1746 675 2027 747 Quomodo

439 802 573 858 ergo
613 783 816 840 malum
841 780 1129 837 voluntatis
1157 785 1358 834 natura:
1383 791 1488 832 non
1521 781 1692 845 potest
1717 769 2024 835 admoveri;

443 893 570 933 cum
597 877 734 933 velle
760 873 956 946 aliquid
980 872 1082 928 nisi
1105 879 1290 927 natura
1311 884 1415 924 non
1439 865 1645 938 possit?
1666 865 1771 920 Aut
1795 877 1901 918 non
1929 862 2030 916 im-

444 950 664 1039 putetur
692 965 895 1024 homini
924 970 1198 1034 peccatum
1234 959 1520 1014 voluntatis
1543 971 1688 1022 suae;
1717 955 1840 1025 quia
1870 953 2030 1009 homo

438 1071 638 1116 natura
664 1068 768 1124 est,
798 1066 853 1113 et
879 1055 1077 1111 malum
1100 1051 1407 1116 voluntatis,
1439 1058 1498 1105 ut
1519 1048 1674 1115 dicis,
1696 1055 1903 1103 naturae
1923 1061 2030 1100 non

443 1160 624 1222 potest
647 1147 939 1206 admoveri.
968 1147 1051 1202 An
1078 1146 1133 1200 in
1161 1152 1363 1198 tantum
1392 1150 1479 1197 tua
1508 1138 1846 1211 progreditur
1881 1136 2034 1192 vani-

445 1252 549 1309 tas,
583 1249 640 1297 ut
666 1249 870 1297 natura:
907 1237 1053 1292 dicas
1080 1235 1279 1290 debere
1316 1231 1607 1302 imputari,
1648 1228 1793 1302 quod
1829 1236 2033 1284 natum

442 1347 552 1388 non
572 1337 749 1403 potest
771 1325 1082 1384 admoveri?
1101 1324 1234 1380 Nam
1262 1323 1383 1395 quis
1405 1322 1545 1378 dicat
1567 1329 1772 1376 naturae
1796 1333 1904 1374 non
1926 1318 2031 1373 im-

443 1423 654 1495 putari,
681 1419 824 1492 quod
850 1419 1141 1488 imputatur
1169 1414 1406 1477 homini,
1437 1412 1538 1468 nisi
1567 1411 1809 1482 quisquis
1834 1410 1906 1464 ita
1934 1408 2032 1464 de-

442 1516 592 1586 sipit,
613 1521 676 1568 ut
701 1511 972 1567 hominem
1001 1516 1160 1579 neget
1179 1521 1300 1562 esse
1319 1503 1599 1560 naturam?
1621 1501 1852 1558 Videsne
1870 1514 2030 1571 quam

444 1607 674 1662 multum
702 1601 957 1675 loquaris,
987 1599 1240 1656 nesciens
1267 1597 1396 1670 quid
1424 1595 1697 1668 loquaris?
1722 1594 1777 1650 Si
1798 1609 1927 1664 ergo
1951 1593 2034 1648 di-

444 1712 573 1763 cas,
603 1694 862 1750 Voluntas
897 1690 1206 1748 necessitati
1253 1705 1360 1745 non
1400 1695 1578 1759 potest
1616 1684 1927 1749 admoveri;
1965 1697 2033 1739 ne

447 1790 552 1844 hoc
575 1786 791 1858 quidem
819 1782 1196 1839 universaliter
1219 1795 1402 1836 verum
1427 1786 1529 1834 est.
1562 1775 1862 1848 Aliquando
1889 1774 2032 1830 enim

445 1879 589 1952 quod
629 1891 851 1934 necesse
889 1883 974 1931 est
999 1873 1281 1938 volumus;
1309 1871 1447 1928 sicut
1481 1882 1704 1925 necesse
1727 1875 1811 1923 est
1845 1875 1906 1921 ut
1942 1864 2033 1936 qui

450 1977 859 2043 perseveranter
895 1968 1035 2022 bene
1070 1964 1295 2030 vivunt,
1346 1963 1476 2018 fiant
1520 1960 1661 2018 beati
1701 1977 1715 2015 :
1749 1956 2035 2030 aliquando

445 2064 608 2120 etiam
629 2075 854 2120 necesse
875 2067 958 2116 est
975 2057 1175 2130 aliquid
1198 2066 1256 2112 ut
1279 2055 1538 2121 velimus;
1557 2056 1692 2110 sicut
1714 2067 1934 2109 necesse
1953 2059 2037 2107 est

447 2171 548 2213 nos
575 2153 960 2212 beatitudinem
987 2151 1125 2206 velle
1155 2167 1171 2204 :
1204 2147 1346 2205 unde
1373 2147 1616 2220 quaedam
1655 2155 1739 2202 est
1783 2153 1840 2202 et
1879 2145 2035 2201 beata

447 2246 762 2311 necessitas,
788 2244 913 2315 quia
935 2242 956 2274 ³
982 2251 1203 2297 necesse
1227 2249 1310 2296 est
1335 2239 1502 2295 Deum
1523 2252 1738 2308 semper
1764 2245 1819 2292 et
1845 2235 2039 2291 immu-

447 2337 685 2392 tabiliter
725 2344 782 2392 et
819 2333 1127 2390 beatissime
1166 2331 1369 2387 vivere.
1407 2328 1513 2386 Sed
1554 2327 1806 2400 quoniam
1835 2335 1958 2382 sunt
1983 2333 2040 2380 et

449 2428 695 2500 quaedam
724 2427 1074 2483 necessitates
1109 2423 1188 2478 sic
1215 2437 1247 2477 a
1273 2419 1634 2478 voluntatibus
1659 2419 1871 2482 alienae,
1901 2424 1959 2472 ut
1985 2425 2040 2472 et

451 2518 747 2576 necessitas
786 2516 858 2572 sit
895 2516 984 2570 ubi
1019 2514 1268 2570 voluntas
1307 2529 1414 2568 non
1442 2522 1564 2579 est,
1596 2519 1651 2566 et
1673 2510 1919 2566 voluntas
1949 2508 2038 2563 ubi

453 2624 560 2664 non
591 2616 675 2664 est
700 2605 996 2662 necessitas
1021 2621 1037 2658 :
1068 2619 1136 2660 ex
1163 2613 1312 2674 parte
1345 2602 1535 2658 saltem
1562 2615 1748 2657 verum
1786 2609 1867 2654 est
1898 2598 2041 2670 quod

451 2701 671 2765 dicitur,
694 2699 955 2754 Voluntas
976 2696 1278 2753 necessitati
1302 2711 1406 2751 non
1429 2703 1604 2766 potest
1623 2692 1916 2749 admoveri.
1940 2691 2040 2759 Qui

452 2808 582 2849 vero
608 2791 778 2858 dicit,
805 2789 940 2845 Mala
971 2789 1217 2844 voluntas
1260 2803 1364 2843 non
1405 2795 1580 2858 potest
1615 2794 1819 2841 natura:
1855 2784 2042 2840 admo-

451 2884 566 2939 veri
593 2899 610 2939 :
640 2881 780 2938 idem
807 2880 992 2944 nobis,
1024 2881 1068 2934 si
1099 2886 1306 2951 petest,
1335 2878 1661 2934 voluntatem
1692 2876 1774 2932 vel
1810 2875 2000 2931 malam
2020 2917 2037 2944 ,

449 2976 535 3032 vel
565 2975 758 3031 bonam
782 3015 799 3043 ,
838 2973 929 3030 ubi
955 2982 1143 3028 natura
1180 2987 1286 3027 non
1321 2979 1403 3043 est
1426 3012 1442 3038 ,
1469 2969 1753 3036 ostendat;
1780 2978 1872 3025 aut
1894 2967 2039 3041 quod

450 3067 700 3125 voluntas
729 3039 850 3123 esse
873 3066 1052 3137 aliqua
1077 3065 1261 3137 possit,
1287 3065 1332 3120 si
1362 3039 1552 3120 natura
1576 3079 1680 3122 non
1707 3064 1777 3119 sit
1802 3039 1926 3135 quze
1942 3063 2041 3118 ali-

448 3159 576 3232 quid
609 3159 757 3215 velit.
791 3157 1021 3213 Attende
1057 3157 1218 3229 igitur
1245 3173 1404 3228 quam
1434 3157 1510 3213 sis
1535 3172 1566 3212 a
1598 3157 1821 3214 veritate
1860 3157 2039 3213 seclu-

447 3268 563 3309 sus.
611 3252 692 3308 Tu
743 3249 915 3318 dicis,
965 3249 1222 3306 Voluntas
1269 3250 1404 3305 maia
1454 3256 1659 3304 natune
1711 3264 1821 3304 non
1864 3256 2042 3319 potest

443 3343 722 3401 admoveri
754 3361 768 3398 :
801 3343 998 3399 veritas
1017 3351 1197 3398 autem
1221 3342 1369 3410 dicit,
1395 3341 1659 3411 Quamdiu
1684 3349 1767 3398 est
1796 3341 2042 3397 voluntas

447 3438 574 3503 ulla,
606 3452 641 3492 a
671 3445 856 3491 natura
882 3451 988 3491 non
1017 3444 1193 3505 potest
1217 3436 1479 3504 separari.

520 3526 651 3583 LIV.
680 3526 800 3582 Ιυι..
831 3527 981 3582 llane
1019 3540 1149 3596 ergo
1177 3525 1530 3580 subtilitatem
1569 3523 1890 3580 divisionum
1932 3539 2040 3580 non

446 3619 824 3689 introspiciens
851 3617 1208 3685 Maniclueus,
1238 3616 1694 3672 Traducianorum
1725 3617 1880 3674 nobis
1910 3631 2041 3687 pro-

445 3710 598 3766 duxit
622 3709 887 3765 examina.
919 3711 1334 3780 Argumentatur
1353 3709 1496 3764 enim
1523 3709 1624 3764 hoc
1654 3708 1814 3764 modo
1847 3726 1862 3764 :
1890 3707 2040 3764 Unde

445 3803 686 3858 malum?
712 3801 973 3858 Nimirum
999 3801 1068 3856 de
1094 3801 1388 3855 voluntate.
1417 3799 1571 3855 Unde
1596 3801 1846 3855 voluntas
1876 3799 2040 3855 mala?

448 3893 780 3965 Respondet,
805 3893 881 3948 De
901 3892 1138 3947 homine.
1167 3889 1319 3946 Unde
1341 3890 1545 3946 homo?
1565 3891 1667 3945 Per
1688 3890 1877 3946 Deum.
1901 3891 2043 3946 Con-

449 3985 724 4056 eluditque
752 4003 766 4039 :
793 3985 848 4040 Si
875 3984 1072 4038 malum
1109 3998 1175 4037 ex
1210 3981 1464 4048 homine,
1505 3981 1666 4036 homo
1706 3997 1803 4052 per
1836 3982 2038 4049 Deum;

453 4077 654 4132 malum
688 4075 845 4146 igitur
870 4088 968 4144 per
993 4073 1179 4128 Deum.
1203 4072 1269 4126 Et
1289 4080 1410 4143 post
1435 4071 1720 4143 hoc,quasi
1739 4073 2038 4142 religiosus,

451 4185 522 4227 ne
541 4167 886 4225 criminosum
911 4165 1068 4220 faciat
1091 4165 1278 4228 Deum,
1299 4164 1392 4219 dat
1414 4163 1753 4220 tenebrarum
1773 4173 2037 4233 naturam,

449 4264 539 4319 cui
579 4261 778 4318 malum
817 4259 1107 4316 debeamus
1147 4257 1474 4314 adscribere.
1516 4257 1649 4312 Hinc
1690 4266 1744 4313 et
1784 4257 2040 4328 Angusti-

451 4369 606 4410 nus:
652 4351 806 4409 Unde
847 4349 1083 4405 malum?
1132 4349 1206 4404 De
1255 4348 1544 4403 voluntate.
1586 4347 1774 4413 Unde,
1825 4348 2036 4418 inquit,

449 4449 566 4522 ipsa
580 4445 846 4501 voluntas?
869 4445 944 4499 De
964 4443 1199 4508 homine,
1218 4441 1306 4513 qui
1329 4450 1412 4495 est
1434 4455 1566 4512 opus
1587 4441 1702 4496 Dei.
1717 4440 1788 4495 Et
1807 4441 2036 4512 colligit:

447 4541 505 4596 Si
536 4538 731 4593 malum
780 4552 846 4592 ex
872 4536 1176 4601 voluntate,
1229 4533 1471 4588 voluntas
1511 4548 1578 4588 ex
1611 4532 1845 4598 homine,
1876 4531 2039 4587 homo

447 4645 585 4703 opus
607 4629 733 4694 Dei;
752 4627 951 4684 malum
971 4625 1127 4698 igitur
1150 4640 1244 4696 per
1265 4625 1451 4680 Deum.
1471 4623 1623 4693 Quod
1641 4623 1791 4695 quasi
1813 4631 2038 4679 conatus

434 4723 760 4787 absolvere,
811 4736 879 4778 ne
926 4720 1094 4776 Deum
1138 4718 1484 4774 criminosum
1533 4718 1713 4775 dicere
1763 4716 2038 4774 videretur

424 4815 611 4888 :(quod
641 4814 827 4870 tradux
858 4812 974 4881 ejus
999 4810 1275 4882 affirmat),
1303 4810 1595 4866 violentum
1623 4824 1774 4881 aeque
1798 4824 1896 4880 pro
1925 4809 2035 4866 Deo

427 4907 601 4964 nobis
621 4905 753 4960 nihil
774 4904 988 4970 obtulit,
1012 4901 1064 4957 id
1096 4912 1197 4967 est,
1225 4901 1472 4957 tenebras
1493 4901 1687 4973 quibus
1708 4901 1907 4959 malum
1931 4901 2035 4956 hoc

435 4997 750 5054 adscribere
778 4995 1116 5051 deberemus.
1155 5011 1174 5046 ι
1209 4992 1327 5049 Νοιι
1352 4993 1494 5049 enim
1516 5033 1534 5060 ,
1565 5011 1584 5046 ι
1620 4992 1822 5064 inquit,
1858 5012 1876 5046 ι
1913 4994 2034 5050 ideo

441 5089 498 5143 in
527 5085 741 5141 homine
767 5086 963 5140 malum
991 5094 1174 5139 natum
1203 5091 1307 5148 est,
1337 5084 1460 5152 quia
1483 5099 1620 5154 opus
1645 5085 1737 5140 Dei
1758 5095 1870 5141 erat
1890 5126 1905 5150 ,
1938 5086 2034 5144 sed

425 5179 572 5234 .itleo
595 5169 716 5247 qu'ia
738 5175 806 5231 de
833 5175 998 5232 nihilo
1023 5185 1139 5232 erat
1163 5195 1181 5228 ι
1198 5173 1306 5249 (De
1333 5173 1500 5246 Nupt.
1522 5184 1569 5229 et
1585 5173 1836 5247 Concup.,
1857 5177 1945 5232 lib.
1977 5177 2032 5244 2,

445 5286 502 5322 η.
530 5268 642 5337 48).
682 5266 844 5335 Quasi
869 5267 1067 5321 veritas
1105 5265 1432 5335 respondere
1475 5282 1582 5320 non
1609 5267 1816 5336 possit:
1842 5269 1908 5323 Et
1929 5285 2032 5340 qua

373 5413 377 5422 ε
441 5356 775 5426 impudentia
798 5355 970 5427 primo
991 5357 1244 5412 mentitur
1269 5355 1410 5410 Deus
1433 5365 1578 5422 tuus,
1601 5371 1720 5413 esse
1740 5360 1793 5413 in
1818 5357 2034 5416 homine

447 5449 812 5511 voluntatem;
850 5447 1044 5502 deinde
1069 5446 1426 5514 condemnat,
1466 5461 1590 5502 cum
1630 5449 1825 5503 malum
1853 5450 2028 5518 istud,

429 5574 434 5582 -
448 5539 694 5597 videlicet
713 5547 1010 5611 peccatum,
1023 5536 1091 5594 de
1107 5535 1424 5592 necessitate
1443 5537 1652 5594 noverit
1667 5540 2027 5609 tenebrarum,

487 5755 526 5786 *δ
561 5751 700 5813 aditi,
732 5759 922 5823 natura:
941 5758 1087 5823 sunt;
1123 5752 1304 5803 omissa
1346 5761 1560 5818 negante
1601 5756 1864 5823 particula,
1888 5772 2032 5823 quam

445 5816 871 5876 "manuscriptis
892 5816 1212 5866 restituimus.

513 5874 535 5907 ⁸
559 5879 636 5925 In.
647 5887 715 5938 te,
737 5874 849 5937 qua.

1155 385 1401 443 OPERIS
1438 380 1850 440 lMPERFECTl
1883 376 2163 436 CONTRA
2201 373 2564 444 JULIANUM,
2604 374 2664 430 S.
2705 373 3071 432 AUGUSTINI

3585 373 3720 429 ΗΜ

2135 489 2188 546 id
2211 499 2313 557 est,
2344 489 2549 561 antiqui
2587 487 2738 543 nihili
2765 486 3090 559 contigisse?
3118 483 3422 542 lnfleximus
3447 495 3540 556 per
3561 500 3718 542 casus

2136 582 2306 650 nihil,
2331 591 2390 638 ut
2417 589 2703 653 appareret
2725 580 3044 636 Traduciani
3073 581 3239 636 virtus
3269 581 3319 635 in
3348 579 3520 635 nihilo
3548 581 3722 636 collo-

2136 675 2308 731 cantis
2347 688 2496 745 spem
2532 688 2706 729 suam.
2747 673 2882 728 Vide
2915 682 3094 728 tamen
3133 671 3552 730 imbecillitatem
3591 671 3718 738 Dei,

2137 783 2296 839 quem
2336 767 2699 824 Traducianus
2727 767 2948 823 inducit.
2991 768 3170 838 Ipsum
3210 767 3432 824 nihilum
3473 783 3724 839 superare

2137 873 2246 914 non
2297 859 2506 916 valuit:
2549 873 2778 930 cumque
2820 859 3090 915 hominem
3138 858 3355 914 fecisset
3410 875 3478 915 ex
3524 859 3718 925 nihilo,

2140 965 2247 1006 non
2269 965 2392 1006 eum
2420 951 2591 1022 potuit
2622 967 2654 1006 a
2674 951 2980 1007 conditione
3009 951 3170 1016 mali,
3199 967 3320 1022 quae
3339 951 3407 1006 de
3439 951 3608 1007 nihilo
3634 966 3724 1006 ve-

2140 1042 2350 1111 niebat,
2382 1058 2580 1100 exuere
2619 1043 2754 1100 :sed
2793 1058 2972 1099 rerum
3017 1043 3329 1100 difficultate
3368 1043 3539 1100 factus
3581 1059 3726 1098 ama-

2140 1134 2251 1190 rior
2267 1177 2284 1204 ,
2311 1149 2410 1206 pro
2430 1135 2542 1191 suis
2567 1135 2740 1207 culpis
2759 1137 3028 1192 hominem
3049 1137 3380 1203 criminatur,
3407 1147 3463 1193 et
3483 1138 3725 1210 imaginis

2092 1257 2094 1259 -
2139 1238 2252 1280 sua:
2279 1226 2450 1282 exitio
2487 1226 2637 1282 nihili
2677 1227 2868 1283 delicta
2903 1227 3243 1284 condemnat.
3287 1229 3574 1300 Bcnignius
3602 1245 3724 1285 cum

2140 1330 2207 1370 eo
2231 1317 2340 1387 agit
2367 1332 2526 1373 senex
2550 1317 2728 1374 Manes
2747 1359 2763 1386 ,
2793 1327 2850 1374 ut
2873 1319 3016 1375 dicat
3038 1319 3184 1374 illum
3215 1335 3318 1375 non
3348 1337 3724 1392 usquequaque

2140 1408 2481 1464 tenebrarum
2522 1419 2682 1480 gente
2716 1419 3010 1478 vastatum;
3055 1410 3209 1481 cujus
3242 1410 3568 1467 debilitatem
3611 1421 3724 1467 tan-

2141 1506 2248 1554 tam
2277 1499 2477 1556 inducit
2501 1501 2864 1558 Traducianns
2883 1544 2900 1572 ,
2933 1496 2990 1558 ut
3016 1511 3408 1560 commentetur
3433 1520 3556 1561 eum
3585 1521 3614 1559 a
3640 1506 3723 1561 ni-

2142 1591 2254 1646 hilo
2281 1592 2446 1649 fuisse
2475 1604 2808 1667 superatum.

2213 1685 2349 1740 Anc.
2372 1683 2542 1741 Nemo
2552 1695 2833 1757 superatur
2851 1701 2880 1742 a
2907 1686 3106 1755 nihilo;
3122 1688 3215 1746 sed
3240 1698 3296 1746 tu
3316 1689 3580 1761 superaris
3598 1690 3724 1746 nihil

2140 1772 2370 1830 dicendo
2393 1793 2406 1830 :
2436 1792 2534 1832 nec
2554 1793 2653 1849 ego
2679 1779 2731 1833 in
2753 1779 2922 1834 nihilo
2942 1781 3200 1836 collocavi
3228 1796 3376 1853 spem
3402 1797 3609 1848 meam;
3631 1783 3724 1837 sed

2141 1875 2197 1922 tu
2221 1867 2288 1922 ad
2319 1869 2542 1926 nihilum
2574 1871 2867 1942 perduxisti
2895 1873 3270 1944 loquacitatem
3299 1883 3459 1930 tuam.
3493 1875 3654 1940 Sane,
3679 1875 3723 1930 si

2142 1971 2290 2018 recte
2332 1957 2600 2034 intelligas
2638 1965 2782 2037 quod
2825 1982 3078 2037 perverse
3121 1968 3378 2039 loqueris,
3428 1969 3530 2023 isto
3570 1969 3726 2023 modo

2142 2051 2285 2107 Deus
2313 2067 2342 2107 a
2383 2053 2554 2110 nihilo
2597 2064 2914 2126 superatur,
2955 2057 3205 2128 quoniam
3251 2058 3414 2114 Deum
3459 2059 3597 2114 nulla
3638 2073 3725 2114 res
3822 2121 3829 2128 _

2143 2151 2363 2215 superat
2406 2161 2420 2198 :
2462 2145 2594 2200 nihil
2638 2147 2781 2202 enim
2822 2147 2951 2219 quid
2989 2158 3108 2216 est,
3141 2149 3243 2204 nisi
3285 2163 3372 2205 res
3410 2150 3595 2206 nulla?
3622 2150 3726 2204 Isto

2144 2233 2304 2289 modo
2344 2235 2506 2290 etiam
2549 2236 2689 2293 Deus
2729 2252 2835 2292 non
2881 2247 3056 2308 potest
3092 2253 3346 2310 superare
3389 2241 3556 2305 nihil;
3603 2241 3724 2311 quia

2143 2325 2346 2382 nullam
2386 2342 2503 2383 rem
2547 2344 2652 2382 non
2698 2339 2957 2398 superat,
3001 2330 3091 2401 qui
3140 2339 3356 2401 superat
3397 2331 3607 2398 omnia;
3645 2339 3727 2386 est

2145 2417 2288 2472 enim
2315 2433 2477 2488 super
2499 2419 2698 2475 omnia.
2734 2418 2840 2475 Sed
2876 2439 2896 2474 ι
2933 2435 3038 2476 non
3066 2421 3400 2492 introspexit,
3434 2439 3459 2494 ρ
3495 2431 3550 2477 ιιι
3572 2421 3722 2486 dicis,

2151 2527 2184 2562 «ν
2209 2509 2530 2567 Μειιίειιεειιε
2559 2512 2880 2568 subtilitates
2904 2511 3225 2568 divisionum
3273 2521 3503 2582 tuarum,
3527 2523 3581 2569 et
3607 2512 3724 2568 ideo

2145 2599 2308 2670 dicit,
2336 2601 2394 2659 Si
2421 2603 2618 2658 malum
2647 2619 2716 2659 ex
2744 2603 2958 2659 homine
2977 2646 2992 2670 ,
3022 2604 3181 2659 homo
3203 2615 3379 2660 autem
3411 2621 3504 2676 per
3529 2605 3720 2671 Deum,

2147 2695 2346 2749 malum
2370 2695 2532 2765 igitur
2552 2711 2649 2764 per
2674 2695 2841 2750 Deum
2873 2713 2887 2751 :
2925 2715 2946 2749 ι
2973 2706 3030 2750 ιιι
3051 2695 3148 2750 hac
3169 2697 3509 2751 conclusione
3538 2695 3724 2763 territi,

2145 2795 2238 2840 aut
2259 2785 2530 2841 hominem
2565 2801 2660 2857 per
2685 2787 2878 2855 Deum,
2907 2795 2999 2842 aut
3025 2788 3224 2845 malum
3255 2801 3508 2858 negemus
3531 2802 3598 2843 ex
3626 2787 3726 2840 ho-

2146 2877 2311 2944 mine,
2337 2886 2433 2932 aut
2457 2887 2764 2949 utrumque,
2794 2888 2852 2934 ut
2873 2879 2984 2946 ille,
3008 2878 3198 2935 falsum
3225 2895 3344 2935 esse
3365 2880 3634 2944 dicamus;
3667 2893 3727 2934 ac

2145 2967 2224 3023 sic
2258 2967 2414 3025 nobis
2441 2969 2744 3025 introducat
2781 2970 2962 3025 nescio
3003 2986 3161 3042 quam
3204 2971 3553 3026 substantiam
3586 2979 3727 3026 tene-

2129 3059 2362 3116 dirarum
2382 3101 2399 3129 ,
2422 3076 2543 3133 quae
2568 3060 2840 3118 hominem
2871 3061 3094 3130 fecerit,
3121 3070 3176 3118 et
3213 3078 3334 3147 quae
3370 3063 3728 3135 principaliter

2145 3152 2346 3209 malum
2386 3153 2490 3223 sit,
2518 3154 2660 3210 unde
2683 3155 2882 3210 malum
2907 3169 3068 3211 omne
3100 3154 3354 3210 credatur
3383 3156 3422 3207 ί.
3451 3154 3532 3209 Τιι
3567 3168 3723 3225 ergo.

2146 3245 2353 3303 divisor
2371 3247 2744 3314 subtilissime,
2773 3248 2894 3304 huic
2920 3249 3132 3304 astutia:
3161 3264 3266 3318 qua
3295 3257 3446 3319 putas
3475 3248 3726 3319 sapientia

2146 3339 2504 3395 resistendum
2522 3339 2548 3393 ‘l
2573 3358 2593 3394 ι
2635 3340 2839 3408 Dicam,
2870 3358 2889 3394 ι
2917 3341 3112 3412 inquis,
3141 3358 3160 3393 ι
3194 3341 3391 3396 malum
3418 3342 3485 3396 ab
3512 3339 3728 3394 homine

2145 3445 2210 3486 ex
2254 3431 2494 3501 possibili
2539 3432 2850 3499 exstitisse,
2898 3447 3004 3488 non
3051 3449 3115 3489 ex
3164 3434 3487 3489 necessario.
3524 3432 3748 3500 »ριιιιείΓ

2145 3536 2276 3576 vero
2317 3521 2412 3576 tibi
2454 3521 2542 3578 ille
2582 3523 2912 3595 respondere
2951 3539 3056 3580 non
3097 3525 3305 3596 possit,
3347 3524 3404 3580 Si
3442 3526 3634 3580 malum
3661 3539 3724 3578 ex

2146 3611 2423 3682 possibili,
2453 3613 2778 3682 possibilitas
2817 3630 2883 3670 ex
2921 3623 3112 3670 natura
3137 3656 3152 3680 ,
3191 3623 3378 3670 natura
3406 3629 3500 3684 per
3531 3615 3688 3669 Deum
3707 3655 3723 3677 ,

2146 3705 2348 3760 malum
2376 3705 2537 3776 igitur
2556 3721 2654 3778 per
2675 3705 2864 3761 Deum.
2889 3706 3037 3763 Hanc
3058 3707 3452 3762 conclusionem
3475 3707 3520 3761 si
3547 3717 3599 3760 tu
3623 3721 3725 3760 non

2145 3797 2308 3853 times
2328 3837 2345 3864 ,
2381 3812 2482 3853 nec
2506 3813 2606 3868 ego
2641 3798 2788 3854 illam
2819 3800 3106 3870 :quoniam
3132 3799 3290 3854 ambo
3320 3814 3424 3855 non
3453 3815 3520 3854 ex
3544 3813 3725 3854 neces-

2147 3889 2328 3952 sario,
2370 3888 2464 3943 sed
2505 3903 2572 3943 ex
2615 3889 2860 3960 possibili
2901 3904 3154 3960 peccasse
3196 3889 3464 3945 hominem
3507 3889 3724 3959 primum

2146 3980 2483 4035 confitemur.
2509 3979 2724 4036 Etenim
2755 3995 2853 4036 nos
2879 3979 3118 4036 dicentes
3148 3979 3419 4036 hominem
3452 3991 3724 4052 propterea

2145 4071 2384 4141 potuisse
2418 4085 2642 4142 peccare
2665 4113 2680 4139 ,
2715 4071 2837 4142 quia
2867 4086 2973 4127 non
3011 4080 3093 4127 est
3135 4072 3252 4142 ejus
3291 4081 3476 4127 natura
3505 4071 3634 4126 facta
3661 4071 3726 4127 de

2147 4167 2278 4232 Deo,
2305 4167 2549 4238 quamvis
2574 4168 2796 4223 omnino
2825 4183 2947 4225 esse
2972 4169 3074 4225 nisi
3105 4169 3197 4224 illo
3229 4179 3446 4226 creante
3476 4186 3578 4226 non
3604 4184 3725 4240 pos-

2145 4267 2259 4325 set;
2286 4274 2395 4314 non
2431 4259 2504 4314 ita
2541 4257 2644 4314 hoc
2672 4259 2901 4315 dicimus
2922 4300 2938 4324 ,
2967 4268 3027 4315 ιιι
3059 4277 3126 4316 ex
3153 4261 3254 4316 hoc
3282 4260 3331 4317 ei
3370 4260 3607 4316 dicamus
3633 4261 3726 4315 im-

2145 4359 2392 4418 pactam.
2442 4349 2581 4403 sicut
2620 4349 2965 4406 calumniaris
2989 4391 3003 4414 ,
3045 4349 3298 4422 peccandi
3339 4351 3721 4406 necessitatem.

2146 4439 2374 4495 Prorsus
2395 4454 2621 4510 peccare
2643 4451 2851 4511 poterat
2869 4451 2924 4498 et
2947 4458 3053 4498 non
3087 4458 3310 4516 peccare
3335 4445 3357 4476 ¹
3388 4461 3402 4497 :
3435 4443 3527 4499 sed
3557 4445 3597 4498 si
3623 4459 3722 4498 non

2144 4531 2214 4586 de
2240 4531 2409 4586 nihilo
2437 4532 2605 4587 factus
2631 4542 2804 4602 esset,
2839 4533 2890 4589 id
2929 4543 3042 4602 est,
3071 4535 3116 4589 si
3145 4534 3212 4591 de
3257 4535 3364 4590 Deo
3403 4545 3586 4590 natura
3611 4534 3724 4605 ejus

2145 4633 2307 4691 esset,
2333 4638 2560 4695 peccare
2579 4625 2802 4680 omnino
2828 4641 2936 4681 non
2961 4634 3162 4697 posset.
3195 4627 3323 4695 Quis
3347 4627 3487 4683 enim
3514 4635 3596 4682 est
3620 4636 3722 4681 tam

2144 4715 2388 4782 demens,
2413 4717 2502 4789 qui
2525 4716 2708 4773 dicere
2728 4717 2942 4786 audeat,
2967 4720 3351 4776 immutabilem
3374 4729 3428 4776 et
3453 4721 3723 4776 inconver-

2145 4807 2348 4864 tibilem
2381 4818 2629 4864 naturam
2655 4825 2775 4880 quae
2803 4810 2943 4867 Deus
2967 4820 3070 4876 est,
3100 4811 3208 4866 ullo
3235 4811 3395 4868 modo
3423 4825 3577 4882 posse
3603 4825 3723 4882 pec-

2141 4913 2297 4966 care;
2336 4898 2405 4954 de
2434 4915 2541 4971 quo
2567 4899 2710 4956 dicat
2737 4901 3064 4973 Apostolus,
3093 4899 3302 4976 Negare
3339 4921 3393 4959 se
3431 4905 3594 4975 ipsum
3628 4921 3725 4958 non

2144 5000 2305 5062 potest
2335 4990 2410 5064 (ll
2433 4989 2569 5046 Tim.
2602 5007 2674 5059 ιι,
2708 4992 2832 5059 l5)?
2859 4991 3083 5064 Utrique
3127 4994 3286 5066 igitur
3323 4995 3613 5051 Manichzeo
3641 5010 3723 5051 re-

2140 5083 2402 5150 sistimus,
2419 5081 2660 5140 dicentes
2672 5100 2703 5140 a
2723 5084 2866 5141 bono
2889 5093 2944 5141 et
2955 5085 3100 5156 justo
3114 5087 3227 5143 Deo
3240 5102 3346 5143 non
3373 5089 3449 5144 sic
3461 5088 3724 5144 hominem

2143 5173 2338 5229 factum
2365 5189 2508 5242 esse,
2539 5183 2598 5230 ιιι
2620 5175 2669 5232 εἰ
2694 5185 2840 5233 esset
2866 5191 3088 5234 necesse
3109 5193 3362 5250 peccare;
3384 5189 3439 5235 et
3464 5179 3584 5235 ideo
3607 5194 3725 5249 pec-

2142 5277 2295 5320 casse
2332 5264 2457 5336 quia
2495 5266 2703 5335 voluit,
2731 5267 2820 5338 qui
2867 5277 3048 5339 posset
3071 5276 3130 5325 et
3167 5269 3329 5326 nolle.
3372 5269 3477 5325 Sed
3508 5268 3642 5339 quod
3673 5268 3723 5323 in

2142 5353 2257 5425 ejus
2273 5357 2530 5426 progenie
2546 5357 2681 5412 mala
2703 5366 2849 5415 tanta
2865 5367 2920 5414 et
2935 5367 3041 5414 tam
3057 5359 3334 5416 manifesta
3353 5359 3721 5431 conspicimus,

2142 5459 2250 5501 non
2269 5445 2568 5503 voluntarla
2597 5447 2905 5518 hominum,
2942 5449 3036 5506 sed
3066 5465 3186 5506 cum
3215 5453 3405 5522 quibus
3433 5451 3538 5505 nati
3568 5458 3719 5517 sunt,

2140 5551 2262 5590 cum
2305 5552 2368 5590 ea
2405 5537 2589 5593 venire
2627 5539 2695 5597 de
2726 5541 2910 5596 vitiata
2951 5556 3046 5612 per
3079 5550 3352 5612 peccatum
3398 5541 3600 5612 origine
3629 5553 3722 5597 vos

2141 5628 2380 5698 negatis,
2423 5627 2662 5699 profecto
2697 5631 2766 5688 ad
2805 5643 3049 5689 naturam
3089 5633 3213 5689 mali
3252 5620 3682 5690 introducendam
3706 5666 3723 5692 ο

2207 5761 2225 5826 ξ
2259 5761 2419 5826 Codex
2440 5769 2591 5826 Poen,
2615 5765 2796 5826 "talum
2816 5779 2919 5818 esse
2941 5767 3187 5820 credatur.

2206 5823 2228 5853 ο
2261 5828 2307 5871 1η
2335 5825 2479 5896 editis
2500 5825 2606 5896 loco
2624 5861 2639 5884 ,
2663 5823 2900 5894 peccare;
2923 5829 3052 5882 male
3070 5830 3412 5892 substitutum,
3434 5832 3648 5894 poterat,
3664 5828 3718 5876 οι

2143 5889 2524 5948 repugnantibus
2548 5895 2652 5940 Mss.
