4124 6534
477 409 616 468 H89

473 529 628 598 cujus
653 522 1032 583 commixtione
1060 503 1156 576 Dei
1182 525 1371 573 natura
1394 519 1644 583 corrupta
1673 509 1765 576 sit,
1805 519 2056 578 umquam

475 620 528 674 in
555 631 682 673 arce
709 611 1056 671 Manichteum
1087 609 1306 665 haeresis
1333 613 1508 661 vestra
1533 599 1830 669 constituit,
1856 613 1929 656 ex
1955 612 2060 669 qua

471 720 528 766 et
558 710 703 765 illum
728 705 885 763 simul
910 715 964 761 et
995 718 1089 759 vos
1111 701 1311 758 veritas
1336 696 1538 768 dejicit.

546 803 655 858 LV.
686 800 801 857 Jun.
829 799 1110 855 Patinntur
1147 794 1286 850 hanc
1321 804 1510 848 omnes
1543 785 1888 860 ignominiam
1913 825 1930 852 ,
1967 782 2060 854 qui

473 895 713 950 indicunt
733 891 943 948 veritati
969 889 1188 944 bellum.
1219 885 1328 942 Nos
1352 897 1482 955 ergo
1506 879 1651 953 quod
1676 878 1882 950 egimus
1909 874 2062 931 colli-

472 1001 678 1056 gamus.
719 985 988 1052 Quaeritur
1024 981 1167 1037 unde
1203 980 1294 1036 illa
1332 976 1504 1049 prima
1542 973 1788 1029 voluntas
1825 969 1964 1024 mala
2004 966 2059 1022 iu

474 1078 691 1133 homine
721 1075 883 1133 fuerit
909 1084 1115 1129 exorta.
1147 1067 1577 1139 Respondemus,
1605 1064 1650 1118 Δ
1678 1069 1828 1117 motu
1854 1056 2056 1124 animi,

472 1177 698 1241 cogente
723 1166 889 1222 nullo.
917 1163 1178 1236 Objicitur
1200 1202 1216 1231 ,
1247 1160 1306 1216 Si
1335 1159 1354 1192 ⁸
1385 1158 1438 1214 in
1463 1169 1628 1228 opere
1654 1153 1749 1209 Dei
1776 1146 2059 1222 apparuit?

471 1261 810 1318 Assentimur
856 1273 1044 1314 verum
1085 1269 1226 1312 esse.
1267 1254 1506 1324 Rogatur
1545 1243 1814 1319 quomodo
1854 1241 1908 1298 id
1950 1255 2058 1296 non

470 1355 790 1417 abnuamus,
819 1352 908 1422 qui
936 1363 1191 1421 negamus
1216 1345 1457 1402 naturale
1482 1347 1782 1413 peccatum.
1811 1334 2058 1405 Respon-

471 1445 682 1511 demus,
710 1442 845 1510 Quia
871 1442 923 1496 in
946 1425 1110 1510 opere
1137 1437 1228 1493 Dei
1257 1453 1288 1490 a
1319 1433 1554 1506 possibili
1577 1429 1757 1487 existit
1784 1435 2058 1498 peccatum

472 1537 615 1594 istud
638 1577 654 1604 ,
702 1551 809 1591 non
851 1549 883 1588 a
921 1532 1244 1590 necessario.
1285 1526 1556 1583 Naturalia
1592 1537 1720 1594 ergo
1757 1517 2060 1576 necessaria

470 1636 599 1684 sunt
617 1669 634 1695 ,
666 1625 940 1698 possibilia
969 1633 1148 1678 autem
1175 1617 1490 1675 voluntaria.

543 1721 679 1776 Anc.
704 1719 841 1775 Sunt
858 1724 916 1772 et
936 1713 1238 1771 voluntaria
1263 1708 1586 1774 necessaria,
1618 1705 1756 1763 sicut
1776 1702 1914 1764 beati
1939 1716 2061 1758 esse

471 1813 739 1879 volumus,
767 1819 823 1867 et
851 1823 1074 1866 necesse
1097 1816 1182 1863 est
1206 1815 1262 1862 ut
1280 1804 1506 1861 velimus
1531 1820 1546 1858 :
1569 1807 1696 1856 sunt
1713 1807 1767 1854 et
1790 1795 2060 1869 possibilia

471 1904 764 1972 naturalia;
791 1903 870 1959 sic
893 1901 1148 1973 possibile
1177 1907 1264 1956 est
1297 1897 1442 1954 enim
1483 1903 1540 1950 ut
1565 1893 1827 1962 concipiat
1865 1890 2060 1946 femina

470 2014 594 2070 qua:
638 1996 950 2054 concumbit
993 2009 1116 2052 cum
1161 1994 1278 2048 viro
1320 1991 1432 2048 suis
1467 1997 1524 2045 et
1560 1987 1702 2043 illius
1741 1983 2060 2058 genitalibus

471 2089 752 2155 membris,
781 2087 828 2144 si
851 2102 952 2144 nec
977 2087 1090 2156 ipsa
1110 2083 1308 2140 sterilis
1335 2081 1424 2148 sit,
1459 2095 1557 2136 nec
1584 2079 1704 2144 ille;
1735 2075 1830 2132 sed
1849 2091 1958 2131 non
1977 2081 2062 2130 est

473 2180 837 2240 necessarium
879 2196 896 2235 :
935 2177 1052 2234 fieri
1091 2177 1288 2248 quippe
1327 2179 1538 2244 potest,
1569 2170 1663 2226 sed
1701 2181 1923 2225 necesse
1951 2179 2059 2220 non

473 2281 586 2341 est;
609 2283 664 2332 et
693 2284 870 2331 tamen
899 2269 1142 2328 naturale
1160 2277 1262 2325 est.
1285 2266 1446 2333 Tace,
1469 2264 1734 2320 obsecro:
1757 2274 1910 2316 vanae
1935 2266 2061 2314 sunt

472 2369 838 2435 definitiones;
862 2381 962 2425 nec
981 2362 1227 2434 subtiles,
1249 2360 1343 2420 sed
1364 2359 1594 2434 pueriles
1613 2353 1907 2416 divisiones
1933 2359 2057 2412 luat.

542 2461 674 2518 [Νι.
701 2460 822 2518 Jun.
852 2461 934 2518 Ac
962 2474 1058 2532 per
1080 2458 1184 2515 hoc
1207 2499 1222 2526 ,
1253 2465 1313 2512 ut
1340 2464 1615 2528 peccatum
1643 2450 1811 2508 motui
1849 2449 2020 2505 libero
2041 2487 2058 2515 ,

472 2554 550 2610 ita
575 2563 819 2610 naturam
847 2553 958 2608 Deo
983 2550 1333 2607 adscribimus
1356 2543 1639 2606 conditori.
1666 2542 1761 2598 Est
1783 2541 1944 2612 igitur
1969 2553 2062 2594 na-

472 2655 593 2701 tura
632 2645 862 2701 humana
886 2643 1086 2700 bonum
1113 2655 1250 2712 opus
1276 2639 1370 2696 Dei
1403 2656 1417 2692 :
1445 2645 1534 2694 est
1569 2635 1791 2690 libertas
1817 2629 2058 2697 arbitrii,

471 2737 528 2792 id
551 2745 654 2804 est,
677 2736 1000 2808 possibilitas
1018 2734 1102 2790 vel
1128 2728 1498 2802 delinquendi,
1519 2727 1604 2783 vel
1631 2734 1781 2783 recte
1806 2721 2059 2790 faciendi,

457 2831 674 2886 ~honum
697 2843 850 2898 aque
867 2841 1002 2898 opus
1019 2825 1134 2880 Dei.
1159 2825 1453 2892 Utrumque
1473 2820 1576 2888 hoc
1597 2817 1798 2874 homini
1818 2831 1849 2870 a
1870 2828 2062 2870 neces-

474 2927 619 2983 sario
641 2923 828 2977 venit:
857 2929 1046 2976 neutra
1080 2918 1149 2974 de
1178 2917 1262 2986 his
1298 2915 1505 2970 duabus
1541 2911 1702 2967 rebus
1737 2909 1865 2965 mali
1901 2921 2062 2962 causa

474 3023 577 3071 est.
600 3011 708 3070 Sed
733 3011 838 3067 huc
866 3024 1037 3080 usque
1057 3004 1360 3064 necessaria
1383 3003 1472 3059 illa
1502 3008 1764 3058 venerunt
1791 3015 1806 3052 :
1831 2998 1943 3068 jam
1970 3011 2065 3050 vo-

477 3108 652 3162 luntas
674 3104 889 3176 quidem
915 3103 968 3158 in
1000 3100 1084 3156 his
1109 3098 1370 3160 exoritur,
1399 3095 1495 3152 sed
1523 3110 1628 3150 non
1657 3092 1726 3148 de
1756 3091 1858 3146 his.
1891 3089 2068 3158 Capa-

475 3195 854 3253 riavoluntatis
873 3192 1230 3264 suntquippe,
1259 3204 1368 3245 non
1394 3187 1580 3259 plena;
1603 3199 1705 3242 nec
1725 3182 1945 3246 faciunt,
1969 3179 2064 3236 sed

474 3288 743 3359 accipiunt
768 3284 1132 3342 diversitatem
1157 3281 1491 3338 meritorum.

547 3380 688 3439 Anc.
737 3375 990 3432 Naturam
1044 3382 1100 3430 et
1149 3373 1378 3430 liberum
1429 3367 1710 3426 arbitrium
1765 3364 2067 3422 rectissime

473 3470 618 3527 bona
644 3467 922 3524 confiteris
945 3479 1068 3522 esse
1097 3464 1191 3521 Dei
1219 3476 1383 3534 opera
1407 3477 1423 3517 :
1446 3459 1540 3516 sed
1567 3457 1709 3530 quod
1737 3457 2067 3512 voluntatem

475 3565 532 3617 iu
575 3561 660 3617 his
696 3558 936 3631 quidem,
969 3556 1063 3612 sed
1105 3569 1212 3611 non
1240 3554 1309 3611 de
1338 3553 1422 3609 his
1457 3550 1657 3607 asseris
1691 3545 1909 3612 exoriri,
1939 3544 2065 3617 quid

477 3653 720 3710 insanius
749 3650 856 3707 dici
899 3649 1111 3720 potest?
1141 3648 1286 3703 Itane
1311 3658 1463 3711 vero,
1497 3642 1725 3707 Juliane,
1753 3654 1820 3695 ex
1851 3637 2068 3693 homine

478 3746 710 3802 hominis
736 3745 986 3800 voluntas
1012 3757 1120 3798 non
1149 3740 1338 3806 oritur,
1364 3751 1488 3794 cum
1518 3735 1682 3790 homo
1708 3733 1906 3788 bonum
1933 3743 2070 3800 opus

476 3843 576 3899 Dei
618 3841 726 3899 sit?
764 3841 1041 3896 Postremo
1073 3836 1310 3906 potuitne
1344 3829 1636 3888 ascendere
1677 3829 1732 3884 in
1769 3841 1866 3884 cur
1895 3832 2065 3890 tuum,

480 3935 678 3992 exoriri
699 3916 923 4006 quidem
943 3931 1176 3987 hominis
1197 3928 1546 3992 voluntatem,
1567 3921 1662 3979 sed
1683 3935 1789 3977 non
1806 3919 1875 3975 de
1900 3918 2070 3974 libero

479 4029 598 4100 ejus
616 4026 874 4083 arbitrio?
894 4026 988 4080 Dic
1014 4038 1142 4094 ergo
1168 4021 1328 4088 unde,
1352 4019 1398 4075 si
1423 4033 1532 4074 non
1557 4015 1625 4073 de
1651 4022 1861 4078 natura,
1884 4011 1937 4066 id
1962 4018 2067 4078 est,

483 4137 590 4176 non
616 4119 686 4176 de
714 4117 1111 4190 ipsohomine;
1139 4115 1184 4171 si
1219 4128 1328 4170 non
1359 4111 1429 4168 de
1469 4111 1639 4167 libero
1672 4108 1789 4178 ejus
1825 4103 2068 4171 arbitrio,

483 4213 591 4280 dic,
620 4226 771 4282 rogo,
802 4208 944 4266 unde
971 4209 1217 4264 voluntas
1252 4204 1484 4260 hominis
1511 4203 1734 4259 oriatur.
1764 4197 1951 4254 Dixisti
1981 4195 2070 4251 ubi

481 4305 708 4372 oriatur,
739 4303 826 4359 dic
853 4311 908 4358 et
935 4301 1098 4356 unde.
1121 4299 1268 4354 Bona
1293 4310 1457 4368 opera
1485 4295 1578 4351 Dei
1621 4298 1749 4349 sunt
1786 4299 1975 4346 natura
2017 4294 2073 4342 et

483 4395 708 4452 liberum
736 4393 1048 4450 arbitrium:
1078 4409 1099 4443 ‹
1131 4390 1188 4444 1η
1214 4389 1318 4457 his,
1352 4407 1371 4442 δ
1401 4385 1597 4458 inquis,
1625 4402 1645 4437 ι
1673 4383 1917 4438 voluntas
1944 4393 2073 4435 exo-

481 4487 636 4552 ritur,
675 4483 771 4541 sed
803 4499 909 4540 non
951 4482 1020 4538 de
1057 4481 1158 4537 his.
1191 4498 1212 4534 ι
1247 4478 1397 4536 Unde
1424 4476 1592 4549 ergo?
1617 4475 1737 4542 dic;
1767 4471 2066 4537 audiamus,

482 4578 769 4633 discamus.
812 4577 919 4632 Aut
962 4573 1186 4630 ostende
1231 4569 1432 4642 aliquid
1472 4567 1670 4624 alicubi
1707 4576 1883 4622 ortum
1926 4579 2069 4632 esse,

482 4685 603 4725 cum
633 4667 775 4724 unde
799 4683 906 4723 non
937 4674 1102 4723 esset.
1130 4662 1353 4718 Mundus
1381 4660 1594 4732 quidem
1624 4658 1693 4714 de
1722 4656 1889 4712 nihilo
1916 4667 2074 4710 exor-

483 4772 569 4818 tus
595 4770 698 4829 est,
722 4759 818 4816 sed
845 4760 958 4816 Deo
985 4757 1242 4822 faciente;
1273 4769 1396 4809 nam
1425 4753 1470 4809 si
1497 4752 1664 4807 Deum
1690 4748 1933 4820 opificem
1962 4761 2070 4802 non

485 4853 726 4918 haberet,
763 4851 832 4907 de
859 4849 1018 4906 nullis
1043 4847 1202 4904 rebus
1226 4845 1448 4902 omnino
1474 4843 1602 4898 oriri
1643 4856 1750 4896 non
1791 4847 1989 4911 posset.
2014 4836 2073 4892 Si

483 4961 611 5017 ergo
638 4954 693 5000 et
715 4944 964 5000 voluntas
992 4943 1045 4998 in
1075 4940 1294 4997 homine
1321 4937 1407 4995 vel
1435 4937 1487 4992 in
1518 4936 1634 5007 ejus
1658 4934 1828 4991 libero
1851 4931 2074 4988 arbitrio

484 5037 554 5093 de
602 5035 771 5092 nihilo
816 5042 1001 5090 exorta
1049 5040 1150 5098 est,
1196 5029 1318 5102 quis
1362 5043 1482 5085 eam
1532 5026 1695 5082 fecit?
1725 5025 1830 5080 Aut
1874 5025 1920 5079 si
1966 5037 2073 5079 non

485 5128 644 5195 facta,
675 5127 762 5183 vel
790 5134 907 5182 orta
935 5133 1018 5181 est
1041 5127 1086 5192 ',
1109 5123 1230 5194 quis
1256 5136 1374 5178 eam
1400 5118 1616 5192 genuit?
1640 5119 1722 5173 An
1752 5116 1864 5173 sola
1899 5123 1984 5171 est
2018 5115 2073 5171 in

487 5219 680 5284 rebus,
725 5235 846 5290 quia
888 5233 1008 5274 esse
1047 5224 1356 5287 cmperunt,
1402 5213 1539 5268 facta
1567 5227 1596 5266 a
1625 5211 1772 5266 nullo
1792 5209 1834 5275 ⁸,
1859 5218 1980 5264 nata
2004 5208 2076 5266 de

487 5309 669 5364 nullo?
695 5307 804 5364 Cur
831 5322 960 5378 ergo
997 5316 1217 5378 propter
1263 5305 1409 5361 illam
1447 5303 1732 5358 damnatur
1759 5301 1940 5365 homo,
1968 5315 2076 5370 quo

487 5415 594 5456 non
623 5401 837 5456 volente
877 5409 1060 5456 exorta
1101 5407 1184 5456 est
1224 5401 1276 5454 in
1321 5397 1415 5454 illo
1443 5396 1693 5452 voluntas
1731 5395 1893 5462 mala,
1921 5393 2078 5464 cujus

487 5502 604 5548 crat
641 5501 845 5548 tantum
888 5505 1078 5562 capax,
1107 5504 1213 5546 nou
1255 5488 1484 5546 efficax?
1509 5487 1568 5545 Si
1613 5494 1814 5552 autem,
1857 5492 1918 5541 ut
1950 5485 2076 5557 jure

553 5672 570 5703 ί
605 5669 766 5718 milex
791 5676 1057 5725 Portarum,
1082 5667 1190 5719 sed.

551 5733 574 5763 ‘
610 5731 738 5779 Idem
759 5732 912 5780 codex
928 5764 942 5787 ,
966 5731 1052 5780 sed
1066 5738 1172 5781 orta
1193 5734 1280 5779 est.

555 5793 577 5825 ³
609 5792 756 5856 Editi,
779 5793 841 5841 de
863 5784 1030 5851 nullo;
1067 5805 1122 5842 ac
1145 5789 1286 5856 paulo
1311 5794 1433 5852 post,
1463 5799 1554 5851 quo
1583 5784 1766 5840 nolente
1787 5792 1956 5841 exorta
1989 5791 2076 5840 est.

527 5851 810 5906 mendantur
835 5866 897 5905 ex
921 5859 1026 5906 Mss.

1846 388 2049 447 LIBER
2087 386 2408 458 QUINTUS.

3610 393 3765 452 ΗΜ

2166 501 2470 572 damnetur,
2509 517 2575 562 eo
2617 501 2830 562 volente
2877 505 2932 562 in
2980 506 3073 563 illo
3115 517 3300 565 exorta
3342 517 3457 578 est;
3499 523 3594 566 cur
3634 510 3752 582 ejus

2165 595 2334 666 ipsius
2358 595 2682 653 voluntatem
2707 596 2776 654 de
2806 597 2898 652 illo
2923 607 3166 654 exortam
3193 614 3374 670 negas,
3407 615 3514 671 quo
3537 599 3754 657 volente

2165 694 2406 762 exortam
2428 702 2568 753 esse,
2590 697 2643 744 et
2668 703 2775 759 quo
2799 688 2901 744 nisi
2924 688 3135 744 volente
3161 689 3357 746 exoriri
3382 705 3487 746 non
3512 691 3751 762 potuisse

2165 793 2272 834 non
2320 778 2518 850 negas?
2555 779 2687 836 Cum
2730 795 2859 836 vero
2903 779 2972 836 de
3021 780 3110 836 illo
3150 790 3266 836 orta
3309 790 3412 847 est,
3453 781 3520 836 de
3562 789 3750 837 natura

2164 879 2348 926 exorta
2374 881 2482 938 est,
2503 870 2625 941 quia
2645 869 2806 928 homo
2829 879 3019 927 natura
3039 881 3120 928 est
3143 888 3159 939 ;
3184 880 3239 927 et
3256 872 3378 942 quia
3399 873 3570 943 potuit
3587 873 3746 928 etiam

2165 961 2310 1017 nolle
2345 961 2486 1032 quod
2511 962 2700 1028 voluit,
2727 961 2796 1018 de
2832 963 2998 1018 libero
3024 963 3141 1034 ejus
3169 962 3394 1019 arbitrio
3429 971 3616 1018 exorta
3642 972 3748 1033 est,

2164 1053 2306 1124 quod
2349 1063 2404 1110 et
2449 1054 2644 1125 ipsum,
2676 1056 2815 1111 sicut
2860 1055 3062 1120 fateris,
3097 1056 3328 1126 pertinet
3365 1054 3432 1109 ad
3462 1063 3704 1110 naturam
3735 1073 3748 1110 :

2165 1135 2419 1214 cur‘ergo
2457 1159 2620 1216 negas
2659 1144 2854 1201 clausis
2895 1145 3065 1201 oculis
3093 1160 3181 1200 res
3209 1154 3444 1215 apertas,
3467 1144 3534 1200 de
3562 1152 3750 1200 natura

2167 1233 2397 1290 hominis
2437 1235 2634 1292 exoriri
2661 1235 2988 1292 voluntatem
3016 1234 3248 1291 hominis
3272 1236 3315 1302 ¹,
3338 1235 3463 1291 dum
3503 1235 3657 1290 times
3683 1250 3752 1290 ne

2164 1323 2489 1380 Manichaaus
2523 1337 2727 1382 natura:
2764 1325 2924 1398 hujus
2961 1335 3175 1382 accuset
3206 1327 3521 1382 auctorem?
3543 1324 3754 1383 Sufficit

2163 1415 2232 1470 ad
2281 1416 2427 1471 illam
2469 1418 2824 1489 pestilentiam
2869 1417 3257 1486 refellendam,
3302 1418 3446 1489 quod
3488 1419 3746 1474 catholica

2165 1508 2360 1563 veritas
2389 1508 2660 1578 prmdieat,
2700 1509 2770 1564 ab
2811 1510 3015 1580 Optimo
3055 1511 3165 1566 Deo
3205 1511 3284 1566 sic
3323 1526 3446 1566 esse
3474 1509 3746 1566 hominem

2164 1599 2459 1667 conditum,
2487 1609 2545 1656 ut
2571 1602 2945 1658 necessitatem
2971 1602 3226 1674 peccandi
3252 1618 3356 1660 non
3382 1603 3622 1671 haberet,
3650 1618 3751 1660 nec

2166 1700 2430 1762 peccaret,
2455 1693 2500 1747 si
2531 1707 2757 1764 peccare
2783 1693 2982 1759 nollet;
3009 1708 3130 1748 cum
3169 1694 3330 1748 etiam
3368 1706 3581 1763 semper
3609 1692 3751 1748 nolle

2167 1784 2347 1855 utique
2367 1793 2569 1856 posset.
2591 1785 2721 1853 Quis
2742 1786 2886 1841 enim
2915 1795 3023 1841 tam
3049 1785 3118 1842 sit
3144 1794 3322 1842 mente
3350 1800 3542 1850 caecus,
3565 1793 3622 1840 ut
3641 1800 3748 1841 non

2165 1874 2372 1944 videat,
2403 1875 2541 1932 sicut
2581 1876 2744 1934 homo
2781 1887 2863 1932 est
2907 1876 3152 1947 primitus
3189 1875 3456 1944 conditus,
3496 1891 3750 1946 magnum

2165 1967 2364 2023 bonum
2385 1983 2506 2024 esse
2525 1978 2748 2034 natura},
2773 1982 2932 2039 posse
2958 1983 3066 2028 non
3093 1983 3354 2040 peccare;
3374 1968 3614 2039 quamvis
3635 1983 3750 2028 mtt-

2160 2055 2250 2127 jus
2277 2057 2370 2124 sit,
2398 2072 2503 2113 non
2536 2073 2696 2130 posse
2723 2073 2943 2129 peccare
2968 2075 2981 2113 :
3007 2067 3166 2130 atque
3193 2058 3586 2115 ordinatissime
3613 2073 3748 2116 cono

2165 2149 2444 2216 stitutum,
2493 2159 2557 2205 ut
2599 2149 2702 2205 hoc
2745 2149 2896 2221 prius
2943 2158 3089 2206 esset
3130 2149 3272 2206 unde
3320 2150 3472 2206 fieret
3516 2148 3748 2209 hominis

2167 2242 2452 2309 meritum,
2501 2251 2556 2298 et
2601 2241 2730 2298 illud
2777 2250 2922 2300 esset
2968 2249 3154 2314 postea
3201 2242 3339 2299 bene
3381 2241 3557 2298 meriti
3607 2256 3748 2312 prte-

2165 2333 2330 2394 mium
2350 2333 2373 2387 ?

2237 2428 2394 2486 LVII.
2433 2430 2554 2488 Jun.
2595 2432 2740 2488 Bona
2771 2446 2900 2505 ergo
2929 2431 3256 2503 possibilitas
3280 2433 3408 2489 mali
3439 2441 3598 2504 atque
3625 2430 3751 2488 boni

2167 2523 2494 2581 voluntatem
2542 2539 2650 2581 non
2694 2525 2854 2597 cogit,
2895 2525 2991 2582 sed
3033 2526 3294 2597 permittit
3335 2525 3553 2581 oboriri.
3581 2524 3752 2580 Nemo

2169 2613 2329 2686 igitur
2369 2614 2489 2670 ideo
2530 2614 2705 2671 bonus
2742 2623 2848 2683 est,
2889 2616 3010 2687 quia
3055 2616 3225 2672 libero
3273 2615 3493 2672 affectus
3534 2615 3754 2673 arbitrio

2169 2717 2289 2775 est;
2321 2717 2444 2764 sunt
2471 2708 2666 2780 quippe
2703 2707 2858 2764 multi
2897 2707 3144 2765 homines
3171 2723 3322 2780 aeque
3350 2708 3524 2773 liberi,
3550 2706 3643 2763 sed
3671 2716 3752 2762 ta-

2170 2815 2294 2856 men
2325 2800 2580 2870 pessimi:
2610 2799 2707 2856 sed
2745 2815 2847 2856 nec
2888 2799 3010 2857 ideo
3045 2801 3272 2872 quisque
3307 2801 3478 2855 malus
3502 2808 3604 2868 est,
3629 2800 3753 2870 quia

2170 2891 2324 2946 liberi
2366 2892 2571 2947 arbitrii
2611 2900 2730 2959 est;
2759 2903 2884 2947 sunt
2930 2893 3090 2970 enim.
3115 2893 3266 2948 multi
3303 2908 3457 2964 mque
3493 2893 3756 2949 libertatis

2172 2978 2330 3049 hujus
2356 2981 2664 3052 participes,
2691 2989 2864 3036 tamen
2890 2982 3099 3050 optimi.
3125 2980 3236 3037 Nec
3257 2977 3427 3036 bonus
3453 2981 3631 3051 igitur,
3657 2995 3758 3038 nec

2173 3071 2342 3125 malus
2372 3071 2535 3126 homo
2563 3071 2684 3127 ideo
2712 3079 2814 3134 est,
2843 3071 2966 3142 quia
3002 3070 3140 3127 liber
3162 3080 3245 3127 est
3271 3090 3285 3127 :
3314 3073 3406 3127 sed
3437 3087 3537 3127 nec
3560 3071 3754 3137 bonus,

2172 3178 2272 3219 nec
2299 3163 2470 3218 malus
2507 3178 2627 3219 esse
2649 3171 2850 3233 posset,
2882 3162 2983 3218 nisi
3022 3162 3157 3218 liber
3185 3171 3348 3220 esset.
3377 3162 3472 3218 Est
3499 3177 3628 3232 ergo
3657 3161 3757 3217 ista

2173 3255 2518 3326 possibilitas,
2554 3271 2675 3327 quae
2711 3255 2929 3312 nomine
2975 3255 3236 3311 libertatis
3277 3256 3596 3322 ostenditur,
3627 3255 3697 3310 ita
3726 3271 3760 3311 a

2171 3344 2574 3416 sapientissimo
2618 3345 2905 3402 constituta
2946 3345 3077 3410 Deo,
3117 3353 3178 3400 ut
3213 3345 3329 3401 sine
3367 3345 3480 3415 ipsa
3522 3359 3627 3399 non
3665 3346 3756 3411 sit,

2173 3434 2316 3506 quod
2345 3450 2440 3506 per
2469 3435 2787 3505 ipsam<esse
2815 3451 2921 3491 non
2946 3436 3170 3506 cogitur.
3192 3434 3591 3492 Contrariorum
3613 3435 3758 3491 enim

2174 3541 2279 3582 una
2308 3527 2601 3597 capacitate
2627 3527 2696 3584 ab
2725 3537 3070 3600 utrorumque
3099 3527 3404 3598 prtejudicio
3426 3526 3757 3594 vindicatur;

2175 3619 2227 3675 id
2256 3629 2362 3688 est,
2395 3635 2496 3678 nec
2534 3620 2687 3675 malm
2715 3619 3032 3685 voluntatis,
3071 3634 3170 3676 nec
3205 3619 3359 3674 bona:
3393 3634 3553 3674 causa
3583 3629 3640 3675 et
3667 3634 3762 3674 ne-

2174 3711 2396 3767 cessitas
2438 3710 2542 3767 dici
2589 3718 2784 3781 potest,
2825 3725 2946 3781 qua:
2976 3719 3255 3780 utramque
3298 3709 3377 3764 sic
3423 3709 3649 3778 recipit,
3704 3717 3764 3764 ut

2176 3813 2420 3861 neutram
2445 3803 2726 3874 compellat
2753 3805 3004 3860 existere.
3033 3801 3470 3858 Necessariorum
3499 3816 3626 3873 ergo
3651 3801 3764 3856 sin-

2174 3896 2376 3968 gularis
2413 3893 2625 3963 ductus,
2664 3904 2720 3950 et
2758 3910 2920 3950 unutn
2954 3893 3184 3965 quodam
3221 3892 3382 3948 modo
3417 3891 3564 3947 filum
3609 3899 3694 3948 est
3711 3893 3761 3960 ⁸,

2176 3987 2322 4044 velut
2359 3987 2683 4058 geometrica
2727 3985 2816 4041 illa
2860 3985 2978 4041 sine
3025 3984 3303 4040 latitudine
3348 3983 3621 4055 longitudo
3656 3991 3761 4050 est,

2177 4093 2278 4134 nec
2315 4077 2402 4134 hic
2441 4077 2568 4133 unio
2609 4076 2772 4132 dividi
2815 4084 3008 4147 potest.
3036 4075 3298 4146 Quamdiu
3325 4090 3454 4145 ergo
3482 4073 3766 4145 singularis

2176 4169 2504 4234 extenditur,
2528 4169 2636 4224 vim
2662 4179 2866 4223 naturae
2893 4183 3002 4224 suae
3029 4177 3174 4224 tenet
3200 4187 3214 4223 :
3237 4176 3292 4223 at
3322 4168 3406 4223 ubi
3438 4168 3486 4223 ei
3513 4181 3766 4222 occurre.

2177 4262 2249 4317 rit
2272 4261 2293 4293 ³
2335 4261 2477 4331 quod
2516 4261 2568 4315 in
2607 4259 2816 4316 diversa
2855 4259 3116 4327 findatur,
3149 4260 3277 4316 illud
3305 4260 3664 4316 necessarium
3699 4259 3766 4317 ίιρ

2179 4357 2282 4413 Iico
2330 4334 2663 4411 terminatur.
2703 4353 2762 4410 Id
2811 4362 2912 4420 est,
2957 4353 3129 4411 bonus
3164 4354 3304 4410 Deus
3349 4353 3547 4410 bonum
3592 4351 3720 4409 fecit
3742 4351 3771 4392 ⁸-

2179 4449 2470 4506 hominem.

2249 4543 2383 4598 Anc.
2421 4541 2527 4598 Cur
2551 4557 2679 4612 ergo
2706 4541 2907 4608 dixisti,
2933 4557 3032 4598 nec
3058 4541 3276 4606 bonum,
3299 4556 3401 4598 nec
3427 4540 3621 4596 malum
3644 4555 3768 4596 esse

2177 4633 2470 4698 hominem,
2499 4633 2598 4687 uisi
2627 4633 2837 4702 propria
2863 4633 3170 4697 voluntate;
3199 4641 3256 4688 et
3280 4631 3532 4702 quidquid
3563 4647 3630 4685 ex
3656 4629 3767 4685 Deo

2179 4725 2365 4791 habet,
2395 4739 2461 4778 ex
2489 4722 2793 4779 necessario
2832 4721 3049 4788 habere,
3084 4738 3188 4777 non
3217 4738 3280 4777 ex
3313 4721 3593 4790 possibili?
3611 4718 3766 4787 Quod

2178 4817 2260 4871 vis
2286 4814 2527 4884 intelligi,
2568 4829 2634 4868 ex
2660 4821 3020 4877 natura,.non
3057 4828 3123 4867 ex
3156 4811 3460 4876 voluntate;
3493 4819 3549 4865 ut
3575 4825 3669 4881 per
3699 4824 3761 4868 se

2179 4906 2353 4976 ipsum
2381 4904 2553 4958 bonus
2581 4902 2651 4957 sit
2678 4903 2856 4968 homo,
2889 4917 2993 4956 non
3025 4916 3121 4972 per
3141 4901 3330 4967 Deum,
3355 4911 3448 4955 aut
3474 4910 3620 4955 certe
3645 4915 3766 4958 me-

2179 4999 2280 5056 lior
2304 5011 2397 5068 per
2418 5011 2479 5053 se
2504 4995 2676 5067 ipsum
2705 5009 2863 5065 quam
2896 5009 2990 5065 per
3014 4995 3206 5050 Deum.
3230 4993 3357 5051 Haec
3385 4993 3580 5064 quippe
3603 4993 3766 5050 verba

2180 5099 2269 5146 tua
2317 5099 2478 5144 sunt:
2509 5106 2528 5139 ι
2557 5086 2745 5151 Nemo,
2781 5106 2800 5140 ι
2832 5086 3027 5157 inquis,
3060 5104 3079 5138 ι
3113 5085 3234 5142 ideo
3279 5086 3452 5141 bonus
3497 5095 3610 5152 est,
3645 5087 3768 5157 quia

2180 5179 2349 5235 libero
2394 5177 2616 5234 allectus
2666 5176 2887 5232 arbitrio
2927 5185 3026 5231 est.
3061 5194 3080 5229 ι
3109 5176 3172 5230 Et
3220 5176 3377 5248 paulo
3424 5186 3582 5247 post:
3611 5194 3630 5228 ι
3659 5175 3770 5232 Nec

2181 5271 2303 5327 ideo
2328 5274 2554 5342 quisque
2578 5268 2751 5324 malus
2776 5277 2878 5333 est,
2911 5287 2931 5321 ι
2964 5268 3158 5338 inquis,
3189 5287 3208 5322 ι
3237 5269 3360 5339 quia
3389 5269 3541 5325 liberi
3563 5267 3770 5324 arbitrii

2181 5375 2283 5421 est.
2313 5379 2335 5419 ι
2369 5364 2571 5432 Quibus
2599 5361 2776 5418 verbis
2801 5360 2929 5434 quid
2955 5361 3109 5428 dicis,
3139 5361 3238 5418 uisi
3269 5360 3408 5433 quod
3441 5375 3540 5418 nec
3567 5360 3768 5420 bonum

2186 5604 2192 5610 ‘
2247 5601 2264 5634 ι
2299 5598 2456 5648 Codex
2473 5603 2617 5658 Port.,
2642 5594 2829 5658 exoriri
2849 5595 3031 5648 homini
3049 5596 3351 5658 uoluntatem.

2246 5663 2268 5723 ἕ
2300 5663 2374 5710 sic
2417 5667 2522 5708 Mss.
2548 5654 2612 5723 at
2627 5657 2770 5723 editi,
2794 5659 3122 5723 Necessarium
3157 5672 3272 5723 ergo
3291 5654 3549 5722 singularia
3572 5654 3765 5720 ductus,

2183 5733 2230 5776 et
2255 5722 2426 5774 bonum
2449 5719 2800 5784 quodammodo
2822 5718 3094 5784 ﬁlumesse.

2249 5787 2271 5850 ξ
2302 5790 2430 5850 Mss_.,
2453 5780 2736 5832 occurrerit.
2765 5780 3031 5850 [occurrit]

2251 5847 2272 5879 ⁸
2305 5845 2464 5897 Codex
2488 5852 2748 5906 Vortumni,
2774 5844 2904 5907 facit.
