4150 6526
479 418 606 474 H9!

477 545 578 586 nec
620 527 817 584 malum
860 526 1004 581 Deus
1048 520 1236 578 fecerit
1280 518 1574 579 hominem,
1618 511 1712 568 sed
1760 505 2072 563 utrumlibet

477 622 669 678 horum
704 620 820 690 ipse
853 635 912 674 se
941 616 1089 682 facit,
1120 629 1242 670 cum
1269 613 1407 668 bene
1433 610 1512 664 vel
1542 607 1680 662 male
1710 605 1875 660 utitur
1903 601 2072 656 libero

479 713 734 769 arbitrio?
755 709 892 779 Quid
919 717 1002 764 est
1024 721 1152 777 ergo
1172 703 1314 776 quod
1342 715 1484 758 nunc
1502 699 1657 765 dicis,
1691 715 1709 748 ι
1736 696 1914 750 Bonus
1934 693 2074 755 Deus

480 807 678 861 bonum
711 803 834 859 fecit
855 801 1162 863 hominem;
1196 816 1214 850 ι
1246 796 1292 850 si
1321 809 1422 849 nec
1449 794 1641 855 bonus,
1669 803 1770 842 nec
1796 785 1967 840 malus
1993 790 2078 838 est

484 897 730 952 habendo
758 896 986 950 liberum
1014 892 1289 946 arbitrium
1316 885 1457 958 quod
1489 886 1540 940 in
1565 899 1632 939 eo
1649 884 1788 937 Deus
1812 878 1958 941 fecit,
1979 876 2076 932 sed

483 990 624 1044 bene
649 986 867 1050 utendo,
891 985 942 1040 id
970 993 1072 1052 est,
1095 998 1213 1038 cum
1237 981 1345 1051 jam
1373 979 1485 1048 ipse
1506 977 1644 1032 bene
1666 975 1798 1040 vult,
1825 987 1931 1027 non
1953 985 2076 1025 cum

490 1080 651 1134 habet
692 1075 1100 1149 possibilitatem
1138 1072 1352 1128 volendi
1393 1068 1565 1125 bene?
1592 1067 1659 1122 Et
1685 1062 1953 1137 quomodo
1980 1077 2079 1116 ve-

487 1185 605 1226 rum
634 1169 755 1234 erit,
783 1166 924 1220 Fecit
949 1165 1084 1219 Deus
1113 1162 1367 1217 hominem
1396 1168 1588 1213 rectum
1611 1156 1804 1224 (Eccle.
1827 1169 1928 1219 vn,
1961 1150 2081 1221 '50)?

490 1262 573 1314 An
617 1267 797 1313 rectus
837 1270 953 1312 erat
992 1271 1099 1311 non
1142 1253 1346 1309 habens
1381 1251 1706 1306 voluntatem
1735 1247 1952 1310 bonam,
1984 1241 2080 1298 sed

493 1352 612 1421 ejus
643 1347 1090 1421 possibilitatem?
1119 1347 1261 1416 Ergo
1287 1355 1341 1402 et
1366 1357 1563 1416 pravus
1591 1349 1708 1397 erat
1737 1354 1843 1394 non
1877 1336 2083 1392 habens

491 1441 825 1496 voluntatem
874 1438 1091 1503 malam,
1125 1437 1218 1492 sed
1251 1436 1367 1507 ejus
1410 1433 1848 1505 possibilitatem;
1879 1437 1935 1484 et
1961 1439 1992 1482 'a
2021 1441 2083 1483 se

495 1533 616 1603 ipso
643 1533 718 1588 illi
747 1541 831 1588 est
865 1531 1107 1586 voluntas
1135 1529 1296 1595 bona,
1335 1528 1630 1596 falsumque
1651 1525 1668 1557 ¹
1691 1524 1947 1593 scriptum
1977 1529 2083 1588 est,

496 1622 834 1694 Prwparatur
875 1622 1109 1676 voluntas
1147 1636 1177 1673 a
1213 1619 1433 1674 Domino
1467 1617 1487 1686 (
1512 1616 1667 1671 Prov.
1707 1630 1819 1680 vm,
1859 1614 1950 1680 '55,
1981 1627 2084 1666 sec.

496 1714 667 1783 LXX)
691 1731 705 1779 ;
734 1724 808 1781 et,
837 1712 976 1768 Deus
1001 1713 1054 1767 in
1082 1713 1219 1768 vobis
1248 1720 1488 1782 operatur
1513 1718 1560 1765 et
1586 1709 1711 1764 velle
1736 1705 1996 1781 (Philipp.
2024 1720 2082 1772 lt,

495 1807 610 1876 15).
639 1805 949 1876 Quanquam
977 1815 1031 1860 tu
1063 1819 1166 1861 nec
1188 1820 1220 1859 a
1243 1819 1302 1859 se
1332 1805 1450 1874 ipso
1487 1802 1539 1858 ei
1568 1802 1716 1856 dicas
1750 1815 1872 1855 esse
1899 1799 2088 1854 volun-

497 1905 662 1952 tatem
706 1896 899 1951 bonam
940 1895 1027 1951 vel
1069 1895 1298 1961 malam;
1337 1893 1430 1949 sed
1473 1893 1602 1947 oriri
1648 1892 1700 1946 in
1743 1891 1854 1958 illo,
1889 1904 1994 1944 non
2021 1888 2090 1944 de

497 1990 612 2044 illo.
643 1989 717 2043 Ita
748 1988 825 2055 fit,
857 1997 916 2042 ut
960 2002 1054 2058 per
1098 1998 1241 2042 tuam
1287 1984 1586 2041 mirabilem
1627 1983 1965 2054 sapientiam,
1989 1995 2091 2037 nec

500 2080 644 2134 Deus
681 2078 867 2134 fecerit
898 2086 1104 2133 rectum
1132 2077 1440 2141 hominem;
1466 2076 1562 2130 sed
1591 2073 1681 2144 qui
1709 2081 1886 2128 rectus
1911 2079 2092 2142 posset

500 2186 643 2237 esse,
671 2171 716 2226 si
741 2172 904 2227 vellet
927 2189 939 2224 :
965 2185 1064 2226 nec
1090 2170 1204 2240 ipse
1227 2183 1285 2224 se
1307 2168 1486 2234 faciat,
1509 2166 1604 2222 sed
1630 2163 1811 2222 nescio
1832 2179 1940 2235 quo
1961 2177 2091 2218 casn

499 2272 684 2317 rectus
726 2261 836 2328 fiat,
881 2262 1003 2332 quia
1043 2276 1142 2316 nec
1181 2261 1266 2316 de.
1293 2261 1406 2326 illo,
1446 2259 1542 2315 sed
1585 2257 1767 2313 nescio
1805 2256 1967 2322 unde,
2000 2264 2093 2309 aut

503 2354 687 2407 nescio
711 2351 1002 2420 quomodo,
1045 2351 1099 2405 in
1144 2351 1236 2405 illo
1274 2351 1522 2405 voluntas
1563 2348 1735 2404 oritur
1774 2362 1876 2416 qua
1913 2356 2094 2401 rectus

505 2443 618 2496 fiat.
641 2441 759 2497 Non
787 2450 871 2496 est
899 2442 996 2496 ista
1023 2441 1284 2510 sapientia
1312 2439 1592 2494 desursum
1619 2437 1972 2503 descendens,
1999 2435 2095 2491 sed

503 2541 741 2596 terrena,
764 2531 1031 2592 animalis,
1057 2528 1322 2585 diabolica
1347 2527 1550 2597 (Jacobi
1579 2543 1654 2592 ιιι,
1688 2526 1794 2596 15).

582 2622 766 2678 LVIII.
807 2622 929 2678 ιω..
971 2622 1042 2676 Ει
1069 2621 1326 2692 incipere,
1350 2630 1406 2676 et
1431 2620 1566 2675 bene
1593 2619 1828 2689 incipere
1851 2619 2098 2674 substan-

508 2715 660 2781 tiam,
689 2730 720 2768 a
748 2713 1036 2768 necessarii
1068 2713 1266 2767 unione
1297 2711 1562 2781 dirigitur.
1593 2710 1800 2780 Accipit
1820 2711 1980 2764 etiam
2005 2724 2097 2764 ar-

507 2807 650 2863 bitrii
696 2807 995 2861 libertatem
1019 2821 1034 2870 ;
1063 2819 1216 2874 aeque
1241 2803 1416 2858 adhuc
1443 2802 1730 2858 necessarii
1760 2803 1896 2857 linea
1920 2803 2097 2857 conti-

507 2898 822 2954 neturzsed
865 2897 975 2968 jam
1019 2897 1442 2953 necessariorum
1491 2896 1611 2951 finis
1654 2906 1769 2962 est;
1819 2895 1947 2950 hinc
1993 2895 2096 2948 tin-

507 2990 706 3043 duntur
752 2989 806 3044 in
848 2989 1117 3044 contraria
1163 2988 1485 3043 voluntates.
1514 2986 1597 3042 Ad
1627 2986 1879 3041 unionem
1919 3001 2049 3057 ergo
2074 2987 2095 3018 '

505 3081 794 3135 necessarii
820 3079 1096 3136 divisionis
1123 3088 1313 3134 natura
1344 3095 1449 3134 non
1481 3079 1731 3148 pertinet.
1763 3077 1839 3132 Ita
1865 3077 2096 3147 possibi-

505 3171 709 3225 litatem
740 3170 937 3225 habere
960 3171 1238 3240 cogimur:
1271 3170 1344 3224 uti
1373 3178 1550 3224 autem
1575 3169 1660 3223 vel
1687 3169 1824 3224 bene
1848 3168 1930 3223 vel
1956 3167 2098 3222 male

506 3262 620 3331 ipsa
650 3261 1001 3331 possibilitate
1031 3276 1137 3315 non
1167 3261 1428 3332 cogimur.
1455 3260 1528 3314 Ita
1559 3260 1617 3316 fit
1647 3269 1704 3315 ut
1732 3262 1894 3316 etiam
1926 3263 2099 3330 possi-

503 3354 683 3410 bilitas
727 3354 984 3426 peccandi
1027 3369 1197 3424 capax
1231 3354 1358 3409 boni
1399 3353 1653 3424 maiique,
1683 3353 1777 3409 sed
1811 3353 2096 3408 voluntarii

504 3445 891 3516 sit:quoniam
938 3446 1066 3501 boni
1117 3445 1317 3516 proprii
1355 3459 1525 3515 capax
1567 3458 1687 3500 esse
1715 3459 1822 3498 non
1862 3451 2094 3514 poterat,

503 3538 609 3593 nisi
638 3553 805 3609 capax
829 3547 972 3594 esset
995 3546 1049 3593 et
1073 3539 1242 3608 pravi.

576 3631 712 3687 Anc.
754 3630 851 3686 Dic
897 3632 1074 3702 potius
1102 3671 1117 3693 ,
1157 3633 1203 3685 si
1254 3630 1335 3686 vis
1373 3645 1557 3686 verum
1599 3629 1778 3686 dicere
1806 3670 1822 3697 ,
1863 3628 2098 3685 hominis

505 3730 751 3777 naturam
798 3737 1050 3792 capacem
1099 3722 1226 3776 boni
1265 3731 1321 3778 ct
1356 3721 1507 3792 pravi
1547 3721 1694 3791 prius
1721 3721 1911 3776 factam
1941 3735 1955 3774 :
1988 3735 2096 3775 non

505 3814 652 3885 quod
675 3814 696 3846 ³
723 3829 829 3868 non
875 3823 1057 3884 posset
1095 3813 1261 3869 solius
1291 3814 1415 3868 boni
1445 3828 1612 3884 capax
1653 3813 1801 3878 ﬁeri;
1830 3813 1924 3868 sed
1953 3813 2098 3882 quod

504 3907 576 3961 ab
603 3907 722 3977 ipso
743 3905 909 3976 gradu
939 3904 1333 3960 ordinatissime
1357 3917 1578 3974 surgere
1603 3903 1806 3970 debuit,
1835 3914 1890 3958 ut
1914 3905 1957 3959 si
1992 3919 2098 3959 non

503 4007 785 4069 peccasset
811 3996 1026 4067 quando
1056 4010 1279 4066 peccare
1309 4004 1509 4065 posset,
1540 3995 1606 4049 ad
1650 4011 1767 4049 eam
1813 3994 2099 4050 beatitudi-

504 4107 630 4148 nem
660 4092 968 4162 pervenirct
1009 4089 1098 4145 ubi
1141 4103 1362 4158 peccare
1398 4103 1507 4143 non
1549 4096 1746 4158 posset.
1776 4087 1931 4156 Quia,
1960 4089 2099 4144 sicut

499 4186 612 4255 jam
663 4183 792 4249 dixi,
843 4192 1129 4253 utrumque
1175 4196 1426 4252 magnum
1466 4182 1664 4237 bonum
1711 4189 1812 4248 est,
1855 4179 2099 4252 quamvis

505 4279 682 4333 minus
725 4293 908 4343 unum,
948 4276 1174 4331 alterum
1221 4274 1412 4344 majus.
1441 4275 1615 4330 Minus
1642 4283 1725 4330 est
1756 4275 1898 4331 enim
1937 4289 2096 4344 posse

503 4386 611 4425 non
658 4384 913 4439 peccare,
962 4367 1134 4436 majus
1173 4376 1352 4421 autem
1397 4381 1520 4439 non
1547 4381 1706 4436 posse
1751 4381 1974 4435 peccare
2001 4383 2015 4421 :
2041 4375 2098 4422 et

503 4461 783 4529 oportebat
811 4475 841 4512 a
872 4458 1062 4513 merito
1091 4457 1217 4512 boni
1254 4457 1478 4511 minoris
1504 4437 1570 4511 ad
1600 4457 1875 4526 prmmium
1902 4473 2095 4527 perve—

501 4555 621 4608 nire
662 4552 904 4620 majoris.
950 4549 1082 4605 Nam
1135 4548 1181 4603 si
1217 4568 1235 4601 ι
1269 4548 1394 4603 boni
1441 4549 1660 4619 proprii,
1701 4569 1721 4602 ι
1767 4550 1904 4604 sicut
1939 4549 2094 4615 dicis,

506 4664 526 4696 ι
561 4659 730 4714 capax
758 4657 879 4698 esse
911 4659 1015 4696 non
1042 4649 1252 4712 poterat
1281 4659 1299 4694 ι
1335 4639 1567 4696 humana
1598 4650 1805 4704 natura,
1840 4659 1860 4694 ε
1889 4641 1987 4696 nisi
2008 4656 2099 4697 ca-

501 4753 603 4806 pax
632 4747 778 4792 esset
803 4746 857 4792 et
878 4736 1025 4806 pravi
1051 4753 1066 4799 ;
1102 4755 1122 4788 ι
1151 4750 1248 4790 cur
1276 4745 1395 4805 post
1417 4734 1554 4789 hanc
1575 4735 1736 4789 vitam
1762 4735 1846 4804 pie
1865 4744 2092 4805 gestam,

498 4829 625 4883 boni
664 4829 834 4884 solius
863 4830 987 4896 erit,
1021 4837 1074 4882 et
1103 4844 1209 4882 non
1243 4827 1368 4881 mali
1396 4841 1587 4896 capax,
1619 4825 1688 4881 ab
1715 4827 1859 4881 omni
1891 4826 2098 4882 scilicet

497 4922 691 4984 aliena,
722 4936 826 4977 non
870 4921 1045 4974 solum
1094 4922 1368 4975 voluntate
1408 4920 1492 4974 vel
1538 4920 1877 4987 necessitate,
1908 4935 2095 4975 verum

499 5013 662 5068 etiam
712 5012 1068 5080 possibilitate
1118 5010 1407 5081 peccandi?
1441 5011 1523 5064 An
1569 5026 1697 5065 vero
1747 5011 2093 5066 metuendum

499 5112 605 5170 est,
647 5117 714 5156 ne
763 5111 890 5156 tunc
934 5104 1095 5157 etiam
1147 5103 1286 5158 forte
1331 5117 1631 5172 peccantis,
1659 5103 1870 5172 quando
1895 5104 2095 5158 sanctis

501 5193 724 5260 Angelis
752 5193 956 5246 erimus
993 5193 1264 5262 aequales?
1295 5194 1370 5248 De
1398 5193 1592 5261 quibus
1621 5194 1740 5249 sine
1762 5193 2094 5249 dubitatione

500 5284 830 5340 credendum
865 5293 964 5348 est,
995 5284 1135 5352 quod
1179 5286 1483 5353 acceperint
1524 5299 1629 5338 non
1673 5299 1828 5354 posse
1867 5299 2094 5354 peccare

500 5395 600 5448 pro
647 5377 841 5431 merito
887 5375 1276 5443 permansionis
1320 5391 1451 5442 suae,
1500 5377 1750 5445 quoniam
1803 5383 2088 5441 steterunt,

499 5470 714 5545 quando
738 5470 856 5524 aliis
885 5467 1193 5522 cadentibus
1218 5469 1378 5522 etiam
1407 5469 1505 5539 ipsi
1535 5483 1756 5538 peccare
1782 5477 2086 5539 potuerunt.

561 5649 578 5678 ³
617 5652 758 5693 Forte
773 5677 790 5700 ,
816 5640 1048 5705 falsoque.

559 5710 580 5739 ³
617 5708 697 5754 llic
721 5700 1006 5766 particulam
1025 5737 1040 5762 ,
1064 5711 1195 5766 ergo,
1222 5700 1508 5750 aucton'tate
1531 5704 1962 5766 manuscriptorum
2006 5704 2092 5753 ad-

494 5769 720 5831 iecimus.

562 5831 583 5861 ο
737 5861 750 5887 ,
770 5839 862 5876 non
883 5838 990 5887 quo.

1146 403 1390 462 OPERIS
1425 395 1836 457 IMPERFECTI
1867 390 2139 449 CONTRA
2177 387 2538 456 JULIANUII,
2578 387 2637 444 S.
2677 386 3044 445 AUGUSTINI

3625 390 3647 445 ί
3659 391 3752 446 ιθε

2183 501 2432 572 Alioquin
2475 503 2650 557 adhuc
2699 503 2993 558 timendum
3040 508 3202 563 esset,
3248 515 3315 556 ne
3363 500 3558 558 multos
3600 519 3754 560 novos

2180 593 2440 659 diabolos,
2471 603 2526 650 et
2549 609 2735 650 eorum
2759 610 2927 650 novos
2953 594 3125 649 malos
3153 595 3168 625 ¹
3195 594 3417 664 angelos
3442 594 3658 652 haberet
3678 596 3756 653 hic

2184 687 2433 742 mundus.
2451 686 2767 742 Sanctorum
2789 686 2948 742 etiam
2970 687 3060 756 qui
3081 684 3148 740 de
3167 685 3483 754 corporibus
3506 687 3754 753 exierunt,

2185 778 2290 832 crit
2334 778 2488 832 nobis
2525 778 2631 832 vita
2660 787 2927 848 suspecta,
2959 793 3028 833 ne
3057 777 3129 832 ibi
3157 779 3316 832 etiam
3349 792 3456 848 quo
3492 789 3758 846 venerunt,

2187 868 2408 925 forsitan
2449 872 2814 940 peccaverint,
2841 879 2933 925 aut
2961 869 3186 926 forsitan
3231 880 3492 940 peccent;
3523 872 3568 927 si
3596 873 3644 928 in
3675 889 3760 928 na-

2189 971 2305 1017 tura
2351 963 2592 1018 rationali
2639 962 2962 1032 possibilitas
3006 962 3266 1032 peccandi
3314 973 3626 1032 permanet,
3672 980 3762 1020 nec

2187 1062 2367 1126 potest
2391 1069 2512 1110 esse
2536 1070 2702 1125 capax
2730 1055 2876 1121 boni,
2905 1056 2948 1109 si
2979 1071 3085 1109 non
3115 1055 3186 1109 sit
3211 1064 3264 1109 et
3293 1055 3440 1109 mali.
3473 1055 3598 1123 Qure
3637 1072 3761 1126 quo-

2188 1146 2332 1200 niam
2359 1145 2705 1201 vehementer
2731 1146 2963 1202 absurda
3001 1157 3146 1213 sunt,
3179 1148 3295 1202 hinc
3331 1147 3518 1217 opinio
3561 1156 3643 1203 est
3683 1164 3763 1204 re-

2187 1237 2464 1307 spuenda;
2504 1239 2786 1308 potiusque
2825 1237 3187 1306 credendum,
3235 1237 3360 1294 ideo
3414 1237 3577 1294 fuisse
3624 1239 3762 1293 istam

2192 1339 2437 1386 naturam
2467 1341 2526 1387 et
2550 1332 2676 1387 boni
2701 1339 2756 1387 et
2783 1331 2909 1386 mali
2935 1346 3186 1402 capacem
3211 1331 3459 1403 primitus
3491 1331 3692 1395 factam,
3715 1340 3766 1386 ut

2193 1422 2384 1479 borum
2425 1425 2650 1480 alterum
2691 1424 2980 1495 diligendo,
3010 1426 3257 1480 meritum
3287 1433 3645 1494 compararet,
3669 1439 3766 1495 quo

2192 1514 2318 1570 boni
2345 1515 2533 1584 solius,
2565 1516 2650 1572 vel
2686 1517 2811 1570 mali
2837 1517 3005 1572 solius
3028 1531 3200 1586 capax
3223 1516 3560 1587 postmodum
3591 1516 3763 1573 fieret:

2194 1607 2266 1663 ita
2311 1617 2489 1664 tamen
2539 1621 2596 1663 ut
2641 1609 2687 1664 si
2734 1609 3058 1680 plecteretur
3103 1609 3448 1665 damnatione
3495 1619 3764 1680 perpetua,

2186 1692 2303 1770 ‘pati
2345 1710 2627 1772 cogeretur
2653 1711 2896 1772 tantum,
2939 1718 3046 1758 non
3089 1703 3250 1758 etiam
3296 1701 3478 1759 facere
3522 1704 3769 1759 sineretur

2194 1792 2413 1848 malum.

2265 1885 2403 1940 LIX.
2443 1886 2555 1942 Jun.
2603 1886 2711 1943 Sed
2752 1898 3007 1958 quantum
3053 1888 3282 1945 interest
3321 1889 3464 1944 inter
3488 1889 3692 1959 plenum
3719 1898 3767 1945 et

2195 1994 2446 2047 vacuum,
2475 1988 2681 2034 tantum
2711 1980 2964 2036 nimirum
2995 1981 3136 2037 inter
3159 1981 3564 2051 possibilitatem
3594 1990 3645 2037 et
3679 1997 3766 2036 nc-

2195 2070 2521 2127 cessitatem.
2550 2071 2882 2128 Possibilitas
2927 2071 3073 2129 enim
3113 2073 3192 2128 rei
3236 2073 3401 2140 illius,
3437 2073 3588 2143 cujus
3616 2087 3768 2142 capax

2196 2162 2416 2226 dicitur,
2441 2177 2605 2218 vacua
2629 2163 2931 2220 ostenditur
2955 2182 2969 2218 :
2991 2163 3206 2235 quando
3231 2163 3276 2219 si
3299 2179 3466 2220 vacua
3490 2178 3591 2218 non
3617 2171 3765 2228 esset,

2198 2268 2299 2309 nec
2325 2268 2496 2324 capax
2534 2262 2697 2309 esset.
2730 2255 2831 2322 Qui
2873 2255 3015 2311 enim
3055 2265 3292 2326 caperet,
3323 2255 3466 2326 quod
3491 2254 3598 2324 jam
3623 2252 3770 2308 habe-

2198 2345 2313 2400 ret?
2337 2343 2640 2401 Necessitas
2664 2354 2842 2401 autem
2867 2360 2976 2402 non
3004 2347 3350 2414 vacuitatem,
3381 2346 3476 2404 sed
3506 2344 3770 2416 plenitudi-

2199 2451 2323 2491 nem
2353 2436 2554 2492 indicat
2585 2456 2601 2493 :
2632 2451 2740 2493 non
2771 2445 2948 2508 potest
2973 2439 3172 2510 quippe
3199 2455 3395 2510 capere
3423 2440 3570 2510 quasi
3596 2454 3765 2505 vacua,

2198 2527 2342 2597 quod
2368 2528 2478 2598 jam
2503 2530 2654 2600 quasi
2695 2530 2852 2601 plena
2879 2546 3001 2588 esse
3029 2533 3326 2603 compellit.
3359 2534 3584 2589 Tantum
3610 2532 3768 2603 itaque

2200 2619 2340 2674 inter
2364 2621 2668 2676 necessaria
2708 2631 2762 2677 et
2796 2623 3070 2692 possibilia
3100 2624 3344 2689 interest,
3372 2632 3620 2695 quantum
3646 2623 3770 2678 inter

2201 2711 2442 2768 conferta
2479 2722 2536 2769 et
2574 2714 2772 2769 inania.
2803 2715 2886 2771 Ab
2915 2716 3192 2787 utriusque
3231 2731 3365 2788 ergo
3391 2715 3668 2788 qualitatis,
3687 2728 3769 2768 cu-

2195 2803 2283 2873 jus
2327 2820 2480 2874 aeque
2521 2819 2691 2877 capax
2727 2815 2830 2872 est,
2861 2807 3186 2879 praejudiciis
3227 2809 3343 2878 ipsa
3387 2807 3773 2879 repugnantium

2200 2897 2538 2967 susceptione
2572 2897 2894 2954 defenditur.
2925 2899 3097 2955 Habet
3137 2914 3267 2971 ergo
3305 2901 3506 2956 bonum
3542 2912 3766 2955 necessa-

2201 2987 2339 3041 rium
2367 2988 2420 3042 in
2451 2997 2639 3043 natura
2669 2998 2895 3058 tantum,
2923 2999 3179 3061 quantum
3211 2992 3278 3047 ad
3307 2993 3563 3049 honorem
3585 2997 3768 3062 spectat

2199 3080 2468 3146 auctoris;
2497 3080 2641 3151 quod
2668 3090 2752 3136 est
2781 3081 3086 3138 innocentia
3114 3083 3243 3138 nulli
3272 3083 3419 3139 malo
3442 3082 3661 3139 admixta
3686 3095 3768 3135 na-

2201 3173 2464 3240 turaliter,
2491 3174 2692 3244 pr0prii
2717 3176 2896 3244 operis
2925 3191 3022 3245 pro
3050 3175 3178 3232 boni
3208 3179 3532 3247 pr0prietate
3553 3184 3606 3232 et
3626 3189 3766 3230 accu-

2200 3266 2406 3322 satione
2431 3267 2558 3322 mali
2587 3268 2875 3337 receptrix.
2902 3267 3038 3324 illud
3067 3284 3196 3340 ergo
3231 3270 3376 3340 quod
3406 3272 3455 3326 ei
3483 3269 3548 3324 de
3572 3267 3764 3339 proprio

2200 3357 2365 3422 venit,
2391 3372 2619 3426 peccans
2644 3359 2868 3430 quisque
2889 3361 3130 3417 sauciare
3155 3370 3329 3432 potest
3351 3381 3366 3416 :
3387 3363 3489 3418 hoc
3504 3377 3623 3416 vero
3641 3358 3763 3430 quod

2200 3449 2268 3504 de
2291 3451 2380 3506 Dei
2421 3465 2586 3520 opere
2619 3453 2879 3522 suscepit,
2916 3453 3230 3510 decolorare
3255 3470 3365 3510 non
3397 3463 3584 3526 potest.
3609 3453 3764 3507 Manet

2199 3556 2327 3610 ergo
2354 3550 2410 3596 et
2443 3542 2497 3596 in
2527 3542 2682 3598 malis
2725 3543 3031 3601 hominibus
3079 3545 3280 3602 taxatio
3323 3546 3578 3610 naturalis
3621 3541 3760 3604 boni;

2201 3645 2302 3686 nec
2342 3646 2576 3701 unquam
2624 3633 2824 3688 malum
2868 3634 2991 3698 erit,
3035 3635 3236 3690 bonum
3283 3638 3584 3706 malumque
3623 3645 3764 3703 agere

2202 3722 2440 3792 potuisse
2469 3740 2482 3777 :
2512 3723 2606 3780 sed
2638 3739 2883 3794 personae
2917 3727 2990 3781 illi
3019 3727 3150 3782 nihil
3176 3729 3434 3798 proderit,
3459 3743 3574 3799 quas
3596 3738 3762 3781 neces-

2201 3814 2326 3869 sarii
2354 3814 2437 3869 sui
2463 3814 2701 3871 instituta
2731 3831 2837 3872 non
2865 3817 3086 3873 damnat
3107 3820 3345 3889 quidem,
3368 3821 3461 3877 sed
3488 3831 3652 3876 tamen
3675 3815 3762 3870 sibi

2199 3917 2265 3956 ea
2307 3918 2415 3959 non
2457 3904 2713 3975 prodesse
2753 3908 3031 3977 compulit.
3055 3907 3204 3966 Sicut
3227 3926 3359 3982 ergo
3386 3913 3438 3967 in
3465 3925 3528 3967 eo
3550 3907 3758 3968 homine,

2201 3995 2254 4048 in
2284 4011 2390 4066 quo
2415 4005 2500 4052 est
2517 3996 2627 4066 jam
2653 3999 2918 4068 explicata
2945 3999 3186 4069 libertas,
3214 4017 3337 4057 cum
3371 4010 3567 4073 peccat,
3589 3998 3759 4054 malum

2200 4089 2555 4148 adscribimus
2577 4091 2854 4156 voluntati,
2875 4100 3118 4149 naturam
3141 4103 3320 4150 autem
3339 4096 3449 4152 Deo
3470 4085 3761 4150 conditionis

2200 4181 2404 4235 auctori
2435 4197 2447 4232 :
2478 4181 2550 4235 ita
2580 4182 2624 4236 si
2652 4182 2927 4252 parvulus,
2954 4184 3045 4255 qui
3069 4184 3361 4242 voluntatis
3388 4201 3535 4242 usum
3561 4197 3657 4238 non
3681 4180 3761 4233 hac

2199 4271 2312 4336 bet,
2340 4287 2440 4326 nec
2480 4272 2769 4343 quidquam
2809 4274 3046 4330 ostendit
3074 4287 3270 4345 praeter
3299 4278 3534 4333 instituta
3559 4281 3756 4333 natura,

2199 4364 2406 4419 scelere
2441 4364 2636 4434 plenus
2669 4379 2790 4421 esse
2825 4364 3055 4434 dicatur,
3095 4378 3258 4438 atque
3301 4369 3497 4426 habere
3532 4365 3709 4422 malum
3733 4372 3758 4411 a

2201 4454 2528 4520 necessario,
2558 4454 2701 4524 quod
2743 4455 2881 4513 alter
2906 4470 2939 4511 a
2970 4457 3212 4526 possibili
3253 4460 3431 4530 capit;
3471 4458 3582 4513 sine
3619 4449 3759 4509 dubio

2200 4546 2248 4602 is
2273 4554 2460 4601 auctor
2486 4546 2749 4614 criminis,
2772 4548 2863 4618 qui
2887 4557 3094 4603 natura;
3115 4559 3323 4618 auctor,
3352 4549 3600 4621 arguitur.

2270 4638 2410 4694 Anc.
2450 4636 2682 4708 Regulas
2709 4647 2825 4692 tuas
2846 4649 3034 4708 aperte
3065 4640 3121 4695 in
3149 4641 3438 4712 majoribus
3464 4636 3756 4708 frangimus.

2200 4735 2258 4782 ut
2285 4741 2378 4782 eas
2417 4726 2484 4782 ad
2511 4727 2764 4797 parvulos
2805 4727 3096 4785 transferre
3125 4745 3233 4786 non
3277 4731 3470 4801 possis.
3513 4726 3622 4783 Non
3659 4727 3758 4777 erat

2200 4819 2451 4889 parvulus
2471 4819 2560 4889 qui
2586 4818 2818 4887 dicebat,
2847 4819 2969 4875 Non
2989 4821 3126 4892 quod
3148 4822 3283 4890 volo,
3307 4824 3441 4895 facio
3461 4822 3664 4880 bonum;
3682 4809 3758 4866 sed

2197 4913 2330 4980 quod
2355 4908 2474 4964 nolo
2504 4911 2716 4979 malum,
2745 4911 2841 4966 hoc
2865 4928 2983 4982 ago.
3009 4913 3124 4970 Non
3148 4915 3198 4971 ei
3228 4912 3583 4986 possibilitatis
3605 4904 3757 4964 inani-

2199 5011 2302 5068 tas,
2324 5002 2418 5057 sed
2444 5005 2778 5060 necessitatis
2806 5005 2980 5062 inerat
3000 5007 3297 5077 plenitudo,
3321 5019 3378 5065 ut
3401 5019 3490 5064 tuo
3508 5004 3572 5060 de
3591 5002 3665 5058 his
3681 5012 3756 5052 re-

2198 5095 2300 5150 bus
2317 5096 2595 5168 loquamur
2620 5099 2780 5154 modo
2811 5117 2823 5153 :
2855 5115 2964 5156 non
2985 5111 3104 5157 erat
3124 5117 3349 5158 vacuum
3373 5099 3512 5173 quod
3533 5097 3754 5165 caperet,

2197 5187 2291 5242 sed
2319 5187 2577 5244 refertum
2606 5205 2714 5260 quo
2746 5202 2964 5263 ceperat
2991 5193 3210 5250 malum.
3240 5194 3356 5250 Non
3382 5193 3520 5250 enim
3549 5187 3648 5251 ait,
3669 5182 3757 5237 Βο·

2199 5294 2325 5333 num
2346 5280 2652 5352 malumque
2675 5297 2834 5354 agere
2857 5299 3107 5352 possum;
3136 5300 3257 5357 qua:
3283 5283 3593 5356 possibilitas
3622 5282 3757 5329 natu-

2198 5388 2273 5427 ra:
2298 5372 2544 5428 humana:
2570 5375 2768 5430 malum
2795 5392 2900 5431 non
2931 5377 3050 5446 fuit,
3083 5393 3182 5434 nec
3206 5377 3489 5434 voluntatis
3518 5390 3530 5427 :
3559 5366 3645 5425 sed
3671 5361 3752 5424 aii,

2201 5463 2322 5519 Non
2347 5467 2480 5536 quod
2507 5464 2651 5532 uolo,
2686 5468 2818 5538 facio
2847 5468 3052 5523 bonum.
3094 5470 3205 5526 Nec
3244 5479 3478 5531 tantum;
3520 5470 3687 5517 verum
3709 5457 3754 5504 et

2197 5557 2435 5624 addidit,
2463 5559 2551 5613 sed
2576 5560 2711 5630 quod
2737 5562 2856 5615 nolo
2882 5563 3094 5631 "talum,
3128 5565 3223 5619 hoc
3247 5581 3363 5636 ago.
3397 5563 3529 5618 Ecce
3550 5562 3600 5611 et

2199 5666 2303 5706 non
2334 5651 2444 5722 agit
2471 5651 2690 5718 bonum,
2719 5663 2773 5708 et
2799 5654 2941 5725 quod
2971 5657 3080 5727 agit
3106 5635 3305 5714 malum
3330 5697 3346 5724 ,
3389 5667 3490 5710 non
3516 5635 3748 5720 poscimur

2268 5829 2282 5859 ι
2318 5830 2384 5876 Ex
2408 5833 2511 5875 Mss.
2537 5828 2840 5880 restituimus
2859 5861 2874 5889 ,
2895 5827 3062 5882 malos.
