4150 6488
365 361 383 414 l
396 358 498 416 493

359 484 417 526 ut
445 473 558 541 ipse
578 466 878 534 constituis,
900 461 995 521 sed
1020 470 1078 520 ut
1103 463 1191 517 ille
1218 458 1413 531 patitur
1438 465 1491 513 et
1513 455 1726 521 fatetur,
1756 468 1943 509 neces-

362 563 504 617 sario
531 575 629 616 suo
654 557 851 615 debet:
881 555 1123 612 inﬁrmus
1156 550 1372 623 quidem
1396 547 1464 604 ad
1490 546 1808 603 auferendas
1850 544 1951 599 mi-

364 651 534 707 serias
563 664 687 706 suas
706 691 722 718 ,
749 647 843 705 sed
881 646 1036 718 plane
1065 641 1398 699 ﬁrmissimus
1424 638 1645 693 malleus
1668 636 1734 691 ad
1763 643 1950 690 conte-

367 741 565 799 rendas
593 738 804 811 regulas
830 745 1055 792 vestras.
1084 732 1212 789 Vult
1233 739 1288 787 et
1313 745 1419 784 non
1453 726 1561 798 agit
1588 724 1728 797 quod
1754 724 1953 779 bonum

369 843 473 899 est,
496 846 603 887 non
625 831 735 886 vult
756 838 810 885 et
828 827 936 899 agit
957 824 1097 898 quod
1122 822 1316 878 malum
1339 828 1422 877 est
1442 837 1457 874 :
1481 818 1621 875 unde
1643 818 1742 872 ista
1764 830 1954 871 neces-

373 923 542 980 sitas?
569 924 878 995 Agnoscunt
911 933 1029 974 eam
1056 916 1270 988 quidem
1297 910 1544 969 catholici
1570 909 1838 973 doctores,
1865 906 1956 977 qui

374 1013 595 1070 Paulum
618 1010 914 1084 apostolum
940 1007 1241 1078 intelligunt
1265 1003 1426 1061 etiam
1447 1000 1514 1057 de
1535 1014 1594 1056 se
1613 1000 1730 1069 ipso
1753 997 1852 1052 ista
1878 995 1959 1051 di-

374 1113 619 1173 centem,
650 1111 705 1159 et
731 1118 799 1158 ex
840 1102 959 1172 lege
1002 1114 1121 1171 qua:
1159 1097 1213 1152 in
1260 1093 1513 1151 membris
1558 1096 1817 1162 repugnat
1857 1088 1959 1160 legi

375 1196 611 1263 mentis,
656 1193 773 1249 sine
807 1208 910 1264 qua
956 1189 1132 1245 nullus
1177 1187 1451 1243 hominum
1495 1183 1750 1250 nascitur,
1774 1179 1961 1235 venire

377 1303 483 1343 non
512 1285 788 1351 dubitant;
819 1291 874 1337 et
902 1282 1023 1337 ideo
1059 1279 1163 1336 dici
1202 1286 1257 1334 et
1294 1291 1325 1332 a
1354 1273 1554 1331 sanctis
1589 1271 1808 1339 vident,
1841 1267 1963 1324 Non

376 1381 512 1451 quod
552 1377 666 1434 voto
688 1418 704 1445 ,
751 1377 884 1451 facio
927 1375 1147 1440 bonum;
1176 1372 1266 1428 sed
1305 1368 1444 1443 quod
1470 1368 1587 1424 nolo
1613 1366 1822 1431 malum,
1870 1364 1964 1419 hoc

379 1487 476 1542 ago
496 1486 516 1526 :
543 1469 667 1541 quia
693 1467 875 1524 vident
903 1472 1159 1537 quantum
1200 1462 1399 1519 bonum
1430 1460 1499 1516 sit
1522 1472 1624 1514 nec
1646 1470 1809 1513 carne
1831 1470 1965 1510 con-

380 1560 659 1631 cupiscere
676 1600 692 1626 ,
718 1574 838 1630 qum
865 1565 1044 1612 mente
1078 1561 1390 1609 aversantur
1407 1550 1463 1617 ις
1493 1562 1693 1620 eosque
1716 1545 1770 1602 id
1795 1544 1929 1601 velle
1946 1585 1963 1612 ,

380 1662 481 1706 nec
505 1649 682 1706 facere
710 1668 724 1704 :
756 1659 811 1705 et
829 1648 1024 1702 malum
1051 1659 1192 1713 esse,
1219 1641 1460 1715 quamvis
1493 1646 1670 1696 mente
1704 1652 1813 1694 non
1840 1651 1965 1693 cono

380 1741 666 1811 sentiente,
693 1738 781 1794 vel
809 1752 971 1794 carne
993 1745 1169 1791 tamen
1194 1733 1315 1789 talia
1336 1730 1746 1802 concupiscere;
1768 1740 1969 1798 eosque

380 1831 435 1888 id
462 1831 626 1897 nolle,
653 1826 748 1887 sed
778 1829 973 1895 facere,
996 1827 1112 1882 sine
1130 1824 1240 1881 ulla
1258 1823 1472 1896 quidem
1499 1818 1965 1886 condemnatione,

381 1922 633 1994 quoniam
657 1919 860 1993 peccati
890 1917 1049 1989 hujus
1068 1924 1218 1972 reatu
1243 1912 1645 1987 regenerationc
1664 1910 1862 1977 deleto,
1882 1922 1971 1965 re-

383 2014 578 2068 sistunt
596 2020 796 2079 mente,
828 2025 897 2065 ne
919 2008 1195 2079 perficiant
1218 2003 1359 2077 quod
1379 2002 1762 2073 concupiscunt
1785 2015 1967 2067 carne;

384 2103 479 2160 sed
504 2118 612 2159 non
656 2102 773 2159 sine
812 2115 910 2156 suo
951 2100 1130 2170 aliquo
1171 2096 1349 2162 malo,
1392 2094 1517 2167 quia
1545 2108 1652 2149 non
1689 2092 1769 2149 eis
1795 2091 1969 2147 aliena

387 2195 699 2262 commixta,
717 2191 813 2249 sed
831 2206 1016 2248 eorum
1042 2198 1232 2246 natura
1255 2197 1336 2245 est
1355 2196 1410 2244 et
1433 2187 1487 2242 in
1510 2193 1689 2242 mente
1706 2184 1827 2240 etin
1852 2197 1971 2239 car-

386 2302 473 2343 ne.
502 2284 655 2342 Hunc
683 2298 896 2341 sensum
931 2283 1074 2353 pium
1102 2290 1153 2337 et
1183 2295 1368 2336 verum
1393 2285 1578 2334 contra
1598 2285 1827 2332 vestram
1854 2289 1973 2330 sus-

387 2384 594 2447 ceptam
637 2380 744 2431 non
784 2374 946 2429 vultis
983 2372 1295 2438 admittere;
1324 2369 1473 2441 quasi
1501 2373 1785 2439 propterea
1809 2364 1973 2421 facia-

386 2470 477 2536 tis,
502 2474 563 2522 ut
586 2466 640 2521 in
657 2465 858 2537 judicio
877 2478 984 2536 quo
1002 2461 1308 2519 defenditur
1325 2476 1355 2515 a
1376 2460 1550 2528 vobis,
1574 2474 1683 2514 non
1708 2458 1882 2515 solum
1903 2456 1974 2515 de

382 2556 599 2625 litteris,
629 2571 814 2612 verum
839 2556 999 2609 etiam
1038 2552 1107 2609 de
1136 2552 1267 2624 ipsis
1297 2551 1570 2608 hominum
1612 2547 1851 2604 moribus
1874 2562 1972 2619 ge-

388 2647 710 2718 mitibusque
733 2655 1063 2710 sanctorum,
1105 2643 1236 2699 nihil
1263 2642 1520 2699 adversus
1551 2655 1669 2697 eam
1695 2639 1970 2708 recitetur,

390 2739 694 2795 nolentibus
716 2738 906 2805 vobis;
937 2745 993 2793 et
1015 2743 1159 2792 tanta
1182 2735 1423 2790 veritatis
1445 2731 1871 2788 manifestatione
1889 2746 1976 2786 re-

387 2832 601 2898 citetur,
628 2839 686 2884 ut
711 2845 818 2884 non
841 2828 1167 2900 eloquentia,
1191 2826 1284 2883 sed
1306 2826 1420 2882 sola
1444 2824 1771 2896 impudentia
1795 2831 1973 2880 vestra

386 2931 681 2989 remaneat,
710 2935 815 2992 qua
836 2920 979 2976 illam
1008 2933 1115 2974 non
1144 2905 1359 2988 possitis
1377 2915 1686 2980 defendere,
1715 2913 1810 2971 sed
1838 2914 1973 2970 veli-

390 3014 480 3069 tis.
500 3012 636 3082 Quid
662 3012 805 3068 enim
828 3012 1003 3083 agitis,
1033 3010 1175 3080 quod
1199 3023 1290 3065 res
1308 3015 1523 3079 apertas
1545 3006 1770 3063 turbida:
1790 3007 1976 3077 loqua-

390 3104 565 3162 citatis
591 3114 904 3176 tempestate
922 3103 1167 3160 nubilare
1184 3100 1451 3158 conamini
1470 3100 1494 3155 ?
1512 3099 1719 3156 Clamat
1744 3100 1977 3170 Aposto-

391 3199 495 3265 lus,
527 3196 647 3253 Non
675 3196 811 3268 quod
837 3195 983 3264 volo,
1008 3194 1140 3267 facio
1172 3194 1394 3259 bonum;
1423 3191 1512 3247 sed
1546 3190 1683 3263 quod
1715 3190 1832 3245 nolo
1860 3206 1977 3245 ma-

391 3291 528 3355 lum,
557 3288 651 3342 hoc
692 3304 810 3359 ago.
838 3286 1045 3342 Clamat
1078 3286 1241 3342 etiam
1281 3284 1528 3355 superius
1556 3300 1571 3338 :
1596 3282 1719 3338 1am
1749 3298 1850 3337 non
1884 3298 1977 3353 ego

393 3396 573 3450 operor
611 3379 743 3433 illud
764 3420 780 3443 ,
810 3377 905 3432 sed
933 3377 1069 3448 quod
1098 3376 1289 3431 habitat
1333 3376 1386 3429 in
1426 3390 1506 3429 me
1544 3383 1845 3446 peccatum;
1871 3372 1976 3427 scio

392 3472 526 3524 enim
552 3471 673 3542 quia
697 3484 799 3523 non
828 3468 1020 3522 habitat
1040 3467 1093 3521 in
1127 3482 1237 3532 me,
1270 3465 1363 3520 hoc
1384 3475 1457 3520 est
1476 3466 1529 3519 in
1548 3481 1659 3519 mea
1686 3480 1858 3530 carne,
1885 3463 1976 3519 bo-

392 3570 515 3613 num
547 3558 726 3630 (Rom.
755 3574 849 3624 vn,
882 3558 1094 3629 17-19).
1123 3556 1259 3624 Quid
1290 3565 1393 3624 est,
1422 3556 1558 3628 quod
1583 3556 1700 3611 nolo
1725 3555 1897 3626 facio?
1923 3563 1980 3612 et

393 3651 518 3721 quid
543 3661 628 3707 est
645 3695 660 3717 ,
689 3668 789 3706 non
819 3668 909 3723 ego
933 3649 1152 3722 operor?
1177 3649 1314 3719 Quid
1345 3657 1428 3705 est
1445 3691 1459 3715 ,
1491 3648 1594 3704 nisi
1620 3648 1760 3719 quod
1785 3663 1977 3703 conse-

392 3751 619 3812 quenter
641 3741 898 3812 exponit?
924 3738 1163 3797 Dicendo
1182 3741 1398 3812 quippe,
1420 3739 1556 3812 quod
1580 3740 1698 3794 nolo
1726 3740 1895 3811 facio;
1919 3755 1979 3795 se

396 3833 574 3911 facere
602 3832 836 3888 ostendit
862 3850 876 3887 :
906 3841 961 3888 et
989 3845 1175 3886 rursus
1204 3830 1466 3897 dicendo,
1505 3845 1607 3884 non
1637 3844 1728 3902 ego
1762 3845 1980 3900 operor;

394 3938 501 3979 non
536 3934 769 3979 mentem
811 3924 1257 3990 consentientem,
1289 3921 1383 3978 sed
1410 3936 1628 3977 carnem
1660 3936 1813 3977 suam
1841 3935 1975 3978 con-

396 4016 758 4084 cupiscentem
782 4015 835 4070 id
860 4013 1037 4069 facere
1057 4012 1293 4069 ostendit
1321 4030 1337 4068 :
1368 4011 1799 4082 concupiscendo
1827 4011 1980 4082 quip-

396 4119 466 4173 pe
491 4120 618 4160 caro
642 4107 771 4177 agit,
797 4104 900 4161 etsi
921 4104 986 4159 ad
1008 4117 1326 4160 consensum
1348 4109 1583 4158 mentem
1604 4117 1711 4158 non
1740 4102 1978 4157 attrahit.

398 4194 628 4267 Propter
652 4196 755 4251 hoc
778 4194 1038 4267 adiungit,
1070 4194 1191 4251 Scio
1216 4194 1336 4264 quia
1367 4210 1467 4249 non
1489 4193 1679 4248 habitat
1697 4194 1751 4248 in
1783 4208 1884 4247 me.
1916 4193 1984 4248 Et

396 4300 671 4357 exponens
697 4286 824 4357 quid
852 4287 997 4365 dicat
1021 4286 1075 4342 in
1109 4300 1234 4343 nte:
1262 4286 1358 4341 hoc
1385 4294 1488 4354 est,
1516 4286 1716 4357 inquit,
1749 4286 1805 4340 in
1832 4301 1986 4340 carne

397 4392 531 4444 nica,
560 4378 767 4432 bonum.
799 4377 997 4432 Verum
1026 4379 1134 4432 sint
1158 4378 1275 4434 ista:
1299 4392 1479 4444 voces,
1505 4392 1612 4433 non
1638 4377 1899 4450 Apostoli,
1927 4387 1985 4433 ut

397 4467 580 4534 vultis,
611 4466 709 4522 sed
729 4467 1016 4536 cujuslibet
1052 4466 1284 4524 hominis
1312 4467 1451 4521 mala
1479 4482 1576 4521 sua
1601 4468 1982 4524 consuetudine

398 4555 738 4627 praegravati,
767 4569 926 4625 quam
941 4556 1213 4612 voluntate
1228 4569 1334 4611 non
1349 4563 1527 4626 potest
1539 4557 1755 4612 vincere
1773 4573 1786 4610 :
1806 4570 1984 4614 nonne

399 4658 453 4705 ct
481 4648 598 4703 hzec
634 4655 743 4702 tam
772 4646 988 4701 robusta
1009 4653 1127 4713 est,
1164 4654 1227 4701 ut
1252 4647 1739 4716 argumentationes
1776 4655 1984 4704 vestras

384 4742 466 4796 de
488 4738 722 4810 possibili
748 4744 807 4793 et
828 4736 1134 4792 necessario
1155 4744 1403 4806 tanquam
1424 4736 1656 4805 pueriles
1673 4744 1731 4792 et
1748 4736 1983 4794 ludicras

400 4830 622 4887 tabellas
645 4828 839 4884 robore
856 4842 956 4882 suo
985 4825 1193 4896 frangat
1211 4832 1267 4882 et
1289 4824 1565 4883 conterat?
1587 4825 1850 4895 Quoniam
1874 4835 1979 4895 est,

396 4922 539 4993 quod
567 4937 674 4977 non
700 4921 882 4985 vultis,
905 4934 1012 4975 non
1038 4919 1210 4974 solum
1242 4917 1597 4973 voluntarium
1623 4926 1782 4988 atque
1808 4919 1984 4989 possi-

400 5015 527 5082 bile,
550 5012 691 5069 unde
711 5012 939 5068 liberum
964 5017 1049 5066 est
1072 5009 1372 5073 abstinere;
1396 5022 1584 5063 verum
1604 5008 1766 5064 etiam
1792 5024 1984 5064 neces-

399 5104 599 5158 sarium
640 5110 950 5174 peccatum,
983 5099 1128 5156 unde
1166 5099 1432 5155 abstinere
1459 5098 1685 5154 liberum
1726 5114 1834 5155 non
1863 5107 1981 5169 est,

400 5193 542 5261 quod
563 5193 677 5263 jam
698 5208 810 5249 non
839 5193 1011 5248 solum
1042 5199 1333 5261 peccatum,
1364 5188 1459 5246 sed
1476 5190 1641 5246 etiam
1667 5205 1824 5262 pana
1852 5205 1984 5261 pec-

403 5284 504 5337 cati
531 5292 632 5338 est.
654 5283 763 5337 Nec
789 5281 1065 5337 attendere
1088 5282 1270 5347 vultis,
1294 5279 1435 5352 quod
1458 5280 1510 5335 in
1532 5295 1850 5353 unoquoque
1869 5284 1983 5354 agi-

408 5389 496 5433 tur
517 5390 613 5444 per
640 5374 945 5428 violentiam
988 5372 1391 5428 consuetudinis
1419 5369 1620 5445 (quam
1645 5373 1858 5445 quidam
1882 5373 1984 5429 do-

405 5462 478 5516 cti
492 5464 740 5520 dixerunt
757 5478 877 5519 esse
902 5463 1191 5519 secundam
1212 5472 1456 5519 naturam
1478 5462 1521 5537 ),
1546 5463 1649 5520 hoc
1665 5474 1843 5521 actum
1863 5478 1985 5521 esse

411 5567 505 5620 per
524 5556 827 5613 violentiam
857 5556 1120 5627 poenalem
1143 5556 1336 5610 summi
1359 5555 1500 5612 illius
1521 5557 1843 5630 maximique
1860 5572 1982 5630 pec-

473 5725 487 5756 ¹
520 5742 666 5785 vetus
689 5733 844 5784 codex
864 5739 1010 5792 Fort,
1036 5732 1182 5785 menti
1198 5733 1529 5784 adtcrsantur.

1705 338 1900 396 LIBER
1941 334 2254 404 QUINTUS.

3502 337 3524 393 ί
3544 338 3645 394 {fl-5

2057 451 2160 505 cati
2205 448 2357 520 primi
2397 447 2627 504 hominis
2667 449 2719 504 in
2761 450 3008 505 omnibus
3037 452 3124 520 qui
3166 458 3321 506 erant
3362 449 3414 505 itt
3444 451 3639 506 lumbis

2058 540 2196 609 ejus,
2227 556 2325 611 per
2351 539 2466 610 ejus
2493 540 2982 611 concupiscentiam
3008 539 3268 609 exorturi,
3291 556 3412 597 cum
3441 557 3640 613 propa-

2059 642 2274 703 garetur
2297 633 2586 688 humanum
2609 647 2774 704 genus
2790 676 2804 701 ,
2826 648 2985 704 quam
3006 634 3489 705 concupiscentiam
3512 649 3641 706 pec-

2061 723 2294 778 cantium
2317 722 2491 794 pudor
2509 724 2718 794 operuit
2743 724 2795 780 in
2826 724 3043 795 regione
3068 723 3392 780 lumborum.

2134 814 2246 870 LX.
2285 814 2406 871 Jun.
2446 816 2551 873 Sed
2579 816 2706 888 quid
2738 832 2834 872 nos
2862 817 2929 872 ad
2958 817 3239 889 parvulos;
3271 832 3393 873 cum
3423 819 3648 889 qumstio

2064 904 2477 962 Manichtnorum
2505 922 2605 962 nec
2630 906 2877 977 perfectae
2900 908 3071 964 aetatis
3094 907 3361 963 hominem
3389 908 3532 966 dicat
3556 924 3651 966 vo-

2066 994 2270 1053 luntate
2294 998 2554 1067 peticare?
2598 997 2728 1052 Nam
2755 998 2801 1053 si
2828 996 2950 1054 ideo
2972 1007 3217 1054 exortum
3243 1008 3327 1056 est
3352 1000 3404 1054 in
3434 998 3652 1058 homine

2066 1089 2286 1152 malum,
2317 1091 2439 1161 quia
2485 1089 2553 1147 de
2595 1090 2761 1148 nihilo
2781 1089 2953 1148 factus
2994 1102 3127 1157 erat,
3172 1107 3202 1148 a
3231 1093 3533 1150 necessario
3553 1109 3652 1151 au-

2068 1185 2175 1234 tem
2214 1179 2400 1236 habuit
2437 1180 2598 1237 homo
2622 1192 2679 1237 ut
2696 1182 2763 1238 de
2805 1182 2972 1239 nihilo
3001 1181 3187 1251 fieret;
3214 1183 3331 1239 sine
3350 1182 3514 1242 dubio
3534 1200 3656 1240 ma-

2068 1270 2177 1326 lum
2204 1287 2311 1328 non
2353 1289 2383 1329 a
2427 1272 2691 1344 possibili,
2737 1273 2831 1329 sed
2858 1291 2888 1328 a
2918 1275 3221 1331 necessario
3247 1274 3467 1346 recepit.
3500 1275 3654 1344 Quod

2069 1362 2194 1433 quia
2232 1362 2387 1436 longa
2417 1362 2778 1435 disputatione
2805 1364 3134 1421 destructum
3178 1373 3290 1433 est;
3320 1366 3495 1423 adhuc
3534 1382 3653 1422 mo-

2071 1455 2245 1511 dicum
2272 1497 2288 1523 ,
2317 1472 2422 1527 quo
2444 1457 2614 1528 magis
2662 1472 2727 1513 ac
2764 1458 2932 1529 magis
2958 1457 3238 1514 iteratione
3282 1458 3532 1524 lucescat,
3562 1446 3658 1513 su-

2072 1564 2168 1620 per
2208 1548 2309 1606 hoc
2350 1549 2541 1606 eodem
2586 1550 2935 1607 disseramus.
2966 1550 3172 1620 Qumris
3202 1566 3331 1622 ergo
3358 1551 3500 1608 unde
3541 1551 3659 1622 ipsa

2071 1642 2319 1698 voluntas
2334 1641 2472 1698 mala
2492 1642 2547 1698 in
2569 1641 2742 1715 primo
2760 1643 2976 1699 homine
2999 1635 3282 1699 exstiterit.
3307 1640 3654 1712 lit-spondeo,

2074 1731 2154 1787 De
2180 1741 2328 1787 motu
2366 1732 2565 1798 animi,
2593 1739 2817 1803 cogente
2846 1731 3015 1788 nullo.
3047 1731 3255 1800 Quaeris
3282 1740 3337 1787 et
3374 1730 3517 1787 unde
3544 1731 3660 1801 ipse

2075 1831 2272 1879 motus.
2298 1822 2643 1894 Respondeo,
2665 1823 2800 1892 Quid
2822 1823 3088 1893 requiris?
3110 1823 3249 1880 unde
3269 1839 3389 1879 esse
3405 1822 3658 1896 potuerit,

2074 1928 2141 1966 an
2172 1912 2313 1968 unde
2339 1928 2459 1968 esse
2488 1913 2797 1983 compulsus
2823 1913 2927 1968 sit?
2955 1912 3009 1969 Si
3037 1911 3203 1982 dicas,
3232 1912 3374 1985 quod
3400 1911 3662 1984 scripsisti

2075 2017 2308 2074 quoque,
2334 2001 2488 2059 Unde
2509 2017 2630 2059 esse
2650 2003 2960 2074 compulsus
2985 2012 3100 2059 est:
3126 2002 3349 2059 referam
3381 2012 3432 2058 te
3457 2013 3664 2075 asysta-

2077 2105 2127 2151 ta
2149 2105 2204 2152 et
2231 2096 2498 2151 contraria
2527 2095 2691 2167 loqui.
2711 2095 2919 2164 Qureris
2939 2096 3079 2151 enim
3100 2095 3220 2166 quis
3241 2094 3496 2165 coegerit,
3518 2092 3659 2165 quod

2076 2202 2197 2243 esse
2233 2201 2339 2242 non
2369 2187 2568 2258 possit,
2604 2185 2708 2242 nisi
2735 2195 2962 2256 cogente
2992 2187 3140 2241 nullo
3172 2204 3186 2241 :
3218 2184 3359 2258 quod
3388 2186 3510 2256 quia
3548 2185 3661 2257 ipsa

2075 2277 2159 2333 sui
2188 2278 2563 2334 contrarietate
2586 2276 2913 2343 dissolvitur,
2944 2276 3079 2332 nihil
3113 2276 3273 2332 habet
3295 2275 3487 2332 virium
3508 2291 3659 2347 qua:-

2077 2369 2199 2435 stio,
2229 2385 2349 2440 qum
2374 2369 2616 2425 ordinem
2644 2385 2750 2425 non
2779 2368 2961 2424 habet.
2995 2369 3157 2440 Igitur
3198 2367 3543 2423 stolidissime
3583 2366 3668 2423 in-

2079 2468 2354 2532 terrogas,
2383 2460 2525 2518 unde
2562 2462 2675 2533 ipsa
2712 2462 2959 2518 voluntas
2998 2462 3159 2516 mala.
3202 2459 3315 2515 Hoc
3353 2461 3495 2515 enim
3521 2460 3666 2531 quod

2078 2551 2244 2619 dicis,
2272 2550 2459 2619 Unde,
2489 2568 2595 2607 non
2622 2553 2956 2608 occasionem
2984 2579 2999 2619 ε
3029 2551 3124 2607 sed
3154 2550 3414 2623 originem
3444 2550 3579 2621 ejus,
3612 2548 3666 2605 id

2078 2652 2183 2711 est,
2212 2651 2455 2699 naturam
2498 2644 2728 2716 requiris
2765 2662 2779 2699 :
2810 2653 2865 2699 at
2893 2643 2980 2712 id,
3010 2644 3148 2700 sicut
3184 2659 3343 2715 supra
3385 2651 3667 2698 tractatum

2078 2744 2182 2801 est,
2210 2736 2256 2792 si
2294 2745 2538 2792 naturam
2565 2735 2777 2809 accipit,
2820 2736 3184 2793 deﬁnitionem
3215 2736 3297 2792 sui
3331 2732 3528 2807 perdit,
3559 2751 3693 2806 qua,

2078 2827 2282 2884 dictum
2307 2837 2408 2894 est,
2462 2848 2481 2882 t
2509 2838 2735 2901 cogente
2762 2829 2942 2895 nullo;
2975 2848 2995 2882 ι
3042 2829 3089 2883 si
3131 2843 3260 2885 vero
3301 2828 3668 2886 deﬁnitionem

2080 2928 2249 2986 tenet,
2277 2921 2643 2992 przejudicium
2669 2921 2961 2976 nativitatis
2984 2919 3236 2977 excludit.
3259 2921 3375 2976 Non
3400 2920 3520 2976 ideo
3540 2936 3668 2990 ergo

2080 3012 2317 3081 peccavit
2339 3013 2521 3080 homo,
2541 3013 2662 3083 quia
2686 3013 2754 3068 de
2775 3013 2940 3068 nihilo
2963 3010 3132 3067 factus
3149 3021 3250 3079 est,
3275 3028 3380 3067 non
3402 3011 3521 3067 ideo
3540 3013 3667 3083 quia

2078 3116 2109 3156 a
2137 3104 2247 3157 Deo
2271 3102 2440 3159 factus
2460 3112 2563 3168 est,
2592 3118 2697 3157 non
2725 3103 2846 3159 ideo
2870 3103 2991 3174 quia
3013 3101 3081 3159 de
3104 3103 3336 3158 tenebris
3360 3101 3532 3158 factus
3558 3110 3665 3171 est,

2082 3209 2187 3250 non
2217 3193 2338 3250 ideo
2363 3195 2486 3266 quia
2512 3194 2666 3250 liberi
2693 3195 2898 3250 arbitrii
2925 3193 3095 3249 factus
3124 3202 3243 3248 est:
3275 3193 3369 3248 sed
3393 3185 3516 3249 ideo
3544 3208 3669 3264 pec-

2081 3285 2240 3353 cavit,
2268 3285 2390 3356 quia
2418 3285 2619 3351 voluit;
2650 3285 2701 3341 id
2730 3294 2833 3354 est,
2862 3284 2983 3341 ideo
3003 3283 3186 3339 habuit
3206 3283 3529 3339 voluntatem
3556 3298 3668 3339 ωδε

2081 3377 2210 3441 lam,
2240 3377 2361 3448 quia
2387 3377 2571 3431 voluit.
3582 3411 3588 3417 .
3637 3432 3641 3441 ι

2154 3468 2290 3523 Anc.
2327 3465 2469 3533 Nos,
2497 3465 2583 3522 vel
2621 3467 2798 3537 potius
2826 3467 2939 3536 ipsa
2983 3465 3194 3522 Veritas
3218 3465 3378 3531 dicit,
3409 3463 3662 3536 perfecta:
3693 3469 3695 3472 ‘

2083 3558 2257 3613 aetatis
2284 3556 2533 3613 homines
2558 3558 2817 3628 quosdam
2841 3557 3131 3623 voluntate,
3153 3557 3412 3628 quosdam
3436 3557 3671 3613 necessi-

2086 3657 2226 3713 tate,
2258 3649 2342 3704 vel
2381 3648 2599 3705 eosdem
2631 3650 2775 3720 ipsos
2815 3649 2869 3704 in
2910 3648 3224 3721 quibusdam
3254 3648 3526 3703 voluntate
3549 3688 3566 3715 ,
3614 3647 3670 3702 in

2084 3741 2400 3812 quibusdam
2427 3742 2745 3797 necessitate
2786 3757 2947 3811 agerc
2977 3741 3197 3796 malum.
3228 3739 3379 3809 Quod
3407 3739 3451 3794 si
3480 3739 3669 3795 falsum

2088 3841 2273 3902 putas;
2298 3833 2446 3887 illum
2468 3834 2648 3904 aspice
2675 3833 3017 3900 clamantem,
3052 3829 3173 3885 Non
3200 3831 3336 3901 quod
3370 3831 3503 3893 volo,
3535 3829 3672 3900 facio

2085 3925 2270 3980 bonum
2284 3940 2304 3990 ,°
2329 3926 2418 3980 sed
2455 3926 2593 3997 quod
2613 3926 2730 3980 nolo
2756 3924 2968 3991 malum,
2997 3924 3090 3978 hoc
3111 3941 3226 3995 ago.
3262 3922 3363 3992 Qui
3391 3924 3485 3979 tibi
3514 3923 3676 3979 toties

2086 4017 2140 4071 in
2178 4017 2369 4072 faciem
2401 4016 2794 4089 retorquendus
2822 4024 2904 4071 est
2924 4058 2939 4084 ,
2970 4016 3183 4087 quoties
3211 4013 3396 4070 dicens
3426 4014 3524 4069 ista
3543 4056 3558 4081 ,
3591 4015 3675 4071 vel

2087 4124 2193 4162 non
2223 4107 2408 4164 videre
2442 4117 2496 4164 te
2537 4109 2693 4179 ﬁngis
2728 4108 2917 4173 istum,
2949 4107 3035 4162 Vel
3077 4106 3303 4162 fortasse
3350 4122 3459 4162 non
3503 4106 3673 4161 vides.

2086 4197 2226 4266 Quid
2249 4207 2300 4255 te
2322 4199 2678 4256 anfractuosis
2708 4198 2934 4253 involvis
2959 4197 3305 4267 ambagibus?
3330 4196 3443 4252 Non
3471 4197 3564 4252 tibi
3593 4197 3680 4251 di-

2087 4291 2246 4357 citur,
2276 4291 2660 4347 Necessitatem
2704 4288 2998 4360 peccandi‘
3033 4289 3217 4344 habuit
3244 4287 3427 4350 homo,
3455 4289 3578 4359 quia
3609 4287 3679 4342 de

2089 4382 2257 4438 nihilo
2282 4381 2452 4438 factus
2478 4390 2563 4438 est
2603 4400 2616 4436 :
2669 4382 2763 4437 sed
2795 4392 2849 4437 tu
2892 4381 2986 4438 tibi
3018 4381 3119 4436 hoc
3142 4379 3300 4436 dicis.
3345 4380 3573 4434 Prorsus
3604 4377 3677 4461 ita

2089 4477 2258 4533 factus
2283 4486 2400 4543 est,
2442 4484 2501 4532 ut
2535 4475 2787 4547 peccandi
2836 4474 3241 4546 possibilitatem
3273 4472 3493 4527 haberet
3517 4485 3546 4524 a
3580 4485 3677 4523 ne-

2088 4568 2345 4636 cessario,
2371 4576 2645 4638 peccatum
2673 4583 2798 4623 vero
2825 4583 2854 4640 ξι
2883 4565 3144 4637 possibili.
3172 4564 3544 4618 Verumtamen
3578 4572 3677 4614 nec

2090 4658 2259 4729 ipsam
2285 4658 2541 4729 peccandi
2570 4657 2979 4727 possibilitatem
3008 4655 3250 4720 haberet,
3282 4655 3328 4708 si
3360 4652 3454 4708 Dei
3484 4660 3676 4705 natura

2089 4756 2285 4803 esset:
2332 4748 2680 4802 immutabilis
2716 4748 2857 4802 enim
2889 4748 3127 4817 profecto
3154 4752 3329 4808 esset,
3374 4754 3428 4798 et
3454 4757 3677 4812 peccare

2091 4855 2195 4895 non
2222 4846 2425 4908 posset.
2445 4837 2561 4892 Non
2591 4838 2749 4908 igitur
2775 4837 2893 4892 ideo
2920 4835 3179 4907 peccavit,
3207 4835 3303 4892 sed
3330 4834 3451 4892 ideo
3486 4850 3679 4906 pecca-

2091 4944 2151 4984 re
2168 4926 2362 4998 potuit,
2384 4929 2507 4998 quia
2536 4928 2603 4983 dc
2632 4926 2803 4982 nihilo
2830 4925 2998 4983 factus
3027 4934 3129 4982 est.
3160 4924 3306 4981 inter
3331 4925 3594 4992 Peccavit,
3621 4934 3680 4982 ct

2091 5018 2323 5074 Peccare
2350 5018 2542 5087 potuit,
2583 5017 2870 5088 plurimum
2895 5016 3059 5073 distat
3088 5034 3101 5069 :
3138 5015 3230 5071 illa
3257 5015 3413 5087 culpa
3442 5027 3545 5084 est,
3575 5016 3678 5072 ista

2090 5120 2301 5164 natura.
2331 5107 2443 5164 Nec
2472 5122 2634 5164 omne
2658 5107 2798 5179 quod
2826 5106 2893 5164 de
2912 5105 3081 5161 nihilo
3106 5107 3301 5162 iactum
3325 5114 3426 5170 est,
3453 5120 3680 5178 peccare

2091 5200 2293 5272 potuit;
2334 5215 2441 5256 non
2472 5199 2616 5255 enim
2646 5199 2789 5270 ligna
2819 5206 2875 5255 et
2902 5197 3108 5270 lapides
3146 5213 3369 5270 peccare
3408 5209 3677 5269 possunt:

2088 5292 2186 5348 sed
2219 5301 2395 5349 tamen
2422 5303 2612 5348 natura
2639 5307 2757 5363 qua:
2781 5306 3010 5363 peccare
3039 5291 3229 5362 potuit,
3253 5290 3323 5348 de
3350 5291 3521 5347 nihilo
3543 5282 3679 5347 facta

2090 5392 2193 5439 est.
2233 5382 2343 5439 Nec
2381 5398 2629 5455 magnum
2671 5392 2755 5439 est
2792 5396 3012 5452 peccare
3041 5397 3145 5438 non
3175 5395 3333 5452 posse
3375 5401 3388 5437 :
3433 5380 3528 5438 sed
3559 5397 3676 5436 ma-

2091 5491 2253 5548 gnum
2282 5483 2377 5532 est
2402 5490 2523 5531 cum
2565 5475 2897 5532 beatitudine
2924 5489 3148 5546 peccare
3176 5489 3286 5529 non
3318 5488 3495 5545 posse.
3527 5471 3679 5527 Sicut

2093 5582 2199 5621 non
2228 5573 2311 5621 est
2331 5580 2602 5637 magnum,
2625 5580 2745 5621 esse
2772 5564 3023 5620 miserum
3052 5580 3157 5620 non
3186 5578 3377 5634 posse;
3406 5560 3527 5632 quia
3555 5574 3676 5614 om-

2096 5678 2182 5802 “;
2215 5684 2416 5790 lg’MSS.,
2442 5677 2646 5740 peccati.
2687 5677 2860 5728 Eadem
2883 5678 2933 5729 in
2951 5678 3070 5742 ipsis
3088 5676 3231 5729 editis
3253 5674 3401 5726 lectio
3423 5678 3499 5723 est
3520 5669 3679 5734 infra,
