4150 6526
590 403 730 461 1493

592 516 680 571 uia
707 528 826 586 qua:
856 528 958 570 nec
981 512 1365 571 beatitudinem
1405 510 1649 582 capiunt,
1682 508 1880 565 misera
1919 522 2043 564 esse
2079 521 2190 563 non

593 615 858 678 possunt:
889 604 987 662 sed
1027 620 1279 676 magnum
1313 612 1398 659 est
1425 603 1497 658 ita
1523 601 1734 657 beatam
1763 614 1883 656 esse
1908 607 2152 654 naturam
2172 639 2189 664 ,

593 707 658 754 ut
685 699 880 754 misera
919 712 1040 754 esse
1067 713 1174 752 non
1203 696 1397 768 possit.
1427 694 1584 764 Quod
1621 692 1725 750 etsi
1765 690 1938 762 majus
1963 698 2066 758 est,
2093 703 2195 746 nec

595 787 729 844 illud
755 803 976 858 parvum
1004 795 1108 854 est,
1137 787 1191 842 in
1219 802 1281 842 ea
1313 785 1644 842 beatitudine
1665 781 1937 839 conditam
1961 781 2195 837 hominis

592 891 723 934 esse
751 887 1027 945 naturam,
1067 887 1124 933 ut
1147 877 1192 932 si
1219 876 1420 944 vellet,
1455 882 1638 946 posset
1673 888 1795 930 esse
1837 888 1943 928 non
1974 873 2194 928 misera.

597 967 693 1023 Sic
711 977 892 1024 autem
912 967 1164 1023 dicuntur
1189 968 1370 1023 omnia
1396 965 1534 1021 facta
1560 964 1630 1020 de
1658 963 1825 1020 nihilo
1841 1003 1858 1031 ,
1890 961 1944 1018 id
1982 970 2066 1018 est
2084 1002 2100 1028 ,
2128 976 2197 1016 ex

599 1056 690 1112 his
719 1072 839 1129 quae
867 1057 1016 1113 nulla
1036 1057 1248 1125 erant‘,
1277 1065 1337 1112 ut
1356 1055 1734 1126 intelligamus,
1765 1051 2022 1124 quidquid
2041 1067 2110 1108 ex
2129 1065 2197 1106 eo

600 1149 802 1206 factum
832 1161 917 1207 est
943 1151 1085 1222 quod
1112 1151 1225 1222 jam
1251 1159 1388 1217 erat,
1430 1148 1498 1206 ad
1524 1148 1786 1219 originem
1817 1147 2044 1217 primam
2075 1159 2198 1202 esse

601 1241 969 1298 referendum.
999 1242 1076 1298 De
1105 1251 1246 1299 terra
1272 1241 1415 1298 enim
1435 1256 1594 1306 caro;
1621 1239 1716 1296 sed
1744 1248 1884 1295 terra
1911 1238 1979 1294 de
2007 1238 2196 1293 nihilo.

604 1334 702 1390 Sic
726 1334 870 1389 enim
898 1333 1129 1391 dicimus
1173 1335 1334 1391 etiam
1380 1349 1570 1390 omnes
1611 1333 1860 1389 homines
1896 1348 2017 1389 esse
2060 1332 2201 1388 tilios

607 1423 808 1488 Adam,
834 1440 957 1480 cum
985 1425 1150 1497 patris
1169 1425 1253 1480 sui
1271 1424 1497 1498 quisque
1515 1425 1586 1481 sit
1606 1424 1767 1480 ﬁlius.
1789 1423 1976 1480 Omnia
1997 1430 2198 1490 tamen,

607 1531 735 1587 quae
760 1516 894 1573 facta
923 1526 1069 1586 sunt,
1101 1518 1377 1574 mutabilia
1405 1526 1561 1584 sunt,
1594 1518 1718 1589 quia
1758 1516 1827 1574 de
1867 1517 2035 1574 nihilo
2063 1517 2202 1575 facta

607 1616 758 1676 sunt,
785 1607 840 1664 id
882 1617 985 1678 est,
1018 1625 1124 1664 non
1154 1609 1402 1675 fuerunt,
1447 1618 1502 1666 et
1532 1609 1648 1666 Deo
1673 1609 1904 1668 faciente
1944 1619 2102 1677 sunt,
2145 1620 2204 1667 et

609 1697 751 1753 bona
778 1707 940 1755 sunt:
971 1714 1001 1754 a
1026 1699 1173 1756 bono
1211 1701 1358 1756 enim
1389 1700 1526 1756 facta
1555 1709 1716 1768 sunt;
1745 1717 1845 1757 nec
1869 1703 2091 1758 omnino
2115 1717 2204 1760 es-

609 1799 734 1846 sent
762 1791 1036 1848 mutabilia
1063 1791 1206 1848 bona
1231 1792 1336 1848 ulla
1354 1835 1370 1860 ,
1399 1793 1454 1848 in
1479 1802 1738 1864 quantum
1769 1803 1912 1858 sunt.
1937 1795 2038 1850 nisi
2059 1804 2206 1852 esset

589 1896 642 1936 ‘a
682 1897 790 1952 quo
824 1891 1171 1951 crearentur,
1217 1883 1549 1940 immutabile
1595 1884 1814 1940 bonum.
1859 1885 1993 1941 Mala
2046 1885 2206 1957 igitur

607 1973 810 2040 omnia,
839 1989 961 2045 quae
1001 1973 1134 2030 nihil
1163 1983 1289 2031 sunt
1317 1975 1465 2031 aliud
1493 1991 1653 2048 quam
1686 1977 2012 2048 privationes
2037 1978 2207 2035 bono-

609 2081 754 2134 rum,
779 2080 848 2121 ex
875 2065 1030 2122 bonis
1065 2075 1183 2122 orta
1219 2075 1380 2134 sunt,
1408 2067 1502 2124 sed
1531 2067 1878 2125 mutabilibus
1909 2086 1923 2122 :
1955 2079 2012 2126 et
2037 2085 2206 2141 ange-

608 2158 723 2214 lum
760 2157 959 2231 quippe
997 2167 1054 2216 et
1080 2159 1390 2228 hominem,
1418 2175 1484 2216 ex
1526 2160 1721 2233 quibus
1747 2169 1864 2218 orta
1902 2171 2030 2218 sunt
2065 2163 2207 2219 mala

610 2252 757 2322 (quae
782 2259 959 2308 tamen
981 2260 1037 2308 et
1061 2267 1166 2309 non
1193 2253 1322 2310 oriri
1346 2253 1665 2324 potuissent,
1686 2253 1733 2309 si
1759 2253 1837 2309 illi
1863 2269 2090 2325 peccare
2112 2270 2208 2312 no.

614 2342 864 2409 luissent,
896 2344 1022 2416 quia
1049 2353 1108 2400 et
1135 2346 1278 2402 nolle
1307 2346 1653 2417 potuerunt),
1682 2356 1900 2402 naturas
1925 2347 2094 2403 bonas
2117 2363 2207 2405 re-

613 2442 726 2501 cte,
762 2432 1123 2490 immutabiles
1161 2445 1342 2491 autem
1378 2452 1487 2492 non
1520 2445 1668 2493 recte
1691 2451 1977 2507 possumus
2005 2438 2207 2494 dicere.

616 2525 761 2580 Deus
785 2540 913 2580 vero
940 2534 1048 2580 tam
1074 2525 1246 2582 bonus
1270 2535 1374 2591 est,
1405 2536 1464 2583 ut
1488 2528 1643 2584 malis
1670 2543 1886 2599 quoque
1911 2537 2090 2586 utatur
2119 2530 2212 2587 be-

617 2631 711 2684 ne,
740 2631 862 2686 quae
905 2615 1262 2689 Omnipotens
1298 2634 1421 2675 esse
1459 2635 1567 2674 non
1596 2620 1834 2688 sineret,
1865 2622 1912 2676 si
1953 2622 2034 2678 eis
2072 2621 2211 2679 bene

616 2707 698 2762 uti
727 2722 936 2763 summa
963 2722 1059 2762 sua
1089 2707 1329 2765 bonitate
1375 2724 1484 2765 non
1525 2721 1707 2782 posset
1738 2729 1752 2766 :
1784 2721 1839 2767 et
1867 2712 1991 2768 hinc
2034 2717 2212 2783 pctius

617 2799 888 2868 impotens
929 2809 1215 2872 appareret
1248 2810 1306 2858 et
1352 2801 1531 2856 minus
1579 2801 1775 2871 bonus,
1824 2819 1932 2860 non
1981 2803 2212 2861 valendo

618 2892 762 2950 bene
787 2891 863 2946 uti
892 2892 1053 2948 etiam
1085 2893 1248 2949 malo.
1280 2893 1512 2950 Proinde
1551 2904 1608 2950 tu
1632 2909 1829 2967 negare
1858 2911 1964 2952 non
1991 2897 2208 2968 sineris,

619 2996 743 3038 eum
764 2982 853 3054 qui
875 2981 1022 3051 dicit,
1049 2982 1199 3050 Quod
1215 2986 1336 3040 nolo
1357 2985 1570 3054 malum,
1597 2986 1693 3042 hoc
1713 3003 1831 3059 ago,
1853 3003 1883 3043 a
1909 2989 2213 3046 necessario

609 3076 724 3145 jam
749 3074 947 3130 malum
972 3077 1287 3147 sumpsisse,
1320 3092 1426 3133 non
1451 3092 1480 3132 a
1511 3077 1774 3148 possibili.
1797 3078 1912 3136 Non
1935 3081 2114 3152 igitur,
2153 3090 2213 3138 ut

615 3164 772 3232 dicis,
811 3183 832 3219 ι
859 3166 1034 3222 omnis
1058 3166 1199 3222 actio
1227 3167 1350 3224 mali
1375 3181 1482 3222 non
1503 3182 1535 3222 a
1561 3169 1886 3239 necessario,
1909 3169 2005 3226 sed
2032 3185 2064 3226 a
2087 3184 2213 3241 pos-

613 3256 754 3312 sibili
784 3272 799 3310 :
840 3274 860 3310 ι
909 3273 1094 3315 verum
1135 3257 1394 3314 nonnulla
1422 3267 1478 3314 et
1514 3273 1545 3314 a
1584 3263 1890 3316 necessario
1926 3260 2212 3332 reperitur.

615 3346 753 3404 Vide
779 3362 923 3404 nunc
949 3357 1008 3404 ut
1039 3357 1126 3404 tua
1155 3349 1479 3406 machinatio
1521 3358 1630 3406 tam
1675 3350 1949 3408 elaborata
1977 3352 2210 3424 collapsa

613 3437 706 3492 sit.
735 3436 842 3495 Sed
872 3439 1132 3510 quaarenti
1160 3439 1302 3497 unde
1339 3441 1587 3498 voluntas
1611 3440 1749 3497 mala
1780 3444 1834 3498 in
1860 3441 2078 3500 homine
2104 3443 2215 3515 pri-

616 3545 710 3587 mo
734 3532 1017 3598 exstiterit,
1049 3533 1256 3589 cautius
1275 3534 1603 3605 respondere
1633 3542 1686 3590 te
1709 3543 1882 3606 putas,
1916 3553 1936 3588 ‹
1969 3535 2045 3592 De
2063 3543 2212 3591 motu

615 3623 804 3690 animi,
829 3634 1053 3695 cogente
1081 3625 1229 3681 nullo
1256 3641 1272 3680 :
1301 3643 1322 3679 ι
1352 3626 1503 3697 quasi
1528 3641 1635 3682 non
1659 3626 1819 3684 citius
1837 3636 1893 3684 et
1913 3628 2214 3700 expeditius

615 3713 996 3786 responderes,
1029 3716 1105 3772 De
1143 3715 1361 3773 homine
1389 3717 1528 3789 ipso.
1557 3717 1687 3774 Illud
1712 3719 1908 3790 quippe
1949 3719 2090 3791 quod
2117 3721 2214 3777 ad-

615 3806 780 3873 ditur,
818 3826 838 3861 ι
872 3817 1095 3881 cogente
1136 3811 1304 3878 nullo,
1336 3829 1356 3864 ι
1408 3811 1570 3867 etiam
1599 3808 1688 3869 hic
1714 3812 1835 3868 addi
1861 3827 1893 3868 a
1921 3821 1973 3870 te
2000 3815 2210 3884 potuit,

619 3899 907 3955 resistente
935 3901 1029 3956 tibi
1065 3902 1233 3956 nullo.
1258 3901 1388 3970 Quis
1416 3903 1560 3958 enim
1597 3903 1692 3959 tibi
1718 3905 1994 3961 resisteret
2014 3905 2211 3962 dicenti

616 4004 746 4044 vera
766 4031 783 4058 ,
813 3991 860 4044 si
887 3989 1130 4059 diceres,
1171 3991 1310 4046 Mala
1347 3992 1593 4048 voluntas
1621 3993 1674 4048 in
1704 3993 1920 4050 homine
1945 3997 2119 4067 primo
2145 3997 2215 4054 de

620 4079 840 4136 homine
866 4081 982 4150 ipso
1006 4081 1210 4137 exstitit
1231 4091 1456 4154 cogente
1481 4083 1626 4140 nullo
1645 4085 1670 4140 ?
1691 4083 1843 4144 Nunc
1862 4102 1990 4143 vero
2018 4089 2214 4144 timens

617 4171 840 4242 culpare
867 4182 1142 4242 naturam,
1159 4181 1410 4245 tanquam
1437 4173 1564 4230 hinc
1587 4175 1641 4230 in
1669 4175 1786 4247 ejus
1809 4186 2080 4234 auctorem
2107 4179 2213 4234 ulla

622 4273 866 4320 recurrat
897 4263 1115 4336 injuria,
1140 4275 1196 4321 et
1223 4266 1365 4337 quod
1392 4265 1481 4322 diu
1511 4268 1728 4324 volebas
1742 4270 1786 4338 ',
1828 4269 2115 4341 aliquando
2134 4269 2216 4327 di-

621 4355 771 4424 xisti,
799 4365 854 4411 et
876 4371 907 4410 a
933 4365 1120 4412 natura
1150 4373 1257 4412 non
1288 4359 1577 4414 recessisti.
1610 4360 1836 4415 Animus
1863 4376 2091 4433 namque
2119 4378 2216 4418 na-

621 4457 740 4501 tura
766 4455 850 4501 est
879 4462 894 4500 :
927 4457 982 4502 et
1010 4462 1074 4503 ea
1099 4446 1350 4519 quidem'
1378 4448 1432 4503 in
1467 4447 1700 4504 hominis
1728 4451 2061 4508 institutione
2088 4467 2213 4508 cor-

619 4551 751 4609 pore
792 4539 1018 4607 melior,
1057 4538 1128 4595 de
1165 4539 1318 4610 cujus
1344 4549 1526 4606 motu,
1557 4551 1781 4613 cogente
1823 4543 1990 4612 nullo,
2017 4545 2210 4600 malam

617 4629 950 4687 voluntatem
991 4631 1262 4687 exstitisse
1285 4630 1487 4686 dixisti.
1536 4630 1771 4689 Videsne
1819 4649 1925 4689 non
1977 4635 2214 4706 potuisse

620 4724 722 4779 nisi
748 4723 994 4780 alicunde
1019 4724 1276 4790 existere,
1299 4723 1442 4796 quod
1469 4740 1668 4796 negare
1696 4741 1802 4782 non
1829 4726 2042 4796 sineris,
2063 4737 2216 4784 aute-

616 4831 778 4886 quam
805 4814 1082 4883 existeret,
1113 4831 1218 4871 non
1261 4815 1471 4872 fuisse?
1509 4814 1648 4885 Quid
1677 4828 1854 4894 autem
1884 4832 2020 4888 opus
2045 4827 2130 4874 est
2155 4832 2216 4878 ut

615 4917 887 4978 quaeratur
915 4907 1057 4964 unde
1085 4907 1249 4962 animi
1288 4915 1488 4974 motus,
1519 4922 1641 4962 cum
1669 4908 1800 4963 satis
1825 4919 2080 4980 appareat
2103 4925 2212 4967 non

618 4998 858 5068 potuisse
899 4999 1062 5054 animi
1089 5008 1291 5054 motum
1321 4998 1424 5054 nisi
1449 4998 1518 5054 de
1554 4998 1736 5054 animo
1762 4999 2028 5056 existere?
2057 4999 2212 5068 Quod

618 5093 664 5146 si
692 5090 1148 5160 impudentissime
1167 5101 1329 5163 atque
1355 5091 1709 5148 insulsissime
1732 5107 1919 5163 negas,
1945 5092 2121 5150 adhuc
2142 5109 2211 5150 ex

621 5190 675 5234 te
704 5181 983 5250 quaeritur,
1007 5185 1146 5236 unde
1166 5181 1433 5238 exstiterit
1454 5182 1504 5236 in
1529 5181 1747 5238 homine
1772 5182 1946 5252 primo
1963 5184 2210 5242 voluntas

621 5270 762 5324 mala
793 5287 806 5324 :
841 5285 942 5325 nec
973 5270 1084 5339 jam
1112 5272 1435 5341 pcrmitteris
1458 5271 1659 5341 dicere,
1695 5291 1714 5326 ι
1748 5273 1825 5330 De
1849 5283 1996 5330 motu
2023 5277 2208 5344 animi,

621 5369 845 5432 cogente
867 5360 1046 5425 nullo;
1075 5379 1094 5413 ι
1125 5362 1246 5430 quia
1269 5363 1383 5433 ipse
1408 5363 1575 5419 animi
1599 5372 1774 5419 motus
1792 5373 2019 5435 cogente
2039 5366 2207 5433 nullo,

621 5455 868 5507 voluntas
909 5461 1016 5508 est.
1057 5452 1410 5524 Quapropter,
1444 5455 1548 5511 hoc
1590 5463 1675 5512 est
1714 5455 1923 5522 dicere,
1951 5457 2211 5514 Voluntas

618 5545 820 5600 exstitit
845 5543 914 5600 de
939 5542 1103 5598 animi
1128 5553 1296 5611 motu,
1326 5545 1469 5616 quod
1495 5555 1577 5602 est
1596 5545 1796 5614 dicere,
1825 5547 2000 5605 Animi
2031 5557 2210 5604 motus

683 5723 703 5798 ξ
733 5716 1079 5798 ξξεΔΨζ-ξιξὶρ
1088 5717 1514 5798 alternlj‘utar‘de
1534 5718 1665 5771 nullo
1679 5725 1834 5772 erant.

681 5783 703 5813 '
740 5788 888 5830 vetus
905 5779 1062 5830 codex
1088 5786 1234 5837 Port.,
1259 5776 1471 5848 nolebas.

681 5843 704 5875 ³
732 5842 807 5891 sic
830 5850 933 5892 Mss.
958 5847 1007 5892 In
1033 5842 1192 5905 νίκα,
1216 5851 1409 5905 quippe.

1303 397 1546 456 OPERIS
1583 390 2001 452 IMPERFECTI
2036 390 2310 450 CONTRA
2349 389 2712 460 JULIANUM,
2750 393 2808 450 S.
2849 382 3216 449 AUGUSTINI

3753 386 3869 450 H96

2299 507 2500 563 exstitit
2522 507 2589 563 de
2613 508 2774 562 animi
2805 515 2984 576 motu,
3017 516 3132 575 aut,
3171 505 3442 564 Voluntas
3468 506 3672 564 exstitit
3696 510 3760 566 de
3787 527 3868 568 vo-

2300 595 2556 653 luntate‘.
2584 599 2666 653 An
2695 597 2828 676 dicis
2854 597 2995 654 hunc
3023 606 3228 654 motum
3260 597 3332 654 de
3356 613 3420 654 se
3447 597 3566 670 ipso
3588 601 3869 673 exstitisse,

2300 705 2406 746 non
2434 689 2503 746 de
2525 689 2740 756 animo,
2779 705 2848 746 ne
2874 689 3000 745 hinc
3037 697 3226 744 natura
3255 689 3433 755 bona,
3464 688 3518 746 id
3543 700 3660 758 est,
3686 691 3870 748 animus

2301 782 2416 852 ipse
2441 781 2718 853 culpetur?
2742 781 2858 838 Non
2891 797 3020 853 ergo
3063 781 3189 838 inde
3232 780 3526 838 damnetur
3556 800 3570 836 :
3601 784 3717 854 quis
3749 787 3874 843 enim

2301 873 2426 932 inde
2454 874 2590 931 ferat
2614 876 2848 931 animum
2869 874 2989 944 jure
3013 874 3277 940 damnari,
3307 875 3457 930 unde
3481 889 3590 930 non
3621 884 3785 946 potest
3797 876 3870 948 ju-

2301 983 2362 1022 re
2388 967 2633 1038 culpari?
2658 966 2765 1023 Sed
2785 966 2938 1035 dicis,
2969 984 2989 1018 ‹
3009 965 3136 1022 Ideo
3160 967 3406 1038 peccavit
3439 966 3623 1032 homo,
3648 967 3764 1038 quia
3789 981 3870 1023 vo-

2303 1061 2434 1128 luit;
2480 1060 2600 1117 ideo
2643 1059 2828 1136 habuit
2863 1060 3192 1116 voluntatem
3231 1059 3455 1127 malam,
3496 1062 3618 1133 quia
3646 1060 3814 1116 voluit.
3851 1081 3867 1113 ι

2304 1149 2596 1207 Verissime
2622 1150 2793 1207 dicis:
2824 1150 2919 1206 sed
2958 1151 3003 1206 si
3038 1151 3130 1206 lux
3169 1151 3476 1207 clarissima
3514 1151 3744 1208 tenebrae
3783 1167 3873 1209 non

2303 1252 2448 1307 sunt,
2471 1241 2540 1298 de
2563 1242 2654 1297 illo
2679 1243 2884 1299 exstitit
2926 1243 3066 1298 mala
3095 1244 3369 1312 voluntas,
3400 1244 3528 1314 quia
3573 1244 3747 1300 voluit.
3775 1244 3873 1300 Non

2304 1333 2448 1389 enim
2484 1333 2748 1400 dicimus,
2785 1341 2842 1388 ut
2877 1333 3250 1400 calumniaris,
3280 1343 3337 1390 et
3368 1345 3428 1390 ut
3454 1349 3554 1390 nos
3578 1334 3733 1391 etiam
3758 1335 3876 1391 scri-

2306 1425 2478 1494 psisse
2521 1424 2798 1490 mentiris,
2847 1442 2867 1478 ι
2900 1437 3077 1480 metus
3118 1428 3219 1481 iste
3255 1425 3400 1482 unde
3440 1441 3561 1482 esse
3599 1426 3876 1498 compulsus

2304 1515 2376 1570 sit
2405 1532 2424 1567 ι
2458 1515 2555 1571 sed
2597 1516 2744 1571 nullo
2780 1517 3133 1587 compellente
3173 1517 3316 1574 unde
3357 1518 3655 1585 exstiterit;
3696 1520 3806 1591 quia
3829 1529 3875 1576 et

2306 1606 2456 1662 nullo
2483 1607 2839 1677 compellente
2865 1617 3043 1664 tamen
3069 1609 3304 1677 exstitit,
3335 1617 3391 1664 et
3421 1609 3635 1666 nonnisi
3660 1609 3874 1666 alicunde

2306 1699 2541 1753 existere
2567 1707 2806 1768 poterat,
2846 1698 2990 1769 quod
3018 1709 3306 1770 antequam
3337 1700 3599 1756 existeret
3630 1716 3734 1756 non
3757 1710 3871 1756 erat.

2308 1789 2366 1846 Si
2387 1804 2516 1861 ergo
2543 1789 2704 1846 homo
2724 1789 2911 1858 voluit,
2938 1790 3008 1846 de
3037 1790 3257 1867 homine
3281 1793 3532 1848 exstitit:
3561 1799 3618 1848 et
3643 1791 3760 1864 quid
3776 1803 3873 1848 erat

2310 1880 2494 1948 homo,
2524 1889 2806 1952 antequam
2831 1880 2900 1938 de
2929 1881 3022 1938 illo
3049 1883 3324 1951 existeret,
3348 1883 3455 1939 nisi
3481 1893 3665 1939 natura
3691 1883 3813 1939 bona
3829 1891 3875 1940 et

2307 1970 2506 2026 bonum
2539 1985 2673 2041 opus
2702 1972 2838 2027 Dei?
2865 1971 3018 2040 Quod
3064 1982 3149 2028 est
3191 1973 3352 2028 etiam
3396 1972 3570 2028 malus
3609 1972 3794 2040 homo,
3828 1975 3871 2028 in

2309 2069 2565 2133 quantum
2593 2061 2757 2117 homo
2780 2071 2867 2118 est
2887 2072 2944 2118 et
2969 2077 3106 2134 opus
3135 2062 3251 2119 Dei.
3273 2063 3646 2119 Confundatur
3660 2079 3778 2136 ergo
3792 2077 3873 2118 sm

2311 2154 2541 2209 vanitate
2565 2152 2834 2219 Julianus;
2865 2155 3117 2226 quoniam
3147 2170 3215 2210 ex
3243 2154 3404 2211 bonis
3440 2170 3562 2211 esse
3599 2155 3728 2210 mals
3750 2163 3868 2219 orta,

2309 2261 2496 2300 verum
2512 2247 2533 2277 ⁸
2562 2244 2696 2301 dixit
2714 2245 3029 2302 Ambrosius
3054 2245 3158 2318 (De
3184 2245 3341 2302 Isaac
3369 2256 3418 2302 et
3437 2247 3638 2312 Anima,
3659 2263 3765 2316 cap.
3790 2246 3869 2316 7):

2310 2335 2406 2391 sed
2425 2335 2548 2406 quia
2563 2344 2788 2406 cogente
2807 2336 2973 2403 nullo,
2994 2337 3295 2410 inculpatus
3310 2347 3395 2394 est
3415 2339 3557 2395 Deus
3576 2355 3593 2395 :
3613 2337 3746 2410 quod
3765 2352 3872 2395 vero

2311 2441 2374 2482 ea
2396 2427 2637 2498 permisit
2654 2428 2907 2496 exiStere,
2933 2443 3035 2486 usu
3047 2443 3235 2486 eorum
3253 2429 3404 2502 justo
3423 2439 3480 2488 et
3502 2428 3642 2486 bono
3660 2428 3872 2486 laudatur

2312 2522 2591 2593 insignius.

2383 2614 2519 2670 LXI.
2549 2614 2670 2672 ιω..
2702 2615 2963 2673 Voluntas
2986 2632 3146 2688 ergo,
3168 2633 3290 2690 qua:
3315 2617 3451 2674 nihil
3470 2625 3552 2675 est
3570 2614 3708 2673 aliud
3727 2628 3864 2686 quam

2313 2716 2491 2763 motus
2515 2708 2678 2763 animi
2707 2717 2932 2780 cogente
2959 2709 3110 2765 nullo
3127 2750 3144 2778 ,
3176 2709 3588 2781 possibilitatem
3616 2723 3756 2764 suam
3781 2721 3864 2760 ns-

2315 2805 2449 2854 turze
2498 2797 2696 2865 debet,
2747 2798 2994 2854 ell‘ectum
3041 2815 3196 2855 suum
3241 2799 3367 2856 sibi.
3426 2799 3486 2856 In
3533 2809 3710 2854 natura
3747 2794 3870 2852 enim

2314 2899 2502 2945 exorta
2537 2899 2658 2958 est,
2688 2890 2784 2946 sed
2814 2906 2844 2944 a
2873 2890 3150 2963 possibili,
3177 2906 3284 2948 non
3312 2907 3346 2948 a
3372 2891 3695 2948 necessario.
3722 2888 3808 2944 llic
3828 2886 3867 2941 si

2313 2982 2460 3039 dicat
2484 2983 2715 3054 aliquis,
2742 2981 2849 3039 Sed
2877 2983 3018 3038 mala
3055 2993 3280 3051 natura,
3328 2999 3453 3054 qua:
3493 2985 3661 3054 potuit
3700 2979 3869 3036 habere

2313 3074 2644 3131 voluntatem
2682 3075 2923 3131 malam:
2959 3074 3295 3146 respondeo,
3339 3074 3453 3132 Sed
3491 3075 3630 3130 bona
3669 3079 3867 3135 natura,

2313 3182 2434 3240 qua:
2454 3166 2627 3238 potuit
2650 3165 2849 3223 habere
2869 3167 3197 3224 voluntatem
3226 3166 3452 3222 bonam.
3478 3165 3593 3223 Uno
3614 3178 3736 3235 ergo
3758 3170 3871 3217 tem-

2314 3273 2449 3330 pore
2471 3258 2673 3329 optima
2703 3257 2864 3314 simul
2894 3259 3234 3331 pessimaque
3254 3258 3490 3315 dicetur.
3531 3260 3598 3313 At
3634 3256 3683 3312 id
3719 3267 3870 3310 rerum

2315 3348 2454 3405 ratio
2505 3364 2615 3405 non
2667 3349 2836 3416 sinit,
2890 3357 2950 3404 ut
2996 3363 3105 3405 uno
3156 3348 3462 3421 eodemque
3516 3359 3740 3419 tempore
3783 3357 3869 3399 una

2315 3441 2611 3512 eademque
2635 3455 2724 3496 res
2753 3440 3041 3496 contrariis
3070 3441 3387 3497 meritorum
3428 3439 3754 3513 qualitatibus
3786 3435 3869 3490 im-

2316 3533 2546 3606 pleatur.
2570 3531 2627 3588 Si
2657 3532 2819 3603 igitur
2847 3531 2969 3588 ideo
2997 3531 3137 3586 mala
3165 3541 3384 3603 putetur
3410 3573 3427 3600 ,
3455 3532 3576 3603 quia
3603 3528 3758 3602 potuit
3773 3539 3868 3580 ma-

2315 3627 2426 3682 lum
2467 3623 2684 3690 facere;
2726 3623 2846 3680 ideo
2883 3623 3022 3681 bona
3046 3623 3332 3691 credatur,
3358 3624 3489 3695 quia
3517 3621 3680 3695 potuit
3700 3619 3866 3675 bonum

2315 3714 2549 3787 operari.
2579 3712 2688 3770 Cur
2714 3723 2892 3770 autem
2917 3755 2932 3778 ,
2960 3713 3167 3785 inquit,
3210 3723 3267 3770 et
3303 3715 3508 3770 malum
3556 3709 3743 3784 potuit,
3772 3719 3868 3778 quia

2316 3807 2519 3864 bonum
2553 3805 2919 3877 operabatur?
2955 3805 3313 3876 Respondeo,
3352 3805 3491 3874 Quia
3534 3805 3718 3860 bonum
3755 3797 3866 3862 hoc,

2320 3898 2462 3971 quod
2508 3899 2957 3971 virtusldicitur,
3006 3898 3285 3968 proprium
3331 3911 3459 3954 esse
3511 3911 3613 3952 non
3655 3887 3863 3964 poterat.

2316 3992 2420 4048 nisi
2478 3990 2666 4047 fuisset
2711 3990 3112 4047 voluntarium:
3157 3990 3522 4047 voluntarium
3571 3995 3735 4043 autem
3777 3995 3864 4038 non

2315 4093 2494 4154 esset,
2522 4085 2570 4140 si
2595 4085 2968 4142 necessitatem
3009 4083 3136 4140 boni
3175 4082 3457 4140 habuisset
3486 4101 3502 4138 :
3536 4079 3864 4139 necessitatem

2315 4187 2496 4233 autem
2527 4176 2650 4231 boui
2681 4175 3028 4248 pertulisset,
3060 4174 3108 4230 si
3136 4190 3246 4230 non
3274 4173 3551 4232 habuisset
3575 4167 3864 4245 possibilita-

2317 4279 2427 4326 tem
2457 4268 2603 4325 mali.
2632 4268 2704 4325 Ut
2729 4285 2859 4340 ergo
2900 4277 3175 4325 constaret
3206 4267 3298 4339 jus
3338 4267 3469 4325 boni
3493 4267 3536 4336 ³,
3566 4264 3774 4322 admissa
3796 4262 3864 4313 est

2316 4361 2639 4432 possibilitas
2663 4360 2808 4415 mali.
3392 4350 3402 4359 ’

2387 4454 2524 4509 Anc.
2551 4451 2622 4508 Ut
2647 4451 2803 4507 video
2822 4493 2838 4520 ,
2864 4467 2965 4509 nec
2988 4451 3184 4509 bonam
3207 4452 3538 4510 voluntatem
3563 4448 3640 4504 vis
3663 4442 3861 4501 tribuere

2315 4555 2524 4601 naturae
2545 4586 2561 4613 ,
2593 4545 2809 4616 quando
2836 4553 2920 4602 est
2947 4544 3110 4602 homo
3139 4546 3387 4617 primitus
3424 4544 3660 4603 conditus
3690 4557 3703 4594 :
3738 4529 3860 4605 quasi

2315 4653 2424 4694 non
2453 4639 2682 4708 potuerit
2711 4639 2852 4694 Deus
2886 4637 3159 4694 hominem
3188 4637 3368 4696 facere
3395 4635 3672 4696 voluntatis
3695 4631 3856 4688 bone:

2316 4730 2370 4786 in
2395 4745 2498 4802 qua
2542 4747 2666 4787 eum
2707 4740 2885 4787 tamen
2927 4746 3248 4802 permanere
3287 4745 3395 4788 non
3441 4735 3685 4804 cogeret,
3713 4719 3794 4780 sed
3816 4718 3859 4772 in

2315 4822 2432 4893 ejus
2455 4832 2600 4878 esset
2625 4822 2849 4879 arbitrio
2875 4823 2994 4880 sive
3018 4823 3071 4880 in
3097 4838 3161 4880 ea
3185 4839 3403 4898 semper
3428 4839 3548 4883 esse
3575 4819 3718 4876 vellet
3736 4856 3749 4879 .
3765 4815 3860 4869 sive

2315 4931 2422 4971 non
2454 4930 2670 4986 semper
2691 4957 2708 4983 ,
2741 4915 2836 4972 sed
2861 4931 2924 4972 ex
2953 4916 3039 4972 illa
3068 4931 3128 4974 se
3163 4918 3220 4972 in
3258 4919 3454 4974 malam
3495 4914 3638 4973 nullo
3670 4910 3859 4976 008⁸⁸³⁸⁸

2316 5015 2586 5073 mutaret,
2613 5007 2752 5062 sicut
2774 5015 2828 5062 et
2856 5005 3053 5062 factum
3080 5015 3185 5062 est.
3221 5007 3406 5080 Neque
3445 5008 3584 5064 enim
3610 5003 3754 5057 homo
3782 5003 3860 5046 v0-

2315 5100 2569 5155 luntatcm
2588 5115 2692 5154 non
2715 5099 2972 5170 peccandi
2991 5109 3115 5155 ante
3134 5115 3240 5155 non
3264 5101 3483 5167 habuit,
3505 5106 3560 5155 et
3575 5111 3604 5150 a
3625 5089 3857 5147 voluntale

2316 5191 2570 5263 peccandi
2595 5206 2821 5247 exorsus
2847 5199 2931 5246 est
2954 5191 3115 5248 vitam
3139 5231 3155 5258 ,
3180 5191 3234 5247 in
3263 5206 3367 5263 qua
3392 5207 3514 5247 eum
3540 5195 3728 5244 rectum
3750 5187 3855 5230 con-

2378 5412 2414 5476 '_
2430 5417 2564 5476 nunc
2585 5423 2799 5476 versum,
2842 5409 3031 5476 scilicet
3061 5423 3090 5460 a
3114 5411 3286 5473 verbo,
3310 5415 3616 5476 Quapropter.
3651 5385 3852 5476 Wﬁj“

2311 5454 2576 5532 verum
2595 5454 3637 5532 'me'iaaasmrus
3674 5454 3851 5532 δέψει.

2311 5537 2362 5584 in
2420 5527 2625 5600 ξβίδέοη
2695 5527 2945 5600 εῐιιοςίίέιει,
2979 5535 3039 5584 ad
3068 5595 3078 5600 _
3115 5542 3470 5600 Imperatores,
3507 5531 3631 5600 addit
3661 5527 3849 5600 ιξιίξξξξξξ

2706 5585 2887 5647 ἐκπίω
2910 5595 2972 5646 de
3004 5585 3257 5658 ωιυηιᾰιε,
3506 5591 3657 5646 verbis
3683 5585 3850 5647 praeter-

2312 5670 2698 5785 Infggféniﬂim,
2709 5731 2812 5770 esse
2833 5717 2964 5785 male
2983 5724 3091 5770 orta
3110 5719 3257 5783 dixit,
3273 5723 3465 5785 omisso,
3485 5723 3653 5772 rem,
3661 5699 3771 5770 quod
3783 5695 3846 5746 Ιικ

2246 5788 2251 5793 ’
2313 5780 2504 5832 additur
2541 5792 2604 5828 ex
2638 5781 2989 5842 manuscriptis.

2376 5841 2396 5876 ο
2427 5843 2497 5892 sic
2645 5849 2700 5894 At
2724 5843 2856 5907 editi,
2881 5841 2952 5895 iv.-
2973 5842 3098 5895 boni.
