4150 6526
420 403 558 465 1497

413 515 549 570 didit
572 514 750 576 Deus;
780 513 962 586 utique
991 515 1150 570 talem
1175 553 1191 580 ,
1222 513 1312 586 qui
1339 513 1413 570 uti
1440 513 1646 570 ratione
1667 512 1774 586 jam
1800 523 2001 585 posset.

418 609 550 678 Quis
577 608 721 662 enim
749 607 912 672 ferat,
951 607 996 662 si
1023 606 1232 662 dicatur
1273 606 1396 664 talis
1431 605 1604 663 factus
1625 648 1642 675 ,
1686 606 1874 678 quales
1907 621 2005 662 na-

413 707 636 755 scuntur
664 695 930 752 infantes?
955 695 1047 752 Illa
1073 697 1249 767 itaque
1286 696 1548 768 perfectio
1577 707 1782 752 naturae
1802 737 1819 765 ,
1845 711 2006 768 quam

411 805 518 844 nou
547 787 748 843 dabant
770 787 896 842 anni
921 829 936 854 ,
976 786 1072 844 sed
1107 787 1224 842 sola
1265 803 1457 844 manus
1499 787 1636 854 Dei,
1681 802 1788 843 non
1833 786 2006 858 potuit

365 919 368 922 .
414 880 514 934 nisi
539 878 740 933 habere
762 877 1089 933 voluntatem
1111 877 1342 949 aliquam
1357 919 1375 946 ,
1397 893 1623 949 eamque
1644 893 1750 934 non
1772 879 2002 934 malam:

411 971 648 1040 alioquin
698 985 805 1025 non
848 970 1106 1040 scriptum
1156 979 1338 1035 esset,
1386 967 1530 1024 Fecit
1577 968 1714 1025 Deus
1749 968 2004 1024 hominem

412 1073 602 1117 rectum
623 1061 644 1133 (
668 1061 838 1116 Eccle.
859 1076 932 1116 vtt
958 1101 972 1126 ,
999 1060 1070 1116 50
1095 1062 1136 1132 ).
1159 1061 1322 1117 Bome
1349 1061 1512 1133 igitur
1528 1061 1814 1117 voluntatis
1835 1061 2004 1116 factus

411 1163 493 1208 est
519 1155 681 1209 homo
704 1195 720 1220 ,
765 1161 984 1223 paratus
1019 1152 1088 1208 ad
1133 1153 1490 1209 obediendum
1535 1151 1684 1220 Deo,
1715 1162 1771 1210 et
1798 1169 2002 1224 prtece~

410 1253 557 1316 ptum
585 1244 899 1299 obedienter
924 1243 1195 1314 accipiens
1217 1286 1234 1312 ,
1261 1244 1402 1315 quod
1431 1246 1549 1300 sine
1576 1244 1681 1299 ulla
1704 1284 1722 1311 ,
1748 1244 2000 1315 quamdiu

407 1335 606 1402 vellet,
635 1334 952 1391 difficultate
980 1344 1250 1401 servaret,
1275 1345 1332 1391 et
1347 1335 1465 1391 sine
1489 1336 1626 1401 ulla,
1651 1351 1773 1390 cum
1803 1335 1998 1403 vellet,

407 1429 726 1484 necessitate
752 1428 770 1460 ⁸
799 1427 1112 1493 desereret;
1154 1442 1254 1483 nec
1295 1427 1425 1484 illud
1467 1443 1598 1484 sane
1635 1427 1959 1484 infructuose
1981 1468 1998 1496 ,

407 1535 508 1576 nec
533 1519 676 1576 istud
702 1519 918 1592 impune
945 1521 1203 1576 facturus.
1233 1519 1388 1578 Unde
1411 1520 1495 1592 pia
1516 1530 1572 1577 et
1597 1522 1776 1577 sobria
1799 1522 2002 1592 cogita-

408 1613 554 1668 tione
580 1613 851 1684 colligitur
874 1655 891 1680 ,
922 1614 1145 1684 primam
1176 1613 1502 1670 voluntatem
1523 1614 1719 1670 bonam
1747 1613 1840 1670 Dei
1863 1629 1999 1684 opus

405 1721 565 1762 esse:
592 1721 714 1762 cum
744 1707 834 1762 illa
864 1707 1062 1778 quippe
1089 1705 1218 1762 fecit
1244 1707 1514 1763 hominem
1544 1719 1750 1764 rectum
1781 1725 1796 1763 :
1828 1722 2000 1778 neque

351 1838 358 1844 -
405 1799 550 1854 enim
594 1815 830 1870 unquam
855 1840 872 1867 ,
915 1799 1016 1854 nisi
1057 1807 1199 1854 recta
1240 1799 1464 1866 volens,
1514 1808 1694 1856 rectus
1733 1807 1818 1854 est
1847 1800 1997 1870 quis-

404 1906 586 1962 quam.
614 1891 842 1963 Propter
865 1892 1007 1962 quod
1035 1889 1282 1947 voluntas
1308 1891 1447 1947 bona
1473 1907 1582 1948 non
1613 1891 1852 1947 redditur
1877 1906 2000 1962 per-

404 1984 549 2050 dita,
595 1984 699 2040 nisi
741 1985 810 2041 ab
852 1984 944 2040 illo
984 2001 1014 2040 a
1055 2001 1162 2057 quo
1209 1994 1294 2042 est
1337 1985 1593 2052 condita;
1639 1999 1740 2040 nec
1781 1983 1998 2040 aliunde

404 2075 699 2148 putandum
721 2085 804 2132 est
831 2078 1009 2133 sanari
1039 2093 1196 2149 posse
1219 2078 1423 2148 peccati
1453 2078 1826 2134 necessitatem
1849 2118 1865 2143 ,
1895 2079 1997 2136 nisi

404 2166 693 2222 miserante
723 2166 816 2222 illo
839 2209 856 2234 ,
889 2169 1042 2239 cujus
1070 2169 1181 2224 alto
1203 2170 1456 2240 justoque
1477 2167 1681 2240 judicio
1711 2168 1995 2226 subsecuta

401 2268 487 2314 est
515 2268 761 2330 posteros
789 2260 908 2331 ejus
929 2301 946 2328 ,
985 2261 1076 2332 qui
1107 2261 1222 2317 sine
1250 2261 1357 2316 ulla
1387 2261 1710 2317 necessitate
1734 2263 1992 2330 peccavit.

403 2350 558 2407 Unde
580 2352 669 2407 ille
690 2360 1035 2423 posteaquam
1059 2353 1264 2425 peccati
1289 2352 1577 2408 habitantis
1597 2353 1650 2408 in
1669 2367 1831 2408 carne
1855 2368 1953 2408 sua
1975 2393 1992 2419 ,

398 2461 508 2515 quo
535 2445 826 2517 cogebatur
847 2446 1046 2502 malum
1070 2462 1230 2518 agere
1255 2448 1400 2518 quod
1427 2448 1644 2504 nolebat
1664 2490 1680 2514 ,
1708 2450 1996 2504 necessita-

401 2545 508 2593 tem
537 2552 859 2608 poenamque
878 2537 1094 2593 deflevit
1115 2580 1132 2605 ,
1159 2555 1281 2594 mox
1309 2539 1374 2594 ad
1395 2555 1558 2611 quem
1583 2539 1993 2610 confugiendum

403 2637 551 2682 esset
573 2627 864 2684 ostendens
886 2643 906 2683 :
941 2627 1100 2684 Miser
1146 2646 1238 2701 ego
1281 2629 1433 2686 homo
1455 2672 1472 2697 ,
1517 2629 1725 2702 inquit,
1763 2631 1876 2702 quis
1917 2647 1997 2686 me

399 2719 632 2778 liberabit
654 2720 718 2774 de
743 2737 954 2792 corpore
973 2723 1150 2776 mortis
1170 2722 1364 2795 hujus?
1385 2722 1564 2779 Gratia
1587 2723 1685 2778 Dei
1705 2741 1794 2793 per
1815 2723 1995 2780 Iesum

400 2809 656 2865 Christum
703 2810 981 2866 Dominum
1033 2823 1263 2867 nostrum
1313 2811 1514 2887 (Rom.
1546 2831 1640 2881 vn,
1687 2814 1758 2870 24
1781 2823 1827 2868 et
1854 2814 1925 2869 25
1949 2818 1991 2884 ).

399 2892 563 2949 Vides
601 2902 786 2960 certe,
835 2909 995 2964 quam
1044 2910 1152 2950 non
1198 2896 1481 2952 subveniat
1520 2896 1645 2953 huic
1671 2898 1994 2968 possibilitas

394 2980 527 3048 illa,
568 2998 734 3053 quam
779 2990 832 3039 te
879 2993 1130 3054 tanquam
1177 3000 1428 3056 magnum
1477 2987 1678 3057 aliquid
1721 2987 1992 3045 invenisse

396 3073 675 3130 arbitraris
698 3091 712 3140 ;
731 3075 842 3145 jam
862 3078 1060 3147 quippe
1079 3076 1276 3132 amissa
1296 3086 1380 3132 est
1400 3117 1417 3145 ,
1439 3078 1656 3149 quando
1676 3081 1993 3137 necessitate

396 3165 575 3236 agitur
598 3165 796 3221 malum
821 3207 837 3232 ,
865 3176 920 3222 et
940 3168 1043 3223 sub
1067 3169 1376 3225 necessario
1397 3170 1542 3225 malo
1567 3171 1763 3227 clamat
1788 3171 1954 3228 homo
1971 3215 1988 3241 ,

398 3256 561 3314 Miser
585 3275 677 3332 ego
702 3259 853 3315 homo
879 3275 901 3316 :
926 3259 1022 3316 sed
1050 3261 1207 3332 plane
1234 3261 1326 3318 ille
1349 3262 1667 3328 subveniat,
1697 3263 1849 3334 cujus
1873 3279 1992 3335 gra-

398 3351 471 3406 tia
491 3362 814 3422 superantur
837 3353 998 3409 etiam
1024 3369 1144 3424 quae
1167 3362 1448 3424 propterea
1472 3355 1772 3410 necessaria
1793 3370 1954 3410 vocas
1970 3395 1988 3421 ,

396 3443 539 3515 quod
567 3445 722 3500 aliter
748 3460 870 3500 esse
897 3461 1006 3500 non
1036 3453 1277 3517 possunt.
1308 3444 1461 3514 Quod
1502 3445 1645 3501 enim
1686 3445 1992 3502 hominibus

399 3535 730 3606 impossibile
757 3545 880 3602 est,
913 3537 1025 3592 Deo
1053 3535 1209 3592 facile
1233 3546 1334 3592 est.
1363 3535 1463 3593 Cui
1489 3553 1597 3592 non
1620 3537 1720 3592 fuit
1745 3551 1993 3594 necessa-

399 3627 538 3682 rium
564 3637 617 3680 ut
639 3627 876 3682 camelus
897 3642 992 3698 per
1012 3627 1250 3683 foramen
1273 3643 1399 3684 acus
1420 3628 1621 3684 intrare
1645 3645 1749 3684 non
1773 3636 1988 3699 posset,

398 3719 496 3774 “id
521 3719 773 3790 Wssibile
802 3720 978 3790 potius
1003 3732 1060 3775 ut
1080 3721 1302 3776 intraret
1323 3721 1342 3791 (
1361 3719 1550 3777 Matth.
1573 3738 1664 3776 xtx
1689 3763 1704 3786 ,
1725 3721 1796 3777 26
1818 3765 1831 3785 .
1857 3721 1987 3792 24);

405 3811 544 3866 sicut
571 3825 700 3865 caro
728 3819 783 3865 et
809 3825 929 3866 ossa
959 3826 1052 3882 per
1081 3811 1215 3866 ostia
1246 3811 1407 3867 missa
1438 3821 1565 3867 sunt
1589 3811 1768 3867 clausa
1792 3813 1815 3883 (
1829 3811 1988 3868 Joan.

399 3916 506 3968 xx,
533 3899 605 3956 26
630 3900 673 3973 ).
705 3899 927 3963 Frustra
954 3901 1133 3972 itaque
1163 3902 1375 3957 conaris
1421 3910 1665 3957 naturam
1701 3901 1993 3959 defendere

397 3993 660 4048 vitiatam.
693 3991 750 4047 Si
780 3991 980 4062 aliquid
1024 3992 1154 4048 utile
1201 4007 1300 4064 pro
1339 3992 1427 4048 illa
1465 3992 1663 4064 quaeris
1700 4007 1891 4064 agere,
1934 4002 1994 4049 ut

396 4091 617 4138 sanetur
640 4097 740 4154 age
758 4123 774 4150 ,
799 4096 906 4137 non
926 4090 985 4137 ut
1003 4091 1312 4138 excusetur.
1344 4081 1470 4139 Sine
1490 4090 1550 4138 ut
1579 4081 1692 4154 ipsa
1717 4083 1817 4138 sibi
1848 4083 1991 4140 fece-

397 4176 504 4241 rit,
552 4174 693 4231 unde
739 4175 932 4230 merito
969 4174 1336 4231 damnaretur.
1374 4175 1509 4230 Nam
1550 4175 1691 4232 unde
1728 4176 1994 4232 exstiterit

397 4266 536 4322 tnala
561 4266 809 4322 voluntas
831 4307 848 4334 ,
878 4266 1135 4338 quidquid
1161 4267 1306 4323 aliud
1332 4267 1468 4324 dicis
1491 4310 1509 4336 ,
1535 4267 1678 4324 etde
1707 4268 1796 4323 illa
1822 4269 1991 4324 exsti-

397 4357 529 4412 tisse
577 4373 738 4428 negas
761 4398 777 4422 ,
834 4357 1084 4429 injustam
1124 4358 1523 4416 damnationem
1565 4360 1683 4430 ejus
1732 4359 1989 4418 affirmas.

287 4520 298 4527 ο
395 4447 534 4515 Quid
582 4449 726 4504 enim
779 4449 921 4505 aliud
963 4450 1140 4516 dicis,
1187 4452 1327 4518 nisi.
1365 4452 1481 4508 Non
1526 4453 1640 4524 ipsa
1687 4453 1812 4510 fecit
1850 4454 1992 4511 unde

397 4537 721 4593 damnatur?
747 4538 883 4606 Quid
910 4555 1039 4610 ergo
1068 4541 1334 4612 iniquius,
1360 4559 1519 4614 quam
1547 4555 1599 4598 ut
1624 4544 1750 4600 inde
1774 4545 1995 4601 damne-

399 4641 488 4686 tur
512 4670 529 4697 ,
561 4629 703 4702 quod
732 4632 845 4701 ipsa
873 4645 979 4686 non
1011 4631 1179 4686 fecit?
1215 4633 1271 4689 Si
1314 4645 1492 4690 autem
1535 4635 1648 4704 ipsa
1675 4636 1801 4691 fecit
1823 4677 1839 4704 ,
1865 4638 1990 4709 quid

396 4736 519 4779 eam
539 4721 607 4776 de
631 4720 867 4792 possibili
895 4735 1154 4778 excusare
1178 4723 1389 4779 conaris
1409 4766 1424 4790 ,
1449 4725 1590 4781 unde
1615 4727 1760 4782 illam
1782 4729 1994 4784 inexcu-

396 4814 619 4871 sabilius
644 4828 900 4869 accusare
924 4815 1258 4870 convinceris
1277 4816 1301 4870 ?
1323 4817 1466 4871 Dicis
1488 4818 1632 4872 enim
1652 4860 1668 4886 ,
1701 4836 1720 4871 ι
1749 4819 1995 4876 volunta-

398 4916 508 4963 tem
535 4906 726 4962 malam
757 4905 812 4960 in
838 4914 1024 4962 natura
1051 4905 1267 4977 quidem
1295 4909 1564 4966 exstitisse
1588 4951 1603 4974 ,
1636 4909 1730 4966 sed
1757 4927 1788 4966 a
1819 4913 1992 4984 possi-

400 4996 536 5063 bili,
593 5011 698 5052 non
747 5010 778 5050 a
823 4997 1196 5052 necessario.»
1230 4997 1285 5054 Si
1327 4996 1443 5054 hate
1485 5000 1808 5070 possibilitas
1842 5011 1992 5059 extra

397 5097 643 5144 naturam
675 5097 797 5156 est;
830 5088 944 5160 ipsa
977 5089 1151 5161 potius
1176 5132 1192 5158 ,
1236 5089 1376 5146 unde
1401 5092 1538 5146 mala
1567 5093 1772 5149 exstitit
1799 5093 1992 5151 volun-

397 5186 481 5232 tas
507 5218 525 5244 ,
556 5195 663 5233 non
690 5186 878 5234 natura
904 5177 1210 5236 damnetur.
1233 5179 1290 5237 Si
1319 5195 1448 5238 vero
1471 5180 1536 5236 ad
1564 5192 1807 5238 naturam
1832 5184 1992 5240 etiam

397 5270 725 5341 possibilitas
765 5253 1031 5340 pertinet;
1075 5272 1246 5343 magis
1287 5272 1388 5329 sibi
1430 5274 1760 5330 voluntatem
1799 5275 1992 5333 malam

399 5373 585 5416 natura
615 5361 740 5418 fecit
762 5403 779 5429 ,
803 5364 924 5433 quia
948 5373 1003 5419 et
1027 5379 1129 5418 non
1162 5366 1338 5420 facere
1361 5366 1533 5436 potuit
1558 5384 1571 5421 :
1601 5365 1704 5423 hoc
1727 5366 1869 5421 enim
1897 5368 1994 5424 abs

399 5464 452 5509 te
479 5454 852 5510 commendata
883 5455 1124 5510 deﬁnitio
1153 5456 1523 5527 possibilitatis
1547 5458 1800 5514 ostendit.
1825 5457 1994 5515 Nemo

401 5546 496 5601 tibi
522 5545 685 5611 dicit,
720 5564 740 5599 ι
761 5544 886 5602 ideo
913 5547 1053 5601 mala
1081 5556 1269 5602 natura
1297 5559 1381 5605 est
1402 5590 1420 5618 ,
1448 5551 1571 5621 quia
1599 5552 1772 5622 potuit
1795 5551 1994 5609 habere

399 5636 724 5692 voluntatem
769 5637 984 5692 malam.
1015 5655 1035 5690 ι
1076 5636 1186 5694 Nos
1217 5649 1399 5708 certe,
1446 5651 1629 5697 contra
1676 5659 1812 5715 quos
1854 5661 1994 5701 nunc

351 5813 357 5819 ”
397 5870 413 5884 ⁸
463 5808 666 5884 :_\_‘etns
694 5806 849 5884 codex
875 5809 1180 5884 starianensis
1200 5809 1294 5862 hoc
1325 5823 1516 5864 rursum
1538 5811 1664 5878 loco,
1680 5814 1988 5884 difﬁcultate,

397 5869 562 5932 habet,
588 5883 692 5934 pro,
714 5870 1006 5923 necessitate.

1769 401 1970 459 LIBER
2009 400 2324 471 QUINTUS.

3568 427 3594 484 ι
3602 426 3710 488 89⁸3

2111 513 2347 588 loqueris
2369 559 2384 584 ,
2414 533 2521 576 non
2552 518 2654 578 hoc
2682 521 2909 580 dicimus
2937 543 2951 580 :
2978 525 3105 598 quid
3135 529 3419 601 superfluis
3448 531 3707 592 immora-

2110 609 2226 666 ris?
2255 611 2310 667 ln
2341 627 2408 668 eo
2437 614 2595 683 plane
2617 657 2633 682 ,
2659 615 2804 687 quod
2832 617 3014 674 dixisti
3039 660 3056 685 ,
3109 639 3128 674 ι
3163 621 3370 679 Bonum
3415 623 3520 682 hoc
3560 629 3706 698 quod

2107 700 2281 757 virtus
2303 702 2501 759 dicitur
2521 745 2538 770 ,
2570 721 2688 762 non.
2707 717 2850 764 esset
2873 708 3232 766 voluntarium
3253 753 3270 778 ,
3317 713 3367 769 si
3407 717 3706 773 necessita-

2114 800 2222 847 tem
2253 793 2378 848 boni
2409 795 2721 863 habuisset;
2754 800 3132 856 necessitatem
3155 811 3332 858 autem
3357 804 3486 860 boni
3517 818 3706 876 pertu-

2113 881 2265 938 lisset
2288 925 2304 950 ,
2335 884 2381 939 si
2413 901 2519 942 non
2552 887 2825 944 habuisset
2853 891 3259 960 possibilitatem
3299 895 3462 950 mali:
3492 913 3512 949 ι
3549 912 3708 966 pror-

2108 989 2201 1030 sus
2225 976 2424 1032 oblitus
2452 994 2514 1034 es
2556 979 2723 1036 Deum
2747 1023 2765 1048 ,
2809 982 2964 1052 cujus
3003 984 3172 1040 virtus
3213 994 3367 1041 tanto
3405 989 3574 1058 magis
3620 999 3706 1046 est

2108 1068 2411 1123 necessaria
2432 1109 2448 1134 ,
2477 1081 2679 1140 quanto
2704 1073 2874 1144 magis
2898 1089 3018 1129 eam
3045 1075 3124 1131 sic
3152 1075 3305 1144 vult,
3336 1086 3395 1133 ut
3416 1079 3567 1134 .nolle
3593 1096 3702 1136 non

2106 1160 2296 1230 possit.
2327 1159 2463 1216 Nam
2491 1171 2547 1217 et
2572 1172 2628 1218 ttt
2669 1163 2851 1220 dixisti
2891 1166 2946 1221 in
2991 1167 3163 1237 primo
3209 1167 3367 1239 hujus
3404 1172 3583 1240 operis
3627 1172 3702 1226 tui

2107 1251 2244 1306 libro
2262 1294 2280 1321 ,
2308 1272 2328 1307 ι
2351 1254 2518 1311 Deum
2541 1257 2642 1312 nisi
2657 1257 2861 1328 justum
2883 1274 3005 1316 esse
3026 1276 3131 1316 non
3157 1276 3312 1332 posse
3339 1261 3390 1334 ι(
3405 1262 3534 1334 Cap.
3556 1264 3628 1320 28
3648 1268 3699 1335 )z

2104 1359 2224 1414 qua:
2250 1345 2294 1400 si
2323 1347 2615 1403 necessitas
2641 1349 2866 1404 dicenda
2895 1361 2978 1407 est
2997 1393 3013 1418 ,
3041 1351 3252 1408 dicatur
3279 1355 3538 1420 omnino;
3570 1356 3700 1413 dum

2104 1442 2285 1491 tamen
2311 1446 2558 1506 constet,
2587 1439 2720 1494 nihil
2760 1455 2884 1498 esse
2935 1441 3035 1498 ista
3086 1445 3408 1500 necessitate
3452 1445 3700 1512 felicius,

2102 1542 2207 1597 qua
2233 1537 2342 1584 tam
2367 1544 2592 1586 necesse
2619 1541 2701 1586 est
2728 1540 2784 1587 ttt
2825 1532 2967 1588 Deus
3013 1549 3120 1590 non
3159 1535 3300 1592 male
3339 1536 3517 1603 vivat,
3538 1553 3700 1607 quam

2103 1633 2327 1674 necesse
2350 1629 2434 1675 est
2460 1630 2520 1676 ut
2548 1637 2765 1692 semper
2787 1632 2950 1695 atque
2974 1624 3282 1682 beatissime
3309 1628 3472 1683 vivat.
3513 1628 3702 1700 Neque

2101 1709 2246 1764 enim
2270 1712 2431 1766 verba
2461 1721 2549 1767 tua
2581 1713 2732 1768 timet
2760 1715 3053 1770 necessitas
3075 1716 3231 1784 talis,
3264 1717 3317 1771 in
3362 1718 3556 1788 quibus
3596 1733 3698 1774 no-

2103 1799 2248 1855 luisti
2271 1801 2487 1870 dicere,
2515 1820 2535 1854 ι
2557 1802 2946 1860 Necessitatem
2973 1816 3154 1862 autem
3179 1806 3308 1862 boni
3335 1823 3356 1859 ι
3389 1807 3696 1872 habuisset,

2100 1891 2196 1947 sed
2226 1893 2461 1948 maluisti
2503 1893 2718 1962 dicere,
2769 1913 2788 1949 ι
2820 1896 3160 1966 pertulisset,
3197 1898 3244 1952 si
3279 1913 3385 1953 non
3419 1897 3698 1954 habuisset

2101 1985 2509 2054 possibilitatem
2531 1986 2692 2042 mali:
2719 2005 2740 2041 s
2770 1995 2829 2042 ut
2847 1987 3095 2043 videlicet
3117 1988 3258 2044 Deus
3279 1989 3480 2045 homini
3503 2004 3698 2062 peper-

2101 2073 2240 2129 cisse
2273 2073 2522 2130 videatur
2539 2116 2556 2142 ,
2581 2092 2650 2132 ne
2677 2085 2931 2148 tanquam
2951 2093 3313 2134 aerumnosum
3343 2079 3541 2150 aliquid
3565 2095 3695 2150 per-

2099 2165 2262 2221 ferret
2289 2170 2662 2223 necessitatem
2693 2168 2820 2223 boni
2838 2211 2854 2236 ,
2883 2183 2988 2224 non
3011 2169 3258 2225 habendo
3281 2171 3696 2242 possibilitatem

2101 2257 2230 2312 mali
2255 2274 2270 2321 ;
2297 2258 2438 2329 quod
2466 2268 2573 2314 tam
2603 2275 2852 2330 magnum
2883 2269 2967 2315 est
2989 2261 3188 2316 bonum
3213 2301 3228 2324 ,
3257 2270 3313 2316 ut
3345 2262 3543 2318 sanctis
3580 2278 3697 2318 ser-

2098 2359 2314 2406 varetur
2340 2349 2408 2405 ad
2441 2351 2718 2420 praemium
2747 2369 2761 2405 :
2790 2367 2926 2423 quos
2971 2352 3154 2408 itidem
3191 2353 3388 2408 oblitus
3413 2369 3473 2409 es
3495 2395 3511 2420 ,
3555 2355 3696 2410 sicut

2099 2441 2288 2497 Deum.
2309 2441 2492 2512 Neque
2511 2441 2656 2498 enim
2680 2448 2806 2497 tunc
2831 2444 2948 2498 sine
2965 2443 3161 2498 virtute
3179 2443 3421 2498 vivemus
3435 2485 3450 2510 ,
3473 2443 3692 2513 quando

2098 2531 2253 2587 nobis
2283 2530 2612 2587 concedetur
2633 2571 2650 2597 ,
2682 2548 2750 2588 ne
2775 2547 2804 2586 a
2843 2531 3071 2587 Domino
3111 2532 3399 2603 aliquando
3439 2533 3697 2588 recedere

2099 2623 2405 2694 possimus,
2441 2622 2694 2694 quoniam
2738 2638 2840 2679 nec
2880 2623 3022 2679 velle
3069 2623 3383 2694 poterimus.
3430 2624 3506 2678 Ita
3547 2624 3694 2680 enim

2098 2715 2254 2771 nobis
2282 2723 2489 2771 certum
2519 2715 2623 2770 erit
2655 2714 2855 2769 bonum
2881 2755 2896 2780 ,
2937 2730 3044 2785 quo
3079 2731 3278 2785 semper
3299 2755 3316 2781 ,
3361 2725 3420 2769 ut
3461 2715 3694 2785 promis-

2098 2821 2218 2862 sum
2259 2814 2344 2860 est
2366 2847 2382 2872 ,
2425 2822 2543 2860 eum
2585 2805 2805 2860 Domino
2843 2805 3030 2860 erimus
3068 2803 3130 2876 (1
3160 2803 3337 2861 Thess.
3364 2820 3442 2873 tv,
3473 2804 3540 2861 l6
3565 2805 3606 2877 );
3637 2813 3696 2860 ut

2097 2896 2166 2950 ab
2185 2912 2253 2950 eo
2272 2895 2528 2951 recedere
2553 2911 2670 2950 non
2686 2895 2914 2950 velimus
2932 2937 2948 2961 ,
2975 2909 3075 2950 nec
3097 2895 3238 2951 velle
3268 2896 3551 2964 possimus.
3574 2893 3694 2950 Non

2095 3001 2226 3058 ergo
2253 2987 2414 3042 aliter
2436 2993 2580 3041 esset
2605 2986 2624 3018 ⁸
2672 2987 2844 3041 virtus
2885 2990 2938 3040 iu
2980 2985 3173 3052 nobis,
3219 2986 3323 3040 nisi
3365 2986 3693 3041 voluntatem

2095 3077 2290 3133 malam
2325 3077 2406 3133 sic
2447 3091 2555 3132 non
2600 3074 2961 3142 haberemus,
3007 3085 3067 3131 ut
3113 3075 3314 3131 habere
3360 3090 3687 3145 possemus:

2094 3166 2190 3223 sed
2217 3182 2314 3237 pro
2337 3167 2496 3237 hujus
2521 3166 2744 3221 minoris
2765 3165 2978 3220 virtutis
3000 3164 3194 3220 merito
3215 3205 3232 3232 ,
3253 3163 3515 3219 accedere
3535 3162 3692 3218 nobis

2093 3259 2280 3315 debuit
2309 3259 2482 3312 virtus
2507 3256 2680 3328 major
2707 3257 2760 3312 in
2784 3257 3005 3327 praemio
3021 3297 3036 3321 ,
3063 3247 3121 3311 ut
3146 3256 3338 3310 malam
3361 3254 3690 3310 voluntatem

2093 3349 2173 3405 sic
2201 3364 2306 3404 non
2337 3348 2658 3404 haberemus
2682 3388 2699 3415 ,
2730 3354 2789 3402 ut
2819 3361 2919 3402 nec
2947 3345 3146 3401 habere
3175 3359 3478 3416 possemus.
3516 3342 3562 3400 0
3586 3343 3690 3399 de-

2093 3442 2380 3500 sideranda
2409 3441 2738 3498 necessitas!
2785 3439 3015 3496 Donabit
3057 3455 3176 3495 eam
3220 3438 3456 3505 veritas,
3505 3445 3564 3492 ut
3607 3437 3683 3493 sit

2093 3543 2239 3590 certa
2268 3533 2571 3598 securitas,
2613 3533 2733 3587 sine
2776 3545 2880 3602 qua
2923 3544 3030 3586 non
3075 3538 3252 3600 potest
3291 3543 3414 3584 esse
3439 3528 3530 3583 illa
3553 3568 3570 3593 ,
3595 3529 3685 3584 cui

2094 3642 2201 3682 non
2228 3635 2313 3681 est
2334 3624 2534 3696 aliquid
2556 3623 2860 3680 addendum
2882 3665 2898 3690 ,
2916 3623 3028 3693 jam
3052 3623 3207 3692 plena
3228 3629 3412 3676 nostra
3435 3619 3688 3678 felicitas.

2165 3718 2325 3774 LXII.
2355 3717 2477 3773 Jun.
2508 3718 2578 3772 At
2603 3716 2784 3772 hocin
2827 3715 3159 3770 contrarium
3193 3714 3429 3784 torqueri
3469 3721 3686 3784 potest,

2095 3820 2155 3866 ut
2177 3811 2422 3876 dicatur,
2449 3808 2556 3864 Sed
2585 3808 2727 3864 malo
2769 3815 2949 3877 aptata
3001 3816 3190 3862 natura
3234 3815 3358 3862 est:
3402 3819 3526 3860 nam
3566 3806 3689 3873 quia

2094 3901 2296 3957 malum
2327 3897 2689 3954 voluntarium
2715 3912 2838 3953 esse
2860 3911 2968 3952 non
3012 3905 3261 3968 poterat,
3308 3895 3354 3950 si
3399 3893 3692 3950 necessitas

2095 3992 2286 4048 fuisset
2312 3991 2483 4056 mali;
2516 3989 2586 4046 ob
2619 3989 2724 4044 hoc
2749 3989 2873 4044 data
2919 3998 3006 4044 est
3053 3987 3379 4060 possibilitas
3422 3985 3584 4053 boni,
3629 3993 3693 4040 ut

2095 4083 2236 4140 malo
2264 4082 2563 4154 proprietas
2592 4089 2887 4152 pararetur.
2913 4079 3066 4148 Quod
3092 4078 3310 4151 quidem
3333 4088 3550 4134 acutum
3568 4084 3650 4131 est
3669 4117 3688 4144 ,

2095 4176 2192 4233 sed
2236 4177 2528 4232 insanum:
2572 4175 2751 4231 omnia
2791 4174 2937 4229 enim
2983 4187 3163 4230 rerum
3211 4187 3241 4226 a
3289 4171 3517 4227 meliore
3541 4177 3692 4242 parte

2097 4278 2355 4324 taxantur
2381 4285 2396 4323 :
2425 4268 2532 4324 huc
2560 4275 2616 4323 et
2643 4266 2875 4339 dignitas
2913 4265 3152 4320 auctoris
3197 4263 3440 4331 accedit,
3470 4261 3521 4317 id
3566 4271 3650 4316 est
3669 4303 3686 4327 ,

2095 4361 2191 4417 Dei
2219 4403 2234 4425 ,
2265 4362 2354 4433 qui
2401 4375 2508 4416 non
2555 4359 2626 4416 ob
2665 4375 2729 4416 ea
2773 4374 2895 4430 quae
2933 4358 3218 4430 puniturus
3257 4365 3412 4422 erat,
3462 4353 3690 4409 liberum

2095 4453 2292 4508 animal
2332 4452 2496 4519 fecit;
2542 4451 2637 4508 sed
2683 4459 2902 4522 propter
2947 4465 3011 4505 ea
3052 4464 3156 4520 qua
3207 4454 3688 4512 remuneraturus,

2096 4544 2505 4615 possibilitatem
2527 4543 2919 4598 contrariorum
2936 4541 3107 4597 dedit.
3127 4539 3506 4595 Verumtamen
3527 4552 3692 4606 super

2099 4633 2200 4689 hoc
2227 4649 2463 4703 pugnare
2489 4633 2616 4688 nolo
2645 4651 2658 4688 :
2691 4631 2787 4688 sed
2828 4632 3080 4702 permitto
3120 4629 3320 4700 aliquid
3363 4628 3646 4685 calumnia
3669 4668 3687 4692 ,

2095 4733 2177 4780 ιιι·
2211 4724 2344 4779 nihil
2390 4723 2461 4779 de
2506 4723 2712 4793 cpilicis
2760 4723 3078 4777 auctoritate
3122 4719 3490 4790 praescribam.
3545 4715 3684 4772 Illud

2097 4821 2277 4868 tamen
2321 4813 2630 4869 necessario
2669 4812 2951 4883 sequitur,
2997 4820 3056 4867 ut
3097 4811 3211 4865 haec
3258 4808 3582 4880 possibilitas
3611 4808 3691 4864 fa-

2096 4903 2270 4960 ciendi
2301 4903 2428 4959 boni
2452 4913 2507 4960 et
2533 4903 2658 4958 mali
2685 4911 3023 4959 removeatur
3048 4902 3116 4957 ab
3145 4901 3421 4971 utriusque
3445 4900 3693 4957 volunta-

2100 4995 2171 5050 tis
2200 4993 2414 5050 effectu.
2445 4995 2522 5049 Ac
2547 5009 2640 5064 per
2663 4993 2766 5048 hoc
2792 5034 2807 5058 ,
2830 5008 2930 5048 nec
2957 4992 3168 5048 virtutis
3191 5006 3220 5044 a
3244 4990 3549 5046 necessario
3565 5005 3692 5061 pro-

2097 5085 2255 5140 batur
2281 5100 2444 5140 causa
2473 5101 2629 5153 esse,
2661 5099 2760 5140 nec
2800 5084 2934 5138 vitii.
2981 5083 3051 5139 Ut
3085 5083 3226 5137 enim
3271 5081 3512 5138 honestis
3551 5081 3693 5138 hanc

2098 5175 2356 5232 faciamus
2384 5175 2631 5247 injuriam
2652 5217 2668 5243 ,
2697 5184 2757 5230 ut
2783 5191 2847 5230 ex
2878 5189 2946 5231 eo
2971 5188 3078 5246 quo
3097 5175 3119 5206 '
3146 5189 3268 5229 cum
3295 5171 3557 5243 improbis
3574 5186 3694 5228 cer-

2099 5276 2214 5324 tare
2239 5267 2519 5324 videantur
2541 5309 2557 5334 ,
2587 5282 2688 5323 nec
2713 5266 2867 5322 home
2895 5267 2942 5322 ei
2961 5308 2977 5332 ,
3026 5281 3126 5323 nec
3171 5266 3323 5321 malae
3358 5263 3694 5321 adscribatur

2098 5358 2344 5414 meritum
2368 5357 2656 5412 voluntatis
2682 5375 2698 5409 :
2727 5357 2887 5412 habet
2907 5371 3036 5428 ergo
3056 5355 3419 5413 testimonium
3448 5353 3693 5425 ingenui-

2099 5450 2224 5506 tatis
2248 5450 2270 5483 ³
2291 5465 2424 5517 suae,
2451 5449 2593 5522 quod
2619 5451 2876 5506 innocens
2919 5459 3001 5504 est
3020 5489 3036 5516 ,
3075 5449 3198 5520 quia
3238 5464 3338 5504 nec
3379 5449 3521 5503 bono
3545 5488 3560 5512 ,
3590 5459 3693 5500 nec

2098 5542 2273 5607 malo,
2305 5542 2602 5597 voluntario
2626 5541 2922 5608 duntaxat,
2952 5541 3104 5611 plena
3135 5549 3239 5597 est.
3269 5537 3687 5595 Possibilitatem

2162 5700 2178 5731 ί
2214 5704 2364 5747 vetus
2399 5695 2740 5768 codexnrortq
2776 5704 2877 5747 Non
2914 5708 3032 5768 ergo
3059 5693 3200 5747 aliter
3240 5705 3334 5745 non
3371 5693 3508 5743 esset.
3545 5692 3690 5738 Forte

2099 5772 2204 5825 pro,
2229 5769 2363 5810 Nunc
2385 5770 2502 5822 ergo
2521 5757 2661 5808 aliter
2683 5771 2776 5808 non
2806 5765 2945 5809 esset.

2161 5823 2182 5852 ¹
2213 5820 2372 5868 Codex
2399 5825 2530 5876 Itan,
2555 5833 2618 5869 ea:
2640 5833 2698 5870 ea
2722 5832 2832 5883 quo.
2911 5879 2922 5883 Α

2169 5883 2188 5917 ³
2221 5883 2294 5933 sic
2315 5889 2421 5933 Mss.
2449 5883 2566 5933 Editi
2585 5895 2723 5943 vero,
2736 5878 3054 5946 integritatis.
