4124 6536
505 361 640 420 ιιθο

501 496 630 548 ergo
659 475 948 533 voluntatis
971 475 988 506 ί
1015 472 1264 528 adscI-ibe
1295 481 1532 534 natum;
1563 465 1890 521 voluntatem
1919 467 2096 515 autem

504 587 606 626 nec
628 571 824 626 bonam
842 610 858 634 ,
890 581 991 622 nec
1037 564 1233 620 malam
1253 605 1268 628 ,
1293 570 1514 617 naturaa.
1541 558 1740 613 lnvicte
1783 569 1911 626 ergo
1935 551 2099 607 colle-

502 675 650 716 ctum
667 670 773 726 est,
795 658 1124 714 voluntatem
1145 655 1338 710 malam
1359 662 1600 709 exortam
1619 649 1831 720 quidem
1859 648 1913 701 in
1933 659 2096 716 opere

510 752 602 806 Dei
628 769 644 816 ;
665 751 762 806 sed
788 766 819 805 a
849 748 1090 820 p05sibili
1112 788 1127 809 ,
1156 762 1261 801 non
1285 760 1316 799 a
1336 743 1636 799 necessario
1661 738 1837 810 :quod
1862 737 2096 807 reputari

511 857 622 896 non
680 850 856 911 potest
909 837 1275 910 pmsibilitatis
1325 834 1532 900 datori,
1587 831 1682 888 sed
1733 828 2099 902 possibilitatis

512 933 686 1002 Ipsius
713 930 1078 1002 gubernatori.

583 1023 724 1078 Aus.
756 1021 1094 1076 Voluntatem
1120 1032 1217 1073 nec
1241 1018 1429 1072 bonam
1451 1057 1468 1083 ,
1489 1029 1590 1070 nec
1618 1013 1810 1068 malam
1832 1052 1850 1080 ,
1893 1019 2097 1067 naturaa

513 1111 769 1168 concedis
829 1110 1100 1178 adscribi,
1151 1109 1246 1165 sed
1301 1117 1499 1162 tantum
1557 1105 1959 1178 possibilitatem
2011 1103 2096 1158 vel

513 1206 672 1260 bona
700 1205 782 1260 vel
811 1206 965 1261 mala:
992 1203 1308 1266 voluntatis,
1348 1217 1466 1257 cum
1493 1201 1562 1254 sit
1587 1208 1772 1254 natura
1801 1205 1856 1252 et
1878 1196 2096 1268 angelus

517 1308 575 1353 et
604 1298 789 1353 homo.
831 1297 926 1353 Cui
961 1298 1006 1352 si
1048 1311 1150 1350 non
1188 1304 1270 1349 est
1301 1290 1645 1350 adscribenda
1670 1331 1685 1353 ,
1717 1299 1770 1344 ut
1795 1288 1926 1343 dicis
1949 1329 1966 1356 ,
1998 1304 2094 1342 vo-

518 1389 698 1444 luntas
726 1389 866 1443 bona
896 1387 976 1442 vel
1006 1387 1175 1452 mala;
1206 1398 1306 1440 nec
1331 1380 1673 1437 honorandus
1696 1379 1763 1434 de
1790 1379 1926 1433 bona
1947 1419 1962 1444 ,
1994 1391 2097 1432 nec

515 1481 588 1536 de
615 1479 750 1534 mala
779 1487 860 1534 est
884 1477 1153 1532 voluntate
1179 1472 1523 1529 damnandus.
1556 1470 1692 1538 Quid
1714 1469 1854 1524 enim
1882 1477 1964 1523 est
1992 1467 2093 1521 ini-

515 1573 678 1642 quius
697 1614 713 1639 ,
743 1586 900 1642 quam
933 1580 990 1625 ut
1014 1569 1081 1626 de
1106 1569 1244 1622 malo
1266 1608 1282 1634 ,
1309 1567 1445 1637 quod
1473 1566 1522 1621 ei
1551 1580 1654 1619 non
1677 1573 1759 1619 est
1781 1560 2092 1616 adscriben—

512 1666 680 1729 dum,
720 1664 1022 1734 judicemus
1066 1676 1185 1723 esse
1222 1657 1618 1716 damnandum?
1662 1657 1745 1711 An
1783 1655 2003 1726 angelus
2039 1661 2096 1708 et

519 1755 682 1810 homo
707 1765 908 1810 natura:
937 1768 1040 1808 non
1069 1753 1233 1807 sunt?
1272 1751 1400 1820 Quis
1437 1750 1541 1806 hoc
1580 1750 1842 1820 loquitur,
1875 1748 1973 1803 nisi
2001 1761 2095 1801 ne-

508 1848 688 1902 sciens
740 1845 870 1917 quid
921 1844 1209 1916 loquatur?
1260 1843 1474 1898 Natura:
1530 1841 1690 1912 igitur
1735 1839 2090 1903 adscribitur,

505 1937 651 2008 quod
683 1938 872 2008 angelo
913 1936 1269 2002 adscribitur;
1319 1943 1523 1989 naturae
1558 1932 1880 1988 adscribitur
1902 1973 1917 1996 ,
1949 1929 2091 2000 quod

508 2030 711 2085 homini
740 2029 1060 2085 adscribitur
1085 2047 1098 2082 :
1123 2027 1217 2083 sed
1239 2037 1442 2082 natura;
1463 2041 1581 2096 qum
1604 2040 1636 2080 a
1658 2025 1800 2080 bono
1830 2024 1938 2077 Deo
1964 2038 2094 2077 con-

503 2122 613 2176 dita
659 2130 743 2176 est
781 2121 919 2177 bona
945 2161 960 2187 ,
1005 2130 1060 2175 et
1101 2119 1371 2174 voluntate
1405 2133 1499 2172 sua
1535 2116 1672 2170 facta
1711 2123 1795 2170 est
1822 2114 1982 2168 mala.
2013 2113 2092 2168 Ac

504 2227 603 2280 per
632 2211 770 2279 hoc,
801 2211 1096 2266 rectissime
1118 2211 1348 2274 malum,
1375 2207 1519 2278 quod
1549 2207 1634 2262 his
1662 2203 1866 2261 naturis
1890 2203 2094 2258 adscri-

503 2301 680 2368 bitur,
711 2302 816 2357 eia
848 2315 954 2371 quo
1004 2310 1128 2355 sunt
1168 2299 1397 2354 condita:
1435 2314 1541 2353 non
1588 2295 1941 2361 adscribitur;
1968 2294 2091 2364 quia

506 2407 618 2446 non
643 2408 734 2447 eas
767 2393 837 2446 ita
868 2391 1144 2458 condidit,
1183 2406 1303 2445 cum
1348 2390 1578 2460 primum
1624 2387 1898 2452 condidit,
1934 2394 1989 2440 ut
2013 2385 2093 2440 eis

505 2493 652 2539 esset
681 2483 939 2538 habenda:
969 2483 1123 2537 malae
1151 2482 1439 2536 voluntatis
1488 2480 1594 2534 ulla
1635 2479 1924 2534 necessitas
1950 2519 1964 2542 ,
1995 2476 2088 2531 sed

507 2575 876 2630 tantummodo
905 2574 1266 2645 possibilitas;
1295 2572 1384 2626 ubi
1411 2571 1657 2626 meritum
1687 2569 2088 2638 compararet’,

505 2676 671 2735 atque
698 2665 961 2720 inveniret
986 2665 1037 2719 in
1059 2665 1138 2718 eis
1159 2663 1297 2718 bona
1321 2663 1565 2717 voluntas
1590 2676 1693 2715 non
1715 2659 1925 2714 deserta
1950 2673 2089 2730 pra:-

508 2759 674 2812 niium
700 2799 716 2823 ,
746 2757 956 2812 deserta
983 2757 1322 2826 supplicium.
1360 2754 1493 2823 Quid
1524 2769 1651 2824 ergo
1681 2753 1878 2806 malitia
1905 2753 2090 2807 volun-

509 2847 638 2900 tatis
664 2847 862 2916 quteris
886 2861 1141 2902 excusare
1164 2855 1447 2912 naturam,
1493 2839 1643 2914 cujus
1685 2854 1766 2899 cst
1813 2843 1946 2898 velle
1983 2829 2089 2898 seu

507 2938 693 2993 nolle?
718 2938 902 3009 Neque
938 2939 1080 2993 enim
1119 2947 1204 2992 est
1243 2936 1382 2994 mala
1420 2936 1664 2992 voluntas
1688 2977 1704 3000 ,
1737 2935 1836 2990 nisi
1863 2934 2090 2990 volentis

503 3037 596 3083 aut
621 3029 795 3100 angeli
819 3071 835 3096 ,
857 3036 952 3084 aut
976 3028 1208 3084 hominis
1231 3069 1246 3093 ,
1272 3041 1407 3098 quas
1432 3041 1539 3082 non
1561 3041 1681 3082 eSse
1701 3034 1920 3081 naturas
1944 3025 2089 3079 nulla

503 3123 711 3176 ratione
760 3136 1048 3192 possumus
1083 3120 1282 3176 dicere.
1333 3120 1476 3186 Cur,
1528 3119 1776 3189 inquam,
1829 3116 2090 3172 adscribis

507 3212 712 3267 homini
768 3213 963 3267 malam
1008 3213 1375 3278 voluntatem,
1421 3219 1480 3266 ut
1523 3225 1630 3264 non
1677 3208 1872 3278 injuste
1921 3208 2092 3279 possit

500 3303 657 3359 malae
687 3304 978 3359 voluntatis
1008 3303 1201 3358 merito
1229 3317 1414 3372 ptenas
1439 3301 1619 3368 luere;
1644 3308 1698 3356 et
1715 3298 1858 3371 quod
1884 3297 2088 3353 adscri-

500 3395 582 3451 bis
621 3395 859 3460 homini,
903 3411 1012 3451 non
1055 3395 1134 3450 vis
1176 3393 1484 3450 adscribere
1534 3403 1773 3458 naturae,
1800 3391 1952 3462 quasi
1981 3391 2090 3445 ullo

498 3486 662 3542 modo
706 3489 873 3556 possit
912 3486 1074 3542 homo
1112 3501 1219 3541 non
1255 3500 1378 3541 esse
1418 3484 1644 3539 natura?
1684 3483 1894 3550 Quanto
1922 3483 2090 3538 satius

495 3587 581 3632 cst
604 3619 620 3644 ,
651 3587 704 3632 te
729 3593 857 3633 sana
880 3579 1022 3649 loqui
1046 3620 1062 3645 ,
1085 3587 1140 3634 et
1163 3577 1344 3632 dicere
1364 3575 1597 3631 hominis
1619 3575 1948 3630 voluntatem
1977 3589 2091 3628 ma-

498 3669 606 3723 lam
643 3669 851 3724 nonnisi
887 3669 1112 3739 alicujus
1150 3684 1270 3724 esse
1309 3678 1545 3733 natura),
1575 3667 1694 3737 quia
1721 3666 1897 3721 omnis
1929 3665 2089 3720 homo

500 3771 691 3817 natura
722 3772 840 3829 est;
885 3761 978 3818 sed
1025 3763 1184 3817 istam
1223 3769 1467 3815 naturam
1493 3799 1508 3824 ,
1535 3773 1658 3814 cum
1691 3758 1862 3828 primo
1889 3757 2089 3811 malum

494 3856 646 3926 egit,
677 3870 784 3910 non
813 3870 879 3911 ex
911 3853 1248 3920 necessario,
1291 3851 1387 3907 sed
1435 3867 1505 3906 ex
1551 3849 1793 3920 possibili
1841 3849 2090 3904 habuisse

497 3950 827 4001 voluntatem
882 3947 1122 4000 malam:
1175 3943 1607 4015 quandoquidem
1658 3942 1741 3996 his
1786 3941 2089 3996 nominibus

499 4037 595 4090 tibi
627 4036 825 4106 placuit
851 4035 959 4090 duo
986 4035 1085 4090 ista
1115 4034 1420 4090 discernere
1441 4074 1456 4100 ,
1479 4047 1702 4103 quorum
1727 4032 1779 4087 in
1801 4047 1908 4087 uno
1928 4031 2087 4087 intel-

497 4128 680 4198 Iigitur
709 4128 760 4182 id
789 4127 900 4184 Iieri
930 4127 1072 4198 quod
1104 4141 1330 4182 necesse
1356 4134 1438 4180 est
1458 4166 1474 4192 ,
1511 4125 1566 4180 in
1607 4125 1778 4180 altero
1813 4132 1989 4180 autem
2033 4123 2088 4180 id

497 4219 639 4290 quod
671 4219 784 4274 fieri
815 4219 1031 4290 quidem
1062 4227 1239 4290 potest
1261 4259 1276 4282 ,
1308 4217 1403 4274 sed
1431 4232 1650 4273 necesse
1677 4232 1783 4272 non
1814 4225 1935 4282 est,
1963 4216 2087 4287 quia

493 4322 550 4368 et
581 4327 686 4368 non
713 4311 828 4367 fieri
855 4310 1070 4382 potest?
1097 4311 1209 4366 IIoc
1229 4309 1371 4365 enim
1397 4309 1464 4364 de
1489 4319 1707 4379 peccato
1733 4307 1888 4378 primi
1913 4306 2084 4363 homi-

494 4406 614 4471 nis,
655 4405 739 4460 vel
767 4405 1059 4474 primorum
1089 4401 1369 4457 hominum
1394 4401 1675 4456 verissime
1723 4400 1917 4454 dicitur
1952 4418 1965 4453 :
1999 4415 2086 4456 re-

491 4504 602 4550 stat
634 4495 723 4550 ille
749 4495 839 4565 qui
868 4495 1100 4560 clamat,
1132 4492 1251 4546 Non
1277 4491 1412 4562 quod
1439 4494 1570 4558 volo,
1594 4491 1730 4563 facio
1754 4490 1972 4556 bonum;
1996 4489 2086 4545 sed

487 4587 632 4659 quod
687 4587 804 4641 nolo
851 4586 1082 4650 malum,
1132 4586 1227 4639 hoc
1268 4601 1364 4656 ago
1413 4583 1607 4657 (Rom.
1644 4599 1758 4651 vn,
1802 4583 1869 4638 i9
1978 4582 2084 4638 Iste

487 4679 691 4749 quippe
719 4694 785 4734 ex
813 4678 1115 4733 necessario
1160 4677 1358 4731 malum
1403 4676 1549 4748 agit,
1595 4676 1684 4747 qui
1727 4691 1833 4730 non
1876 4675 1989 4730 vult
2028 4683 2085 4730 et

487 4771 654 4842 agit:
707 4770 1006 4842 frangitque
1054 4778 1196 4825 tuam
1250 4770 1526 4841 regulam,
1585 4785 1744 4840 quam
1799 4768 2081 4824 temeraria

489 4863 811 4933 loquacitate
839 4862 1035 4916 tinxisti
1066 4861 1253 4916 dicens
1277 4901 1294 4927 ,
1325 4861 1468 4931 quod
1498 4879 1517 4912 ι
1548 4875 1649 4914 nec
1682 4859 1892 4914 virtutis
1925 4875 1956 4913 a
1987 4874 2082 4913 ne-

486 4955 720 5010 cessario
747 4954 1000 5025 probetur
1024 4968 1184 5009 causa
1201 4968 1341 5017 esse,
1374 4967 1473 5007 nec
1499 4952 1646 5016 vitii;
1679 4971 1698 5004 ι
1733 4966 1854 5007 cum
1880 4951 1900 4982 ³
1921 4950 2082 5018 hujus

483 5045 670 5100 causa
684 5046 939 5113 probetur
976 5059 1098 5100 esse
1146 5058 1178 5097 a
1220 5043 1546 5097 necessario.
1583 5041 1766 5111 Neque
1811 5042 1952 5094 enim
1990 5048 2084 5094 aut

486 5135 631 5189 actio
663 5136 787 5188 mali
830 5135 1016 5189 vitium
1053 5149 1160 5187 non
1204 5141 1323 5193 est;
1372 5140 1464 5198 aut
1506 5131 1704 5185 bonum
1750 5131 1892 5200 quod
1926 5131 2078 5198 vult,

488 5242 600 5280 non
628 5223 806 5280 facere
830 5266 846 5291 ,
876 5235 930 5278 et
955 5225 1152 5278 malum
1183 5224 1324 5278 nolle
1346 5263 1360 5286 ,
1385 5233 1432 5276 et
1467 5233 1642 5276 tamen
1671 5237 1829 5293 agere
1853 5263 1868 5286 ,
1898 5237 2082 5276 neces-

489 5321 622 5374 sitas
651 5333 756 5373 non
783 5326 900 5379 est;
932 5327 1024 5371 aut
1062 5333 1094 5370 e
1128 5317 1397 5370 contrario
1442 5331 1548 5369 non
1587 5315 1689 5368 crit
1729 5314 1882 5369 nobis
1920 5315 2079 5370 etiam

494 5411 701 5464 virtutis
729 5409 1018 5464 necessitas
1043 5408 1168 5461 felix
1193 5449 1207 5470 ,
1235 5406 1446 5476 quando
1489 5416 1633 5460 tanta
1671 5410 1840 5478 gratia
1887 5417 2076 5462 natura

559 5585 573 5615 ⁸
609 5583 692 5632 llic
723 5582 879 5631 codex
901 5587 1145 5630 Portarum
1167 5578 1316 5636 addit,
1340 5577 1410 5628 t'cl
1431 5577 1582 5639 bona},
1613 5579 1684 5629 vel
1714 5580 1870 5631 malm.

557 5647 578 5675 ²
609 5646 771 5694 codex
794 5651 941 5704 t‘ort.,
963 5647 1316 5706 compararent.
1339 5648 1432 5689 Non
1457 5641 1601 5700 male,
1625 5645 1664 5690 si
1689 5643 1875 5694 referas
1911 5643 1967 5693 ad
1992 5656 2079 5692 na-

494 5714 858 5826 ωςᾍῗῖειιιίςιηίι,
883 5778 1010 5823 t'tmt,
1039 5763 1308 5812 restituitur
1330 5775 1390 5811 ex
1417 5772 1489 5813 ‘ts.
1521 5772 1642 5814 t‘ort.

1213 353 1460 412 OPERIS
1499 344 1914 407 manarum
1951 341 2222 398 CONTRA
2259 342 2618 414 JULIANUM,
2659 348 2716 404 s.
2759 349 3118 408 AUGUSTI-Nl

3655 363 3786 418 Ιόυἷ)

2207 470 2389 515 nostra
2419 463 2709 534 replebitur
2731 507 2747 530 ,
2775 473 2828 520 et
2860 466 3000 523 Deus
3025 467 3126 522 erit
3155 469 3331 526 omnia
3361 470 3414 526 in
3445 475 3690 530 omnibus
3717 479 3735 545 (
3761 477 3778 533 Ι

2204 551 2324 607 Cor.
2357 569 2444 622 xv,
2468 555 2596 629 28),
2625 565 2685 612 ut
2710 559 2848 615 male
2871 560 3068 630 aliquid
3096 562 3233 618 velle
3262 578 3367 618 non
3395 567 3580 634 possit.
3606 567 3780 626 Virtus

2202 654 2284 699 est
2311 647 2510 718 quippe
2533 648 2778 718 justitia;
2811 660 2865 707 et
2901 653 3096 708 caelum
3135 669 3328 710 novum
3369 666 3424 712 et
3465 667 3606 714 terra
3647 675 3779 716 nova

2203 737 2531 806 promittitur
2548 740 2704 796 nobis
2723 783 2738 808 ,
2760 741 2812 797 in
2833 743 3024 814 quibus
3039 744 3242 814 justitia
3264 746 3554 821 inhabitat(
3574 751 3615 806 ll
3637 751 3777 808 Patr.

2203 843 2259 883 Ill
2283 870 2298 894 ,
2333 829 2460 900 15).
2490 831 2596 886 Αυι
2625 833 2671 887 si
2712 831 2852 890 forte
2887 838 3124 892 turbatus
3146 880 3163 906 ,
3208 842 3453 909 praesenti
3488 843 3640 912 vitm,
3671 861 3778 902 non

2201 919 2391 975 lutum
2415 921 2570 976 istam
2598 924 2834 995 regulam
2861 925 3079 982 finxisse
3109 937 3159 984 te
3184 929 3316 986 dicis
3340 947 3356 997 ;
3385 946 3488 986 non
3515 935 3779 992 contendo

2199 1027 2322 1064 cum
2352 1011 2492 1066 victo
2520 1031 2534 1068 :
2569 1013 2694 1069 illud
2723 1023 2869 1071 certe
2895 1015 2963 1071 ad
2998 1016 3134 1073 hanc
3169 1019 3331 1074 vitam
3371 1023 3633 1090 pertinere
3673 1041 3777 1081 non

2200 1115 2364 1171 negas
2385 1144 2402 1168 ,
2435 1103 2522 1158 ubi
2551 1104 2700 1160 vides
2728 1104 2998 1161 hominem
3021 1109 3156 1165 velle
3181 1150 3196 1175 ,
3221 1126 3319 1166 nec
3339 1110 3516 1169 facere
3543 1113 3772 1183 bonum;

2199 1201 2252 1246 et
2283 1192 2424 1248 nolle
2448 1236 2464 1261 ,
2489 1203 2649 1265 atque
2675 1211 2835 1267 agere
2862 1198 3062 1253 malum
3093 1218 3106 1256 :
3132 1202 3568 1272 cogerisque-hoc
3593 1207 3775 1262 vitium

2199 1291 2384 1337 contra
2415 1286 2651 1356 regulam
2678 1296 2823 1342 tuam
2850 1291 3151 1345 necessitati
3174 1292 3436 1358 tribuere,
3463 1310 3567 1350 non
3590 1296 3775 1351 volun-

2200 1374 2315 1428 tati.
2340 1375 2424 1430 Ab
2453 1376 2554 1433 hac
2579 1387 2762 1435 autem
2803 1383 3122 1438 necessitate
3142 1425 3158 1450 ,
3197 1398 3318 1438 cum
3350 1400 3451 1455 qua
3494 1398 3776 1445 nascuntur

2197 1473 2252 1518 et
2278 1466 2483 1533 parvuli
2508 1509 2524 1534 ,
2557 1468 2652 1524 sed
2681 1471 2853 1525 aetatis
2877 1474 3093 1528 accessu
3121 1473 3306 1543 incipit
3333 1491 3591 1546 apparere
3613 1520 3630 1544 ,
3656 1481 3775 1550 quis

2200 1555 2390 1610 liberat
2417 1557 2686 1614 hominem
2716 1562 2966 1616 miserum
2992 1603 3007 1629 ,
3037 1565 3134 1618 nisi
3164 1566 3331 1636 gratia
3363 1567 3454 1622 Dei
3483 1582 3576 1637 per
3596 1568 3774 1625 Jesnm

2199 1646 2472 1704 Christum
2505 1650 2787 1728 Dominum
2831 1663 3070 1710 nostrum
3108 1655 3297 1730 (Rom.
3329 1674 3432 1724 vn,
3461 1659 3531 1716 25
3549 1656 3596 1733 )?
3629 1661 3773 1732 cujus

2197 1739 2388 1808 gratia:
2429 1755 2524 1796 vos
2565 1742 2804 1810 inimici,
2845 1745 2898 1800 in
2938 1756 3112 1801 vestra
3147 1748 3342 1803 virtute
3383 1750 3677 1817 conliditis;
3722 1762 3775 1807 et

2198 1841 2388 1886 contra
2415 1832 2592 1888 divina
2618 1835 2827 1906 eloquia
2851 1876 2868 1903 ,
2899 1851 3017 1906 qua:
3055 1837 3310 1894 damnant
3343 1855 3437 1895 eos
3477 1841 3563 1911 qui
3589 1842 3641 1896 in
3680 1856 3774 1897 sua

2197 1921 2393 1978 virtute
2435 1924 2709 1981 confidunt
2749 1923 2978 1998 (Jerem.
3009 1944 3112 1982 xvn
3136 1968 3152 1996 ,
3183 1926 3280 2002 5),
3331 1929 3488 2000 impia
3532 1933 3773 2002 superbia

2198 2013 2500 2085 disputatis.

2266 2105 2450 2162 LXIII.
2490 2108 2608 2164 Jun.
2642 2109 2848 2165 Haereat
2879 2125 3005 2181 ergo
3035 2111 3309 2182 prudentis
3336 2114 3514 2169 animo
3542 2115 3772 2180 lectoris.

2198 2199 2424 2254 multum
2451 2202 2706 2257 interesse
2734 2203 2873 2257 inter
2900 2219 2963 2258 ea
2991 2220 3108 2274 qum
3134 2219 3164 2258 a
3192 2204 3427 2274 possibili
3458 2208 3693 2276 veniunt,
3722 2218 3776 2264 et

2197 2307 2259 2346 ea
2289 2308 2409 2360 quae
2437 2308 2466 2347 a
2499 2295 2834 2361 necessario;
2865 2296 3230 2366 naturaliaqne
3257 2298 3434 2351 omnia
3459 2301 3773 2355 necessariis

2196 2384 2454 2452 applicet,
2485 2385 2780 2440 voluntaria
2811 2400 2938 2440 vero
2964 2385 3304 2454 pos'sibilibus
3329 2403 3344 2453 ;
3373 2397 3425 2442 et
3453 2389 3773 2459 quaestiones

2198 2475 2472 2529 universas
2508 2475 2577 2529 ab
2615 2491 2675 2530 ea
2697 2517 2712 2543 ,
2760 2493 2861 2546 qtta
2896 2477 3189 2548 coeperint,
3236 2489 3385 2547 parte
3422 2491 3768 2535 consummet.

2195 2564 2457 2630 Quoniam
2503 2564 2548 2620 si
2576 2581 2668 2636 per
2702 2574 2982 2637 utramque
3021 2582 3164 2623 caeco
3197 2566 3399 2639 judicio
3439 2578 3684 2640 vagetur;
3718 2571 3769 2629 in

2196 2656 2504 2711 innumeros
2520 2672 2615 2726 per
2630 2658 2790 2713 verba
2809 2673 2943 2728 pene
2960 2659 3135 2713 omnia
3155 2659 3512 2730 praecipitatur
3526 2675 3734 2717 errores
3754 2680 3768 2717 :

2194 2745 2338 2817 quod
2364 2747 2614 2816 quoniam
2638 2747 2766 2801 satis
2795 2746 3016 2814 claruit,
3044 2755 3265 2817 apparet
3295 2758 3345 2804 te
3369 2749 3526 2804 nimis
3554 2751 3767 2806 omnino

2194 2835 2485 2906 caligasse,
2536 2836 2626 2906 qui
2666 2837 2944 2906 collegisti,
2975 2856 2993 2888 ι
3025 2837 3302 2904 Quomodo
3340 2839 3508 2907 potuit
3554 2840 3768 2907 malum,

2193 2925 2338 2995 quod
2361 2943 2619 2998 nusquam
2647 2936 2780 2995 erat,
2814 2927 3009 2984 exoriri
3043 2929 3095 2984 in
3123 2945 3285 3000 opere
3315 2929 3446 2996 Dei;
3477 2931 3546 2986 ita
3575 2932 3730 2987 etiam
3752 2975 3768 3000 ,

2188 3017 2298 3088 jam
2347 3018 2489 3088 quod
2526 3029 2675 3088 erat,
2720 3021 2927 3075 transiit
2965 3022 3275 3077 naturaliter
3315 3038 3409 3094 per
3440 3037 3571 3093 opus
3605 3023 3716 3078 Dei.
3745 3042 3764 3076 ι

2202 3109 2327 3165 Vide
2356 3109 2497 3164 enim
2527 3127 2630 3182 quo
2660 3111 2734 3166 sis
2773 3112 3035 3167 involutus
3065 3129 3245 3168 errore
3270 3130 3282 3166 :
3314 3122 3580 3182 peccatum
3607 3113 3768 3184 prima

2195 3202 2462 3257 voluntate
2486 3214 2823 3274 conceptum,
2850 3203 2990 3274 quod
3012 3219 3042 3258 a
3070 3204 3303 3274 possibili
3331 3205 3493 3271 venit,
3516 3204 3565 3259 in
3588 3220 3769 3261 neces-

2193 3293 2332 3348 saria
2361 3292 2493 3349 dicis
2533 3293 2695 3349 fuisse
2724 3303 3005 3362 mutatum,
3046 3305 3104 3350 ut
3135 3295 3401 3366 quomodo
3437 3295 3603 3366 potuit
3645 3296 3767 3351 oriri

2194 3397 2370 3443 motus
2409 3387 2572 3442 animi
2595 3387 2766 3454 liber,
2798 3389 2869 3443 ita
2908 3391 3023 3444 sine
3057 3397 3202 3442 motu
3244 3388 3411 3444 libero
3449 3389 3691 3444 transiret
3716 3387 3769 3443 in

2194 3479 2511 3534 naturalium
2540 3479 2909 3536 necessitatem
2939 3481 2976 3532 ι.
3005 3479 3109 3535 Sed
3141 3479 3372 3552 intellige
3401 3482 3644 3550 quoniam
3675 3495 3769 3534 ne-

2192 3571 2545 3626 cessariorum
2573 3580 2759 3626 auctor
2782 3572 2851 3627 sit
2878 3572 3035 3628 Deus.
3059 3571 3116 3628 Si
3137 3589 3262 3643 ergo
3291 3572 3392 3628 hoc
3420 3573 3541 3627 facit
3563 3573 3698 3627 Deus
3718 3572 3768 3626 in

2193 3661 2396 3717 naturis
2415 3704 2432 3730 ,
2459 3661 2599 3732 quod
2633 3661 2758 3717 fecit
2787 3661 2997 3716 animus
3026 3662 3078 3716 in
3118 3662 3325 3732 culpis;
3358 3677 3573 3717 necesse
3600 3670 3679 3717 est
3714 3671 3771 3716 ut

2193 3755 2270 3809 sic
2294 3754 2363 3809 sit
2393 3770 2536 3822 reus,
2568 3754 2836 3824 quomodo
2859 3765 2915 3810 et
2939 3755 3026 3810 ille
3051 3753 3202 3826 cujus
3230 3755 3400 3826 arguit
3427 3755 3767 3809 voluntatem.

2193 3846 2305 3901 Imo
2330 3847 2496 3917 magis
2521 3865 2535 3901 :
2569 3855 2766 3918 quanto
2795 3847 2936 3903 enim
2963 3857 3046 3903 est
3079 3848 3198 3918 plus
3238 3847 3588 3902 necessarium
3614 3862 3767 3917 quam

2194 3938 2442 4009 possibile
2461 3979 2476 4004 ,
2505 3947 2651 3993 tanto
2677 3938 2958 3994 scelestius
2981 3948 3064 3994 est
3092 3940 3402 4010 ingenerare
3429 3955 3584 4011 quam
3620 3955 3770 3994 usur-

2194 4044 2322 4100 pare
2349 4038 2641 4099 peccatum.
2674 4028 2826 4096 Quod
2857 4029 2979 4086 licet
3006 4046 3184 4085 rerum
3212 4040 3397 4085 natura
3427 4045 3530 4084 non
3559 4030 3764 4100 capiat;

2194 4127 2371 4174 tamen
2399 4119 2482 4174 hic
2503 4118 2847 4185 ostenderim,
2876 4121 3044 4175 multo
3070 4122 3302 4191 pejorem
3326 4136 3443 4176 esse
3468 4121 3764 4190 opinionem

2192 4218 2336 4265 tuam
2362 4209 2429 4265 de
2455 4210 2594 4277 Deo,
2620 4226 2780 4281 quam
2815 4211 3109 4266 Manichaci.
3143 4209 3286 4267 Illius
3323 4211 3463 4266 enim
3491 4212 3655 4266 Deum
3684 4211 3764 4266 vel

2191 4301 2364 4357 subita
2393 4301 2530 4356 bella
2563 4309 2913 4358 truncarunt:
2948 4312 3094 4358 tuum
3119 4318 3246 4358 vero
3271 4303 3481 4373 antiqua
3508 4309 3561 4357 et
3590 4302 3764 4357 multi-

2191 4393 2382 4465 plicata
2425 4393 2646 4449 crimina
2673 4402 3044 4464 corruperunt.
3082 4395 3161 4449 Ac
3206 4410 3300 4464 per
3321 4394 3422 4449 hoc
3456 4408 3560 4447 non
3596 4392 3763 4448 solum

2189 4485 2257 4540 de
2293 4485 2586 4556 quaastione
2619 4483 2869 4540 dissentis
2905 4500 2936 4540 a
2975 4484 3294 4550 Catholicis,
3326 4484 3420 4540 sed
3458 4484 3669 4538 omnino
3696 4483 3762 4538 de

2189 4575 2300 4631 Deo
2324 4593 2338 4629 :
2370 4591 2474 4630 non
2504 4575 2675 4645 ipsum
2702 4575 2855 4640 colis,
2883 4556 3041 4645 quem
3069 4589 3166 4630 nos
3189 4574 3568 4645 aequissimum,
3594 4572 3767 4628 omni-

2189 4667 2611 4737 potentissimum
2635 4708 2650 4733 ,
2678 4667 3035 4722 inviolabilem
3068 4668 3121 4722 in
3149 4667 3404 4721 Trinitate
3430 4682 3760 4722 veneramur.

2188 4757 2333 4829 Ergo
2359 4773 2632 4828 permeare
2652 4772 2757 4812 non
2780 4758 2950 4828 potuit
2972 4773 3068 4828 per
3088 4767 3327 4812 naturam
3351 4773 3436 4811 res
3456 4756 3762 4818 voluntatis;

2187 4852 2484 4921 meritoque
2509 4865 2607 4905 nos
2645 4849 2903 4913 diximus,
2934 4849 3056 4918 quia
3085 4863 3219 4918 Opus
3257 4847 3456 4903 diaboli
3500 4863 3594 4918 per
3635 4861 3764 4915 opus

2188 4942 2280 4997 Dei
2309 4941 2535 4996 transire
2579 4956 2686 4994 non
2729 4939 2941 4994 sinitur.
2985 4937 3128 5009 Opus
3169 4937 3312 4992 enim
3355 4937 3551 4992 diaboli
3595 4935 3764 4991 homi-

2187 5032 2373 5101 nisque
2414 5031 2536 5084 mali
2581 5040 2853 5099 peccatum
2881 5037 2991 5096 est,
3019 5028 3159 5099 quod
3186 5029 3238 5083 in
3272 5029 3415 5084 nullo
3454 5035 3624 5098 potest
3646 5028 3763 5082 sine

2187 5123 2536 5177 liberm-motu
2566 5122 2854 5178 voluntatis
2879 5121 3129 5176 existere.
3153 5119 3303 5189 Quod
3329 5135 3462 5190 opus
3479 5131 3531 5176 et
3551 5118 3759 5174 diabolo

2186 5223 2242 5267 ct
2267 5212 2464 5266 homini
2499 5228 2529 5267 a
2554 5212 2791 5281 possibili
2818 5213 2962 5267 venit
3003 5221 3057 5266 et
3095 5212 3275 5267 venit:
3311 5226 3445 5280 opus
3468 5219 3639 5265 autem
3668 5209 3758 5265 Dei

2185 5313 2266 5358 est
2293 5312 2506 5369 natura,
2535 5303 2588 5358 in
2632 5319 2735 5374 qua
2763 5319 2868 5358 non
2904 5318 2932 5356 a
2963 5301 3235 5372 possibili,
3277 5301 3370 5356 sed
3402 5317 3432 5356 a
3469 5300 3767 5355 necessario

2187 5385 2426 5450 subsistit
2469 5395 2667 5450 homo:
2707 5412 2824 5474 quae
2865 5403 3052 5450 natura
3096 5395 3278 5450 multis
3317 5404 3399 5450 est
3440 5393 3764 5464 temporibus

2188 5489 2304 5541 sine
2331 5487 2624 5554 voluntate,
2651 5487 2899 5558 quoniam
2925 5487 3005 5540 vis
3030 5486 3145 5556 ejus
3167 5494 3324 5541 aetate
3351 5494 3494 5540 certa
3523 5485 3761 5539 sentitur.

2187 5578 2449 5647 Quamdiu
2488 5593 2614 5648 ergo
2646 5588 2728 5634 est
2774 5588 2962 5634 natura
3002 5579 3118 5634 sine
3163 5578 3453 5644 voluntate,
3498 5593 3627 5646 opus
3670 5574 3762 5628 Dei

2255 5768 2266 5796 ¹
2307 5765 2374 5814 sic
2398 5773 2499 5815 Mss.
2531 5769 2814 5829 \ignierius,
2848 5767 2896 5818 in
2936 5765 3200 5817 natura!om
3233 5761 3574 5815 necessitatem.
