4150 6538
329 409 351 463 1
365 409 458 464 5M

323 531 693 587 tantummodo
719 541 802 588 est
826 550 838 586 :
871 541 924 588 at
948 533 1062 588 hmc
1085 534 1226 605 quod
1251 549 1358 590 non
1378 533 1582 601 fecerit,
1611 551 1718 590 non
1741 543 1916 605 potest

324 620 518 678 lubere
541 633 837 693 peccatum.
862 625 1262 680 lrrefutabiliter
1287 640 1416 695 ergo
1440 625 1636 681 dictum
1663 635 1767 689 est,
1789 625 1914 696 quia

320 728 419 784 per
456 729 590 784 Opus
619 715 712 770 Dei
741 730 876 786 opus
905 716 1100 771 diaboli
1132 717 1360 773 transire
1394 733 1498 773 non
1544 719 1755 773 sinitur.
1793 717 1912 772 Non

319 803 497 858 minus
515 813 692 860 autem
717 804 908 859 falsum
931 816 1010 860 est
1032 821 1188 876 quam
1213 806 1514 876 profanum,
1545 807 1688 877 quod
1709 806 1905 871 dixisti,

324 911 344 947 σ
375 895 522 964 Opus
544 897 720 964 operis
741 897 831 952 Dei
857 899 1042 952 transit
1066 914 1166 968 per
1185 914 1320 968 Opus
1343 900 1454 954 Dei.
1487 917 1505 951 ι
1534 899 1644 954 Hoc
1665 909 1747 954 est
1765 898 1908 953 enim

315 985 517 1052 dicere,
559 987 753 1044 Peccat
789 999 846 1044 et
884 989 1042 1056 Deus,
1071 990 1194 1060 quia
1239 991 1473 1060 peccavit
1517 990 1698 1055 homo,
1747 1005 1906 1060 quem

318 1076 441 1130 fecit
475 1077 632 1132 Deus.
666 1077 795 1133 Nam
825 1079 962 1134 sicut
989 1095 1250 1150 nusquam
1280 1091 1363 1135 est
1389 1089 1686 1150 peccatum,
1721 1081 1823 1136 nisi
1855 1081 1907 1135 in

313 1182 479 1236 opere
520 1167 780 1233 hominis;
826 1186 1000 1240 neque
1049 1172 1190 1225 enim
1231 1187 1352 1227 cum
1398 1174 1698 1242 peccaverit
1725 1172 1904 1235 homo,

314 1260 513 1330 aliquid
542 1261 852 1316 substantia:
880 1265 998 1330 ejus
1025 1263 1257 1330 additur,
1286 1274 1344 1318 ut
1371 1275 1645 1334 peccatum
1673 1264 1744 1318 ibi
1768 1263 1906 1318 emi-

317 1361 445 1406 nere
470 1352 712 1408 videatur
734 1395 749 1417 ,
781 1353 875 1408 sed
900 1356 1268 1410 tantummodo
1295 1356 1492 1410 malum
1514 1370 1650 1425 opus
1671 1355 1739 1410 de
1764 1355 1905 1410 mala

310 1447 585 1502 voluntate
611 1447 954 1502 commissum
975 1490 991 1514 ,
1019 1448 1094 1502 illi
1125 1463 1336 1518 quoque
1363 1463 1393 1502 a
1422 1463 1529 1518 quo
1558 1447 1755 1502 factum
1782 1455 1903 1513 est,

310 1551 586 1612 comparat
611 1541 856 1597 meritum
888 1540 1108 1607 malum,
1144 1549 1202 1595 ut
1226 1541 1398 1595 malus
1416 1540 1624 1595 dicatur
1650 1539 1741 1610 qui
1767 1540 1905 1594 mala

312 1632 474 1687 fecit:
523 1633 592 1687 ita
634 1633 793 1687 etiam
835 1631 975 1688 Deus
1014 1641 1155 1698 tuus,
1193 1632 1239 1686 si
1277 1631 1478 1686 malum
1518 1632 1572 1685 in
1605 1645 1770 1702 Opere
1807 1645 1904 1685 suo

313 1723 438 1778 fecit
459 1763 476 1788 ,
503 1722 636 1778 nihil
661 1722 875 1793 quidem
903 1722 1214 1777 substantiae
1239 1721 1356 1792 ejus
1385 1723 1611 1790 accedit,
1641 1723 1780 1777 sicut
1806 1736 1905 1776 nec

311 1813 577 1878 hominis;
602 1823 778 1869 tamen
807 1813 1053 1868 meritum
1077 1814 1127 1868 ei
1151 1813 1603 1870 deformissimum
1626 1828 1904 1883 compara-

309 1913 430 1970 tur,
461 1913 516 1957 ut
545 1903 716 1958 malus
757 1903 899 1958 male
928 1902 1171 1958 faciendo
1199 1903 1424 1959 dicatur.
1471 1904 1734 1959 Parvulns
1773 1919 1902 1959 sane

309 1997 563 2067 probatur
590 1998 750 2052 etiam
786 2008 911 2052 tunc
948 2012 1072 2052 reus
1114 2013 1219 2050 non
1252 2011 1392 2063 esse,
1437 1997 1557 2067 quia
1589 1996 1845 2051 malitiam
1869 2011 1900 2049 a

307 2087 611 2144 necessario
633 2087 830 2154 habet,
854 2103 1013 2157 quam
1035 2087 1136 2142 nisi
1157 2087 1404 2143 diabolus
1422 2103 1452 2141 a
1477 2086 1714 2157 possibili
1736 2084 1903 2142 habe-

305 2187 426 2243 ret,
457 2193 580 2234 reus
609 2193 729 2235 esse
759 2194 864 2232 non
890 2187 1093 2249 posset.
1136 2178 1277 2234 Deus
1303 2187 1482 2234 autem
1508 2177 1600 2248 qui
1625 2191 1782 2232 verus
1817 2185 1902 2232 est

305 2269 754 2334 Christianorum,
796 2270 994 2324 malum
1030 2284 1140 2325 non
1184 2268 1348 2325 facit:
1395 2269 1645 2338 parvulus
1687 2281 1899 2337 quoque

303 2369 427 2414 ante
475 2359 702 2429 prepria:
734 2359 1022 2414 voluntatis
1062 2358 1341 2412 arbitrium
1382 2356 1514 2411 nihil
1563 2356 1745 2422 habet,
1793 2355 1896 2410 nisi

303 2449 444 2520 quod
480 2451 533 2504 in
564 2465 631 2505 eo
659 2448 786 2505 fecit
830 2449 994 2505 Deus.
1038 2449 1291 2505 Naturale
1327 2449 1486 2520 igitur
1532 2448 1734 2503 nullum
1777 2461 1898 2503 esse

304 2549 578 2610 peccatum
605 2549 798 2610 potest.
843 2539 949 2596 Sed
984 2540 1236 2612 quoniam
1280 2540 1658 2595 sollicitissime
1691 2538 1897 2609 antiqui

300 2631 502 2686 erroris
529 2642 680 2686 antra
713 2633 1056 2704 prorupimus
1085 2633 1100 2664 ¹
1122 2675 1137 2696 ,
1165 2647 1266 2688 nec
1289 2631 1579 2703 quidquam
1609 2645 1770 2701 super
1796 2628 1898 2686 hac

303 2721 599 2792 quazstione
625 2723 890 2778 occultum
933 2723 1194 2778 remansit
1219 2739 1232 2776 :
1268 2731 1447 2778 teneat
1474 2721 1644 2776 lector
1669 2720 1897 2790 diligens

297 2812 698 2870 distinctionem
734 2814 1023 2870 necessarii
1052 2824 1213 2885 atque
1239 2813 1548 2884 possibilis;
1576 2823 1631 2869 et
1656 2829 1762 2868 non
1790 2814 1895 2868 mi-

300 2921 404 2960 nus
429 2905 836 2960 Manichaeorum
861 2945 878 2973 ,
907 2920 1067 2974 quam
1092 2905 1552 2960 Traducianorum
1592 2912 1894 2959 commenta

298 2995 516 3051 ridebit.

371 3089 506 3145 Anc.
545 3086 702 3159 Apud
729 3086 976 3143 homines
1002 3087 1091 3158 qui
1117 3101 1180 3142 ea
1205 3101 1326 3156 quas
1353 3085 1557 3156 legunt,
1588 3085 1667 3141 sic
1694 3084 1894 3140 intelli-

297 3188 450 3249 gunt,
490 3189 549 3234 ιιι
582 3180 740 3234 etiam
779 3180 880 3234 ista
906 3194 1027 3250 quae
1045 3177 1180 3234 dicis
1219 3178 1538 3248 intelligant,
1580 3177 1712 3232 nihil
1739 3177 1892 3247 egisti

297 3269 461 3333 aliud,
492 3269 679 3325 eadem
703 3285 798 3340 per
821 3269 1009 3326 eadem
1036 3277 1180 3324 tanta
1202 3269 1552 3340 perplexitate
1575 3267 1890 3338 repetendo,

300 3361 401 3416 nisi
423 3371 480 3416 ut
499 3370 552 3416 te
569 3371 854 3432 appareret
877 3362 1283 3430 responsionem
1307 3369 1545 3416 nostram
1569 3361 1621 3415 in
1645 3375 1750 3415 uno
1771 3375 1894 3416 meo

299 3451 468 3519 libro,
499 3467 659 3522 quem
690 3452 792 3507 tuis
831 3461 955 3507 octo
989 3450 1236 3508 refellere
1265 3452 1574 3522 suscepisti,
1615 3467 1738 3506 cum
1778 3452 1893 3508 dis-

298 3541 508 3598 solvere
549 3558 666 3597 non-
701 3543 932 3607 valeres,
977 3543 1268 3598 obscurare
1306 3544 1559 3598 voluisse.
1611 3543 1766 3614 Apud
1796 3559 1892 3601 eos

298 3642 477 3690 autem
521 3635 612 3704 qui
642 3634 757 3690 haec
791 3649 898 3690 non
926 3634 1259 3705 intell‘gunt,
1289 3635 1340 3689 id
1371 3635 1525 3705 egisti
1569 3635 1782 3700 saltem,
1835 3644 1892 3689 ut

299 3724 419 3782 ideo
448 3735 500 3781 te
537 3735 723 3796 putent
759 3725 957 3781 dixisse
993 3725 1224 3795 aliquid,
1255 3727 1506 3796 quoniam
1536 3741 1643 3781 non
1691 3726 1891 3780 intelli-

297 3825 447 3886 gunt.
479 3815 631 3872 Unde
666 3815 898 3872 breviter
939 3815 1257 3871 admonendi
1286 3826 1409 3870 sunt
1446 3817 1658 3872 interim
1697 3817 1763 3872 de
1790 3816 1893 3872 hoc

301 3906 442 3962 unde
480 3922 621 3962 nunc
663 3907 873 3978 agitur,
916 3917 975 3961 ut
1022 3906 1151 3961 illud
1189 3907 1363 3978 ipsum
1409 3922 1619 3972 meum,
1670 3908 1892 3963 remotis

300 3998 507 4053 nebulis
543 4006 646 4053 tua:
672 3998 1006 4069 loquacitatis
1026 4040 1040 4065 ,
1071 3998 1360 4070 aspiciant,
1392 4010 1447 4054 et
1489 3999 1702 4054 videant
1730 4015 1890 4070 quam

296 4090 368 4144 sit
398 4089 669 4144 invictum.
699 4089 780 4144 Tu
819 4090 963 4145 enim
997 4089 1211 4144 dixeras
1237 4107 1251 4143 ε
1281 4108 1299 4141 ι
1327 4090 1382 4145 Si
1421 4100 1612 4145 natura
1638 4106 1774 4159 opus
1809 4098 1893 4144 est

298 4180 417 4246 Dei,
433 4197 530 4253 per
545 4196 676 4251 opus
697 4181 793 4236 Dei
808 4196 940 4255 upus
957 4180 1154 4235 diaboli
1173 4181 1398 4236 transire
1413 4197 1516 4236 non
1533 4181 1745 4236 sinitur.
1771 4201 1789 4234 ι
1811 4180 1891 4235 Ad

295 4271 400 4329 hoc
414 4287 514 4343 ego
532 4291 544 4302 ·
569 4292 587 4324 ι
599 4273 736 4340 Quid
752 4283 835 4327 est
848 4272 988 4343 quod
1004 4272 1150 4339 dicit,
1165 4291 1183 4324 ι
1203 4274 1438 4342 inquam,
1451 4291 1468 4323 ι
1489 4272 1543 4328 Si
1559 4284 1742 4327 natura
1756 4286 1891 4340 Opus

295 4372 380 4417 est
400 4363 516 4429 Dei,
532 4379 628 4434 per
646 4379 780 4433 opus
798 4363 890 4418 Dei
911 4379 1047 4434 Opus
1069 4363 1264 4418 diaboli
1287 4365 1513 4419 transire
1534 4379 1640 4420 non
1663 4362 1892 4418 sinitur?

294 4452 482 4508 Nonne
511 4467 646 4521 opus
674 4453 909 4519 diaboli,
941 4453 1154 4523 quando
1184 4455 1236 4508 in
1261 4455 1474 4526 angelo,
1503 4456 1591 4525 qui
1615 4454 1785 4509 factus
1810 4463 1892 4509 est

295 4543 540 4598 diabolus
565 4583 580 4607 ,
609 4543 752 4612 prius
791 4553 966 4597 ortum
997 4553 1114 4608 est,
1151 4544 1203 4598 in
1233 4559 1398 4612 opere
1428 4545 1523 4599 Dei
1560 4554 1737 4600 ortum
1768 4545 1889 4600 est?

296 4637 634 4705 Quapropter
658 4633 702 4686 si
731 4627 951 4699 malum,
979 4633 1121 4702 quod
1148 4648 1404 4703 nusquam
1432 4643 1548 4688 erat
1570 4636 1806 4700 omnino,
1835 4637 1888 4689 in

296 4725 390 4782 Dei
414 4737 577 4793 Opere
605 4722 733 4777 oriri
762 4721 932 4792 potuit
957 4739 969 4775 :
996 4736 1092 4776 cur
1131 4722 1326 4776 malum
1348 4763 1364 4789 ,
1388 4723 1529 4792 quod
1561 4723 1752 4778 alicubi
1776 4725 1886 4793 jam

293 4828 409 4872 erat
434 4816 455 4846 ²
481 4856 498 4880 ,
530 4829 628 4885 per
669 4828 802 4883 opus
834 4811 927 4866 Dei
958 4812 1186 4866 transire
1219 4827 1325 4866 non
1356 4811 1562 4881 potuit;
1592 4815 1887 4882 praesertim

293 4922 417 4962 cum
457 4905 572 4975 ipso
615 4905 780 4960 verbo
825 4910 1003 4957 utatur
1043 4902 1331 4973 Apostolus
1375 4901 1583 4969 dicens,
1617 4901 1681 4955 Et
1723 4903 1793 4954 ita
1835 4903 1889 4956 in

291 5016 464 5054 omnes
510 4998 736 5053 homines
775 4995 1062 5068 pertransiit
1097 5014 1115 5047 ι
1139 4995 1313 5065 (Rom.
1338 5010 1391 5062 v,
1416 4993 1546 5063 l2)?
1576 5011 1595 5044 ι
1623 4993 1888 5064 Numquid

294 5093 537 5148 homines
565 5107 672 5146 non
698 5099 822 5146 sunt
845 5105 981 5158 epus
1011 5089 1146 5144 Dei?
1175 5087 1487 5144 Pertransiit
1530 5102 1658 5159 ergo
1689 5101 1887 5166 pecca-

293 5192 406 5238 tum
451 5198 544 5254 per
585 5182 849 5248 homines,
895 5179 997 5235 hoc
1035 5190 1138 5246 est,
1193 5193 1331 5250 opus
1375 5178 1573 5234 diaboli
1619 5193 1715 5248 per
1755 5192 1888 5248 Opus

294 5275 428 5330 Dei:
473 5284 633 5345 atque
656 5273 736 5328 "ut
769 5274 874 5328 alio
900 5273 1062 5329 modo
1093 5272 1322 5343 idipsum
1360 5272 1531 5327 dicam
1552 5312 1567 5336 ,
1601 5285 1734 5342 opus
1762 5286 1889 5341 ope-

293 5367 368 5422 ris
411 5366 504 5422 Dei
534 5380 632 5436 per
657 5379 792 5434 opus
833 5364 948 5420 Dei.
979 5365 1047 5418 Et
1075 5364 1194 5418 ideo
1230 5364 1370 5419 Deus
1409 5362 1557 5419 solus
1581 5371 1663 5418 est
1692 5363 1886 5417 immu-

295 5455 471 5511 tabilis
511 5464 566 5510 et
612 5454 994 5525 potentissima:
1039 5455 1331 5510 bonitatis:
1373 5456 1463 5526 qui
1511 5464 1565 5511 et
1600 5464 1884 5525 antequam

293 5554 439 5603 esset
477 5547 645 5601 ullum
689 5545 910 5611 malum,
937 5544 1076 5600 bona
1116 5561 1277 5615 opera
1320 5545 1445 5602 fecit
1485 5547 1684 5614 omnia,
1725 5555 1780 5602 et
1817 5546 1886 5602 de

293 5640 472 5708 malis,
499 5653 618 5709 quae
638 5637 693 5692 in
722 5636 878 5692 bonis
904 5635 973 5691 ab
998 5651 1065 5691 eo
1090 5635 1243 5692 factis
1265 5646 1384 5693 orta
1414 5646 1559 5707 sunt,
1592 5638 1728 5694 bene
1751 5652 1882 5708 ope-

353 5815 375 5848 1
413 5821 561 5885 vetus
581 5812 906 5883 codcxt’ortq
929 5809 1254 5924 perrupimus.

361 5875 386 5911 ι
416 5882 490 5924 Sic
511 5883 615 5924 Mss.
640 5881 690 5924 ιιι
715 5882 868 5924 Viam.
897 5887 926 5924 a
947 5873 1072 5924 tcubt
1093 5885 1186 5924 non
1207 5885 1280 5924 era

361 5875 386 5911 '
416 5879 490 5926 ste
511 5883 615 5926 Mss.
640 5881 690 5925 ιιι
715 5875 868 5938 \'ign.,
897 5873 1074 5927 alicubi
1093 5885 1186 5925 non
1207 5879 1323 5927 erat.

1672 413 1872 471 LIBER
1913 408 2228 479 QUINTUS.

3475 426 3501 480 1
3515 425 3619 482 ’ἱθὶ

2027 537 2175 583 ratur
2201 543 2294 598 per
2318 530 2496 584 omnia
2533 547 2554 583 ι
2587 528 2690 601 (De
2720 529 2932 604 Nuptiis
2960 543 3006 589 et
3033 534 3467 608 Concupiscentia,
3519 543 3613 598 tib.

2021 618 2078 683 2,
2105 636 2158 673 η.
2189 619 2422 691 48).11ιιε
2451 629 2505 675 ιιι
2534 637 2716 677 rerum
2745 624 3008 681 evidentia
3037 628 3392 697 perturbatus,
3423 633 3614 690 oculos

2023 709 2298 765 hominum
2344 711 2414 767 de
2456 714 2692 782 possibili
2726 724 2782 770 et
2825 719 3132 775 necessario
3173 720 3329 792 longa
3367 733 3421 778 et
3466 724 3614 782 inani

2019 801 2374 873 disputatione
2387 806 2741 864 tenebrandos
2757 811 2974 878 putasti,
2989 820 3046 867 ut
3060 813 3156 868 ista
3169 814 3392 885 caligine
3403 816 3610 888 objecta

2016 895 2336 950 sententiam
2368 906 2509 951 tuam
2538 913 2726 953 vanam
2757 915 2864 954 non
2897 901 3263 970 subtralteres,
3294 919 3363 960 ne
3383 906 3613 975 perime-

2017 994 2180 1048 retur,
2202 985 2295 1040 sed
2317 1002 2384 1042 ne
2401 998 2670 1059 perempta
2687 990 2866 1060 jacere
2880 994 3298 1062 conspiceretur,
3316 996 3614 1054 absconde-

2016 1075 2316 1132 res.Utrum
2330 1079 2565 1149 quippea
2581 1084 2904 1150 necessario,
2917 1099 2984 1139 an
3001 1100 3032 1138 a
3050 1086 3439 1158 possibili,quid
3457 1095 3613 1144 inter-

2013 1177 2096 1222 est
2133 1168 2200 1222 ad
2227 1183 2338 1224 rem
2383 1170 2451 1226 de
2474 1186 2576 1242 qua
2603 1174 2930 1242 quaerimus?
2952 1177 3188 1247 Angelus
3206 1187 3352 1233 certe
3373 1187 3428 1234 et
3447 1179 3609 1233 homo

1969 1311 1972 1314 ,
2015 1269 2305 1328 peccaruut
2327 1277 2342 1314 :
2365 1270 2457 1316 aut
2475 1278 2605 1333 ergo
2625 1264 2764 1320 aude
2782 1265 2963 1322 dicere
2982 1268 3232 1338 angelum
3257 1279 3310 1325 et
3335 1270 3606 1326 hominem

2012 1364 2120 1404 non
2146 1364 2265 1407 esse
2291 1363 2544 1418 naturas;
2576 1364 2686 1419 aut,
2713 1357 2833 1425 quia
2865 1372 2972 1412 non
3002 1359 3072 1412 ita
3094 1373 3152 1413 es
3183 1359 3399 1414 insanus
3428 1369 3486 1414 ut
3507 1376 3606 1416 au-

2012 1439 2164 1507 deas,
2197 1443 2530 1498 convinceris
2560 1456 2812 1514 peccante
2832 1448 3020 1518 angelo
3046 1463 3296 1518 peccasse
3318 1460 3563 1505 naturam
3585 1493 3602 1516 ,

2011 1531 2342 1586 convinceris
2365 1545 2616 1602 peccante
2638 1534 2853 1592 homine
2879 1553 3130 1607 peccasse
3155 1551 3420 1595 naturam.
3442 1539 3554 1609 Sed
3574 1561 3604 1595 ει

2011 1619 2289 1688 possibili,
2338 1623 2549 1692 inquis,
2600 1641 2705 1680 non
2751 1642 2782 1681 a
2831 1630 3136 1684 necessario
3178 1632 3436 1700 peccavit.
3492 1633 3605 1688 lloe

2015 1725 2199 1766 verum
2224 1721 2343 1768 est:
2371 1723 2548 1770 tamen
2569 1717 2788 1788 angelus
2814 1721 3069 1788 peccavit,
3100 1731 3275 1776 tamen
3299 1722 3458 1778 homo
3480 1741 3605 1794 pec-

2012 1803 2188 1869 cavit,
2219 1812 2393 1858 tamen
2425 1815 2612 1860 natura
2645 1821 2882 1877 peccavrt
2906 1827 2919 1874 ;
2952 1826 3015 1866 ac
3038 1811 3118 1868 sic
3145 1827 3279 1881 opus
3307 1813 3398 1868 Dei
3418 1856 3434 1880 ,
3457 1816 3601 1885 quod

2007 1903 2092 1947 est
2115 1893 2370 1963 angelus,
2415 1896 2558 1966 quod
2593 1907 2675 1952 est
2703 1899 2895 1964 homo,
2927 1916 3033 1954 non
3060 1913 3285 1971 cogente
3327 1903 3439 1958 Deo
3461 1944 3477 1969 ,
3502 1905 3598 1959 sed

2007 1996 2103 2036 sua
2130 1983 2266 2036 mala
2297 1984 2597 2050 voluntate,
2627 2003 2788 2057 quam
2809 1990 2979 2060 potuit
3003 1999 3058 2046 et
3085 2007 3191 2046 non
3223 1992 3440 2061 habere,
3471 2009 3598 2063 pce-

2006 2075 2164 2128 cavit.
2187 2073 2266 2130 llli
2294 2091 2422 2146 ergo
2441 2087 2645 2134 natura:
2670 2081 2980 2151 ignominia,
3002 2099 3122 2153 qua:
3146 2099 3266 2138 cum
3299 2086 3434 2141 bene
3459 2085 3599 2142 facta

2004 2175 2169 2233 esset,
2191 2176 2245 2222 et
2265 2168 2462 2222 malum
2485 2168 2660 2226 facere
2679 2183 2860 2227 coacta
2883 2188 2987 2227 non
3009 2184 3174 2239 esset,
3201 2185 3376 2232 tamen
3399 2178 3595 2232 malum

2005 2254 2167 2311 fecit:
2199 2257 2308 2313 Deo
2337 2269 2516 2314 autem
2544 2262 2733 2331 gloria,
2763 2265 2853 2334 qui
2877 2274 2929 2319 et
2957 2274 3200 2320 naturam
3227 2267 3421 2322 bonam
3452 2269 3594 2335 fecit,

2003 2357 2058 2403 et
2082 2348 2151 2404 de
2175 2351 2316 2406 malo
2337 2351 2474 2407 bene
2498 2353 2640 2418 facit,
2668 2357 2809 2425 quod
2839 2357 2954 2426 ipse
2981 2373 3086 2413 non
3107 2357 3251 2413 fecit.
3278 2358 3411 2415 Cum
3437 2361 3599 2432 igitur

2005 2440 2088 2496 his
2108 2451 2268 2512 atque
2297 2443 2601 2513 hujusmodi
2629 2448 2769 2502 veris
2787 2449 3173 2520 catholicisque
3201 2452 3515 2520 rationibus,
3543 2465 3600 2510 et

2000 2531 2214 2589 defendi
2241 2543 2296 2589 et
2325 2535 2600 2604 praedicari
2634 2549 2818 2593 natura
2852 2541 3018 2610 possit
3045 2544 3271 2597 creatrix
3292 2585 3308 2609 ,
3351 2553 3408 2599 et
3447 2547 3598 2615 argui

2001 2623 2430 2696 reprehendique
2476 2629 2781 2697 peccatrix;
2825 2641 2986 2700 atque
3033 2630 3146 2702 ipsa
3189 2636 3493 2703 peccatrix,
3543 2647 3601 2691 et

2001 2714 2206 2771 laudari
2256 2718 2314 2772 in
2355 2730 2612 2789 quantum
2652 2735 2771 2776 eam
2812 2721 2956 2778 Deus
2999 2723 3158 2789 fecit,
3204 2733 3260 2780 et
3295 2726 3494 2797 culpari
3543 2727 3597 2782 in

1999 2816 2257 2877 quantum
2279 2808 2348 2863 ab
2377 2809 2498 2877 illo,
2543 2811 2690 2866 nullo
2719 2822 2963 2882 cogente,
2994 2813 3220 2881 defecit,
3249 2825 3310 2871 et
3329 2817 3380 2870 in
3414 2827 3592 2886 poste-

1999 2900 2076 2953 ris
2091 2900 2340 2954 meritum
2361 2916 2515 2956 suum
2537 2905 2735 2974 recepit
2755 2903 2964 2977 (eadem
2982 2907 3178 2977 quippe
3198 2908 3312 2978 ipsa
3334 2919 3518 2964 natura
3541 2911 3594 2965 in

1998 2991 2221 3062 singulis
2239 2991 2539 3063 quibusque
2555 2995 2674 3050 sine
2699 2996 2973 3051 voluntate
2995 2998 3248 3065 nascitur,
3272 3015 3391 3069 quae
3412 3001 3464 3055 in
3487 3017 3598 3055 uno

1998 3081 2275 3137 voluntate
2304 3081 2604 3156 peccavit):
2643 3085 2766 3155 quis
2801 3096 2854 3142 te
2883 3088 3232 3157 praecipitavit
3261 3099 3319 3144 ut
3343 3090 3552 3146 diceres
3576 3132 3594 3156 ,

1998 3172 2120 3241 quis
2143 3172 2432 3228 submersit
2458 3182 2519 3228 ut
2540 3176 2826 3242 scriberes,
2854 3195 2874 3229 ι
2901 3177 2957 3233 Si
2985 3169 3333 3248 natura'opus
3361 3188 3445 3234 est
3471 3180 3590 3246 Dei,

1999 3281 2096 3335 per
2122 3280 2259 3336 Opus
2291 3267 2385 3321 Dei
2423 3281 2560 3338 opus
2605 3269 2805 3325 diaboli
2839 3271 3068 3326 transire
3108 3287 3216 3327 non
3247 3272 3472 3326 sinitur?
3499 3291 3519 3325 ι
3548 3273 3593 3328 0

1997 3357 2160 3413 surde
2198 3357 2251 3412 in
2295 3357 2514 3414 vocibus
2554 3360 2780 3416 sanctis!
2826 3375 2861 3416 ο
2903 3375 3046 3417 eteae
3090 3362 3143 3417 in
3199 3362 3594 3419 inventionibus

1999 3449 2131 3502 tuis!
2150 3447 2340 3504 Nonne
2351 3458 2626 3518 peccatum
2642 3465 2776 3521 opus
2787 3461 2869 3507 est
2887 3451 3117 3507 diaboli?
3135 3451 3322 3508 Nonne
3337 3453 3388 3508 in
3403 3469 3594 3509 omnes

1997 3537 2243 3594 homines
2265 3541 2592 3609 pertransiit,
2605 3542 2696 3612 qui
2711 3550 2836 3597 sunt
2855 3557 2990 3612 opus
3007 3543 3138 3598 Dei?
3159 3542 3348 3598 Nonne
3365 3559 3462 3614 per
3480 3559 3599 3613 pec-

1996 3639 2174 3684 catum
2218 3646 2386 3699 mors,
2431 3647 2494 3686 ea
2539 3633 2835 3702 praesertim
2877 3633 3090 3704 qualem
3137 3649 3232 3689 vos
3281 3635 3450 3689 solam
3497 3650 3596 3706 per

1997 3710 2279 3790 peccatum
2315 3721 2492 3777 dicitis
2513 3721 2792 3789 accidisse,
2827 3723 2879 3778 id
2906 3731 3010 3788 est,
3043 3739 3150 3778 non
3179 3725 3422 3793 corporis
3445 3764 3461 3789 ,
3495 3725 3591 3778 sed

1995 3814 2223 3881 animm,
2258 3829 2394 3885 opus
2435 3823 2518 3870 est
2563 3814 2798 3871 diaboli?
2827 3815 3014 3871 Nonne
3044 3817 3094 3870 in
3133 3830 3323 3872 omnes
3354 3815 3596 3870 homines

1999 3906 2330 3973 pertransiit,
2359 3906 2449 3976 qui
2478 3916 2605 3960 sunt
2629 3922 2763 3977 opus
2796 3907 2922 3963 Dei?
2949 3907 3055 3963 Sed
3084 3908 3398 3972 imitatione,
3431 3917 3488 3962 ut
3509 3907 3597 3962 di-

1997 3995 2151 4062 citis,
2183 3997 2413 4051 transiit.
2463 3997 2664 4053 Tamen
2692 4013 2788 4067 per
2811 3997 3058 4053 homines
3083 3999 3324 4063 transiit,
3354 3999 3445 4068 qui
3472 4009 3598 4054 sunt

1996 4101 2131 4156 opus
2164 4089 2279 4143 Dei.
2309 4087 2415 4143 Sed
2458 4103 2488 4142 a
2519 4089 2789 4160 possibili,
2821 4104 2928 4144 non
2955 4105 2986 4143 a
3015 4090 3320 4144 necessario
3362 4091 3596 4145 transiit.

1996 4176 2091 4231 Die
2114 4177 2370 4248 quidquid
2399 4179 2492 4233 tibi
2525 4180 2696 4248 placet
2721 4197 2736 4234 :
2767 4187 2944 4232 tamen
2971 4193 3066 4247 per
3087 4178 3333 4234 homines
3359 4181 3592 4248 transiit,

1994 4270 2086 4337 qui
2125 4277 2250 4322 sunt
2293 4282 2430 4337 opus
2483 4269 2617 4322 Dei:
2669 4275 2726 4321 tu
2769 4277 2948 4322 autem
2985 4268 3103 4322 sine
3135 4268 3240 4323 ulla
3278 4269 3595 4338 exceptione

1995 4359 2196 4424 dixisti,
2226 4376 2245 4410 ι
2281 4359 2384 4414 Ρει·
2409 4373 2542 4428 opus
2565 4359 2657 4414 Dei
2681 4372 2817 4428 opus
2845 4357 3042 4413 diaboli
3072 4359 3302 4414 transire
3327 4374 3435 4414 non
3461 4360 3595 4415 sini-

1997 4460 2120 4512 tur;
2155 4469 2176 4502 ι
2207 4459 2262 4506 ει
2291 4450 2429 4505 hanc
2453 4450 2732 4504 sententia:
2758 4456 2862 4504 tute
2891 4459 3000 4503 tam
3029 4450 3362 4520 perspicuam
3387 4451 3594 4505 vanitao

1997 4549 2103 4596 tem
2135 4542 2177 4606 ί,
2208 4548 2267 4596 ιιι
2307 4540 2494 4594 vanior
2522 4539 2676 4595 fieres
2698 4581 2714 4605 ,
2747 4547 2892 4594 tanta
2918 4539 3239 4610 loquacitate
3265 4555 3370 4594 non
3400 4549 3457 4595 nt
3498 4541 3595 4595 ab-

1993 4632 2296 4686 solveretur
2341 4629 2670 4692 defendere,
2723 4629 2820 4684 sed
2873 4645 2941 4685 ne
2991 4630 3321 4699 aspiceretur
3373 4634 3592 4699 operire

1992 4731 2214 4776 conatus
2241 4736 2322 4776 es.
2364 4720 2424 4774 Si
2450 4722 2503 4773 in
2540 4729 2773 4775 mentem
2807 4720 2900 4774 tibi
2939 4722 3231 4789 apostolica
3272 4721 3432 4775 verba
3476 4735 3588 4775 non

1991 4819 2269 4877 venerant,
2306 4825 2426 4880 qua:
2466 4819 2518 4865 te
2556 4809 2657 4865 hoc
2697 4809 2879 4864 dicere
2916 4810 3292 4880 prohiberent;
3331 4825 3427 4864 cur
3478 4826 3584 4868 non

1991 4902 2263 4958 attendisti
2281 4941 2298 4968 ,
2328 4903 2580 4966 obsecro,
2611 4902 2730 4971 plus
2757 4917 2879 4958 esse
2904 4902 2956 4956 in
3000 4916 3162 4970 opere
3192 4902 3283 4957 Dei
3313 4903 3543 4959 existere
3571 4946 3589 4972 ,

1993 5011 2151 5066 quam
2177 5010 2274 5064 per
2301 5009 2437 5064 opus
2468 4993 2560 5049 Dei
2591 4994 2819 5051 transire
2849 5008 2984 5065 opus
3023 4994 3264 5048 diaboli?
3291 4995 3427 5050 Cum
3456 5011 3586 5066 ergo

1994 5085 2120 5140 illud
2144 5085 2376 5149 fatearis,
2404 5099 2502 5140 cur
2524 5083 2626 5139 hoe
2645 5084 2850 5153 negas?
2876 5086 2955 5138 An
2982 5083 3123 5154 quod
3148 5085 3226 5139 vis
3249 5086 3358 5139 tieri
3380 5095 3584 5155 potest,

1994 5177 2134 5248 quod
2162 5192 2266 5232 non
2288 5179 2368 5232 vis
2395 5192 2499 5232 non
2521 5177 2739 5246 potest?
2761 5176 3074 5231 Miser-eatur
3099 5177 3170 5230 tui
3195 5177 3356 5242 Deus,
3383 5187 3439 5232 ut
3461 5194 3586 5235 esse

1993 5270 2208 5324 desinas
2237 5285 2426 5324 vanus.
2456 5268 2606 5323 Hane
2641 5278 2831 5323 autem
2861 5269 3179 5322 sententiam
3225 5278 3366 5323 tuam
3415 5270 3585 5325 Mani-

1993 5359 2175 5414 chzeus
2204 5360 2432 5415 libenter
2455 5359 2823 5428 amplectitur,
2857 5367 3104 5428 tanquam
3136 5359 3361 5413 amicam
3389 5375 3538 5415 suam
3561 5401 3583 5428 ,

1991 5459 2048 5505 et
2071 5460 2473 5520 argumentatur
2510 5450 2620 5504 ita:
2663 5450 2718 5504 Si
2749 5465 2845 5519 per
2888 5465 3023 5519 opus
3075 5450 3166 5504 Dei
3209 5466 3343 5518 Opus
3386 5451 3586 5506 diaboli

1993 5544 2219 5598 transire
2247 5559 2350 5598 non
2391 5544 2616 5608 sinitur,
2647 5544 2814 5598 multo
2842 5543 3018 5598 minus
3060 5545 3112 5597 in
3140 5559 3302 5612 opere
3330 5543 3422 5598 Dei
3467 5545 3583 5598 exi-

1989 5644 2134 5692 stere
2161 5635 2353 5690 sinitur
2377 5651 2391 5690 :
2423 5633 2566 5691 unde
2590 5650 2720 5707 ergo
2747 5637 2943 5691 malum
2964 5679 2979 5704 ,
3011 5636 3110 5690 nisi
3143 5635 3284 5691 unde
3313 5648 3411 5689 nos
3443 5634 3583 5688 dici-

2055 5814 2080 5882 ι.
2106 5811 2254 5922 ιῗιιίιί,
2304 5810 2608 5876 perspicuam
2645 5819 2905 5874 natttrwn;
2957 5809 3356 5864 dissentientibus
3411 5819 3577 5856 mami-

2055 5887 2117 5922 rm
2142 5887 2198 5922 ιε.
3079 5882 3085 5888 '

1991 5882 2198 5938 scriptis.
3079 5882 3085 5888 '
