4124 6510
669 363 810 420 9503

665 481 828 537 mus?
855 478 961 536 Sed
988 476 1377 550 respondemus
1399 478 1481 533 eis
1503 494 1516 530 :
1553 475 1764 533 Juliano
1788 474 1947 530 dicite
1975 473 2074 528 ista
2097 513 2112 536 ,
2147 486 2254 526 non

664 572 840 626 nobis.
885 571 1138 639 Princeps
1181 567 1338 639 hujus
1382 567 1662 623 sententiae
1704 565 1900 621 missus
1942 573 2025 620 est
2069 564 2255 618 foras:

665 663 807 717 absit
848 671 905 717 ut
954 660 1262 731 prtejudicet
1304 659 1456 716 nobis
1497 657 1769 714 vobiscum
1812 653 2126 723 Vincendus,
2171 654 2259 711 vel

668 754 848 825 potius
874 751 1144 808 vobiscum
1167 751 1279 821 jam
1305 751 1475 806 victus
1501 763 1533 805 a
1563 748 1736 804 nobis.

723 841 929 898 LXIV.
957 841 1075 896 Jun.
1101 840 1232 896 Illud
1261 841 1436 911 itaque
1453 837 1594 895 aliud
1620 837 1688 893 de
1706 835 1893 894 eadem
1924 834 2250 892 hebetudine

673 934 958 1006 protulisti.
987 933 1081 990 Ais
1109 934 1250 988 enim
1269 949 1298 986 -:
1338 951 1357 986 ι
1391 931 1480 988 Sic
1515 941 1664 987 creat
1699 931 1839 986 Deus
1879 929 2074 997 malos,
2119 944 2257 1000 quo-

674 1028 838 1083 modo
870 1027 1038 1098 pascit
1056 1036 1108 1081 et
1133 1025 1296 1081 nutrit
1319 1023 1486 1079 malos
1518 1043 1537 1076 i
1565 1022 1667 1093 (De
1687 1020 1898 1092 Nuptiis
1939 1032 1986 1076 et
2007 1020 2262 1091 Concupi-

671 1120 884 1186 sccntia,
909 1103 1018 1174 .lib.
1046 1118 1102 1185 Ω,
1131 1136 1184 1172 u.
1221 1118 1335 1187 3'2),
1366 1117 1490 1188 quia
1537 1115 1793 1187 scriptum
1825 1124 1908 1170 est
1935 1113 1987 1169 in
2017 1113 2264 1185 Evange-

679 1210 773 1276 lia,
820 1210 965 1281 quod
1011 1210 1178 1266 solem
1223 1223 1378 1263 suum
1423 1207 1551 1262 oriri
1598 1206 1758 1264 faciat
1805 1221 1968 1276 super
1997 1205 2169 1260 bonos
2205 1212 2260 1260 et

677 1303 871 1368 malos,
911 1311 965 1356 et
997 1302 1148 1373 pluat
1177 1316 1338 1371 super
1379 1300 1554 1371 justas
1591 1309 1646 1355 et
1691 1299 1917 1369 iujustos
1958 1296 2170 1370 (Matth.
2204 1312 2258 1363 v,

675 1395 792 1466 45).
824 1394 1002 1466 Longe
1025 1393 1166 1450 enim
1189 1394 1397 1464 lateque
1415 1397 1735 1449 contrarium
1757 1401 1861 1456 est,
1889 1389 2031 1462 quod
2055 1402 2108 1445 tu
2128 1405 2262 1446 con-

671 1487 916 1556 junctum
939 1486 1150 1556 putasti.
1176 1485 1328 1554 Quod
1350 1485 1490 1542 enim
1525 1485 1691 1556 pascit
1714 1485 1854 1540 Deus
1880 1485 2042 1540 etiam
2069 1498 2261 1555 pecca-

676 1585 840 1641 tores,
870 1575 1233 1646 benignusque
1257 1585 1342 1632 est
1367 1589 1530 1648 super
1545 1575 1780 1647 ingratos
1804 1584 1860 1630 et
1884 1575 2074 1641 malos,
2095 1573 2264 1645 pieta-

674 1667 745 1721 tis
775 1675 856 1721 est
879 1666 996 1736 ejus
1038 1665 1418 1732 testimonium,
1450 1680 1556 1720 non
1607 1664 1954 1735 malignitatis
1984 1681 1999 1720 :
2025 1665 2115 1735 qui
2155 1678 2263 1719 non

671 1759 788 1812 vult
814 1757 1008 1826 quippe
1036 1765 1263 1813 mortem
1306 1757 1606 1822 morientis,
1637 1756 1733 1812 sed
1776 1765 1832 1812 ιιι
1886 1765 2187 1812 revertatur
2207 1766 2265 1812 et

668 1847 816 1903 vivat
846 1845 1062 1918 (Ezech.
1092 1863 1243 1915 xvtu,
1269 1847 1386 1918 32);
1419 1863 1518 1904 nec
1542 1849 1651 1904 cito
1668 1849 1822 1919 puuit
1849 1857 2092 1904 errantes
2117 1864 2132 1902 ε
2163 1862 2266 1903 nec

667 1938 742 1994 ob
764 1939 910 1995 aliud
942 1939 995 1995 id
1041 1939 1190 2006 facit,
1221 1956 1379 2011 quam
1427 1951 1485 1997 ut
1525 1941 1734 1996 bonitas
1771 1941 1888 2010 ejus
1940 1941 2265 2013 pmnitentia:

667 2040 880 2102 tempus
909 2031 1196 2103 indulgeat.
1225 2031 1314 2088 Sic
1337 2033 1481 2088 enim
1530 2035 1606 2088 ait
1635 2034 1928 2104 Apostolus
1961 2050 1975 2088 :
2009 2033 2088 2086 An
2113 2033 2266 2104 iguo-

664 2138 774 2188 ras,
801 2121 1043 2191 quoniam
1078 2121 1277 2178 bonitas
1301 2123 1396 2178 Dei
1423 2124 1493 2178 ad
1515 2125 1865 2194 pceuitcntiam
1913 2133 1962 2178 te
2005 2124 2214 2178 adducit
2237 2125 2265 2178 ?

667 2212 962 2268 Secundum
990 2222 1159 2269 autem
1195 2214 1436 2269 duritiam
1465 2224 1607 2270 tuam
1635 2226 1683 2270 et
1707 2232 1797 2272 cor
1841 2216 2160 2286 impaenitens
2209 2227 2264 2270 tu

666 2305 759 2358 tibi
781 2305 1096 2361 thesaurizas
1124 2306 1256 2361 iram
1307 2305 1484 2380 (Rom.
1517 2323 1578 2375 ll,
1602 2308 1661 2375 4,
1685 2308 1764 2379 5).
1806 2308 2051 2379 Disputat
2101 2308 2262 2364 etiam

610 2395 612 2397 ’
671 2395 816 2466 apud
853 2395 1130 2468 Lycaones
1162 2408 1217 2453 et
1248 2398 1621 2470 Areopagitas,
1661 2401 1914 2471 quoniam
1968 2401 2110 2456 Deus
2165 2417 2267 2458 nec

672 2486 1002 2556 temporibus
1040 2489 1324 2557 praeteritae
1375 2489 1712 2560 ignorantite,
1759 2491 2110 2562 providentiae
2151 2507 2265 2547 sua:

669 2576 992 2632 documenta
1037 2577 1385 2634 submoverit.
1421 2578 1599 2651 Neque
1643 2581 1777 2635 enim
1824 2581 1934 2636 sine
1981 2582 2264 2638 testimonio

669 2665 874 2737 reliquit
922 2668 1262 2739 semetipsum,
1293 2669 1443 2735 dans,
1469 2670 1662 2741 inquit,
1695 2671 1894 2741 pluvias
1917 2672 1982 2727 de
2023 2674 2170 2741 creto,
2217 2683 2266 2730 et

674 2767 903 2828 tempora
926 2761 1210 2829 fructifera,
1240 2761 1457 2832 impleus
1482 2761 1593 2817 cibo
1614 2773 1660 2818 et
1684 2763 1862 2818 latitia
1903 2765 2059 2820 corda
2087 2783 2265 2822 eorum

671 2847 813 2915 (Act.
842 2862 950 2915 xiv,
986 2849 1075 2915 15,
1105 2849 1218 2921 16).
1249 2849 1360 2907 Hoc
1386 2867 1516 2923 ergo
1551 2852 1696 2924 quod
1737 2854 1868 2923 pluit
1895 2869 2058 2926 super
2094 2855 2264 2913 bonos

669 2946 727 2991 et
751 2953 920 3008 super
946 2940 1136 3005 malos,
1187 2941 1566 2998 documentum
1612 2953 1697 3000 est
1734 2944 2078 3018 benignitatis
2122 2948 2261 3019 ejus,

671 3043 794 3098 qua:
823 3029 942 3085 ideo
969 3032 1196 3089 sustinet
1220 3043 1274 3090 et
1297 3044 1570 3106 exspeth
1601 3045 1842 3092 errantes
1860 3079 1877 3105 ,
1908 3047 1966 3093 ut
2013 3039 2266 3096 recedant

671 3119 888 3175 tandem
908 3135 938 3175 a
966 3122 1108 3179 malo
1134 3132 1191 3180 et
1217 3123 1415 3180 faciant
1437 3125 1657 3182 bonum.
1685 3125 1746 3182 lu
1768 3136 1973 3184 tantum
1995 3144 2126 3200 ergo
2153 3145 2261 3186 non

663 3211 782 3267 vult
809 3213 925 3268 fieri
949 3214 1172 3280 malum,
1201 3225 1260 3271 ut
1293 3231 1480 3273 amore
1522 3218 1683 3274 etiam
1737 3219 2132 3276 emendationis
2158 3221 2262 3278 liu-

669 3317 845 3358 ntanae
865 3314 1049 3374 pascat
1067 3307 1228 3362 etiam
1256 3306 1514 3378 ingratos.
1547 3308 1629 3366 Ad
1657 3309 1707 3364 id
1753 3310 2001 3381 perfecta:
2048 3312 2263 3382 pietatis

669 3393 929 3451 indicium
957 3414 971 3450 :
1003 3397 1131 3454 illud
1185 3415 1316 3456 vero
1357 3401 1501 3470 quod
1553 3401 1710 3467 dicis,
1755 3421 1775 3456 ‹
1801 3401 1961 3460 Great
2009 3407 2200 3474 malos,
2233 3424 2256 3460 ι

662 3487 919 3559 perfecta:
946 3489 1240 3561 iniquitatis
1269 3491 1638 3550 testimonium
1663 3503 1767 3551 est.
1795 3494 1926 3551 Vide
1953 3511 2082 3568 ergo
2100 3513 2259 3569 quam

667 3579 884 3636 nescias
906 3580 1034 3652 quid
1073 3581 1330 3654 loquaris,
1376 3585 1465 3654 qui
1503 3585 1573 3642 de
1596 3588 1844 3658 exemplo
1873 3588 2260 3646 misericordia

660 3670 878 3726 voluisti
905 3671 1274 3730 crudelitatem
1313 3675 1562 3746 probare.
1605 3677 1809 3733 Bonum
1855 3688 1940 3734 est
1989 3680 2132 3736 enim
2164 3695 2261 3752 pa-

661 3777 821 3832 scere
846 3763 1008 3817 etiam
1047 3765 1238 3832 malos,
1263 3765 1380 3823 utsi
1411 3767 1697 3836 voluerint,
1737 3769 2114 3842 corrigantur:
2142 3787 2261 3830 sce-

667 3853 866 3908 lestttm
893 3863 1078 3910 autem
1104 3856 1280 3913 facere
1306 3859 1558 3928 parvulos
1581 3861 1774 3927 malos,
1797 3870 1856 3916 ut
1883 3863 1974 3931 qui
1997 3863 2136 3919 velle
2151 3879 2258 3920 nou

663 3953 912 4015 possunt,
944 3944 1111 4015 iniqui
1139 3957 1319 4004 tamen
1347 3963 1469 4005 esse
1488 3962 1768 4021 cogantur.
1794 3952 2112 4011 Liberalitas
2128 3971 2259 4029 ergo

663 4035 720 4092 in
743 4043 1056 4105 peceatores
1080 4039 1313 4094 exemita
1339 4039 1555 4097 abducit
1577 4057 1610 4097 a
1650 4043 1827 4110 malis,
1867 4061 1976 4102 non
2014 4047 2066 4102 in
2118 4049 2256 4106 mala

661 4127 828 4196 cogit.
851 4123 1099 4183 Conditio
1121 4137 1301 4184 autem
1333 4130 1597 4189 malorum
1634 4149 1740 4189 non
1766 4134 1984 4192 abducit
2014 4152 2044 4192 a
2087 4139 2261 4210 pessi-

664 4219 800 4282 mis;
827 4217 923 4274 sed
940 4228 994 4273 et
1019 4233 1155 4289 opus
1180 4229 1235 4275 et
1248 4230 1587 4291 operatorem
1605 4227 1658 4280 in
1683 4225 1885 4283 nefaria
1895 4238 2084 4285 cuneta
2106 4245 2254 4286 com-

663 4309 834 4382 pellit.
861 4310 1069 4366 lnsanis
1107 4328 1236 4384 ergo
1269 4328 1393 4369 cum
1432 4313 1592 4384 dicis,
1631 4316 1793 4374 Creat
1818 4321 2018 4377 malum
2067 4321 2254 4380 Deus:

661 4401 762 4457 sed
790 4402 910 4472 plus
931 4403 1152 4469 insanis,
1194 4419 1316 4461 cum
1360 4404 1414 4460 id
1443 4406 1716 4478 Evangelii
1756 4411 2065 4468 testimonio
2109 4414 2258 4470 affir-

663 4506 815 4547 mare
837 4494 1069 4558 conaris,
1094 4505 1238 4550 eteo
1263 4496 1571 4552 testimonio
1597 4499 1650 4553 iu
1680 4515 1787 4570 quo
1811 4502 2017 4572 grande
2045 4513 2128 4560 est
2158 4520 2255 4560 ar-

657 4594 971 4654 gumentum
1002 4585 1254 4642 bonitatis
1291 4586 1512 4643 divinae.
1543 4588 1778 4647 Attende
1821 4594 2000 4664 igitur,
2055 4607 2256 4668 quanto

657 4689 803 4730 nunc
823 4673 1010 4730 fortius
1037 4675 1344 4733 reflectatur
1373 4695 1389 4734 :
1427 4678 1586 4747 Deus,
1613 4681 1702 4752 qui
1737 4685 1904 4752 pascit
1933 4685 2097 4741 etiam
2134 4701 2251 4742 ma-

652 4767 760 4834 los,
791 4775 847 4821 ut
877 4768 1127 4836 patientia
1177 4784 1273 4827 sua
1310 4770 1483 4827 bonos
1525 4787 1648 4830 esse
1691 4774 1871 4842 faciat,
1908 4777 2252 4835 manifestum

650 4867 738 4914 est
761 4858 904 4928 quod
925 4873 1030 4914 non
1054 4871 1201 4916 creet
1225 4861 1414 4918 malos.
1443 4862 1502 4919 Si
1524 4871 1704 4920 autem
1731 4877 1880 4922 creat
1917 4868 2113 4934 malos;
2151 4885 2253 4926 nec

650 4955 800 5002 amat
827 4963 925 5003 nec
953 4960 1327 5006 remuneratur
1355 4951 1544 5018 bonos,
1575 4969 1676 5011 nec
1699 4955 1815 5026 ipse
1843 4967 2120 5028 postremo
2149 4975 2253 5030 po-

654 5047 761 5092 test
785 5037 980 5095 habere
1007 5041 1206 5112 aliquid
1228 5043 1382 5111 boni;
1405 5046 1660 5116 quoniam
1679 5047 1867 5119 quavis
1897 5052 2035 5108 mala
2058 5052 2254 5108 volun-

653 5137 765 5184 tate
801 5129 1069 5189 efficacius
1095 5142 1150 5188 et
1194 5135 1480 5192 violentius
1509 5145 1670 5193 nocet
1711 5141 1946 5208 potentia
1987 5143 2245 5210 creatrix,

653 5235 761 5274 non
784 5219 954 5275 solum
983 5223 1339 5292 possibilium,
1363 5226 1462 5284 sed
1488 5228 1654 5283 etiam
1678 5231 2102 5289 necessariorum
2130 5249 2252 5288 ma-

654 5310 849 5364 lorum.
877 5311 1028 5380 Quod
1075 5313 1326 5382 quoniam
1355 5321 1467 5373 Deo
1513 5319 1942 5378 Christianorum
1987 5341 2094 5380 non
2117 5340 2248 5380 cou-

633 5400 819 5465 veuit,
851 5399 902 5455 id
929 5411 1031 5466 est,
1061 5402 1133 5457 illi
1175 5404 1264 5472 qui
1310 5405 1468 5463 Pater
1499 5409 1885 5469 misericordia
1919 5413 2140 5483 dicitur,
2191 5425 2248 5472 et

660 5491 807 5546 Deus
835 5492 1224 5547 consolationis
1246 5494 1309 5564 (ll
1331 5498 1448 5552 Cor.
1471 5515 1510 5567 ι,
1536 5501 1616 5573 3);
1646 5504 1798 5573 cujus
1835 5505 2034 5576 judicia
2064 5509 2242 5564 omnia

647 5583 873 5652 aequitas
895 5583 1258 5652 prmdieantur
1285 5585 1456 5654 (Psal.
1485 5606 1668 5660 cxvm,
1713 5594 1828 5668 75);
1853 5596 1944 5666 qui
1969 5607 2161 5654 cuncta
2188 5598 2243 5654 in

646 5672 903 5741 sapientia
930 5673 1122 5730 fecisse
1141 5671 1453 5743 perhibetur
1479 5681 1652 5755 (Psal.
1701 5699 1812 5748 Clll,
1841 5685 1958 5759 24);
1986 5688 2140 5743 vobis
2185 5697 2244 5743 ut

644 5763 944 5824 Ilanicbaeis
970 5782 1076 5825 non
1103 5775 1198 5825 eat
1222 5763 1274 5823 in
1299 5767 1390 5830 Dei
1413 5778 1579 5836 nostri
1608 5777 1966 5839 aestimatione
1992 5796 2235 5839 commu-

1337 357 1582 418 Ul’El’JS
1621 355 2030 414 IMPERFECTI
2069 352 2341 410 CONTRA
2382 352 2742 424 .IULIANL'M,
2783 354 2843 410 S.
2873 355 3238 416 AUGUSTINI

3780 377 3891 441 15η

2366 472 2456 526 nio
2482 489 2496 526 :
2523 473 2590 528 ad
2615 475 2630 506 ⁸
2659 475 2819 529 alium
2847 490 2942 531 vos
2981 477 3202 532 omnino
3241 492 3399 548 quem
3434 482 3614 542 colatis
3639 504 3891 570 auctorem,

2369 572 2544 620 tamen
2568 566 2734 622 Manis
2753 567 2934 624 furore
2965 569 3332 641 simulatum',
3372 573 3526 631 stulta
3565 592 3833 647 commenta
3852 566 3895 652 et

2369 656 2618 726 genitalia
2655 667 2868 716 traxere
2894 670 3131 730 peccata.

2439 749 2576 805 huc.
2600 749 2712 821 Ego
2740 748 2952 819 faciam,
3006 753 3147 824 quod
3173 762 3230 809 tu
3279 770 3375 812 cur
3412 773 3516 814 non
3563 761 3755 834 feceris,
3793 775 3894 842 quid

2369 853 2456 894 me
2475 840 2664 896 attinet
2701 851 2755 897 et
2780 841 3002 900 dicere?
3039 844 3140 912 Qui
3191 845 3374 917 legunt
3413 848 3646 919 judicent
3675 873 3688 910 :
3715 840 3896 932 propter

2368 931 2472 988 hoc
2493 932 2636 989 enim
2659 935 2780 1006 quia
2813 935 3049 1003 dixeras,
3079 956 3100 991 σ
3123 938 3268 1010 quod
3291 942 3580 1000 secundum
3609 931 3896 1012 sensumino-

2368 1033 2539 1081 strum
2563 1027 2706 1083 Deus
2733 1027 2978 1086 homines
3001 1031 3218 1088 diabolo
3257 1032 3435 1099 faciat,
3474 1054 3492 1089 ι
3527 1036 3711 1098 factum
3752 1055 3822 1103 est
3855 1061 3900 1106 ιιι

2369 1116 2436 1173 ad
2477 1119 2641 1176 verba
2681 1120 2781 1176 ista
2814 1123 3089 1178 veniretur
3125 1127 3472 1196 responsione
3499 1144 3634 1198 mea,
3660 1149 3722 1190 ex
3745 1138 3900 1207 quibus

2362 1210 2512 1284 quod
2539 1211 2750 1268 voluisti
2775 1213 2891 1285 ipse
2919 1214 3140 1285 posuisti
3170 1233 3182 1270 :
3212 1216 3308 1272 sed
3351 1233 3452 1289 ego
3471 1220 3627 1276 etiam
3655 1232 3703 1280 te
3724 1227 3900 1288 uolente

2369 1305 2822 1373 commemorabo,
2869 1307 3014 1377 quod
3070 1311 3497 1378 praetereundum
3539 1319 3742 1386 putasti.
3790 1321 3903 1379 Inter

2371 1405 2565 1451 caetera
2589 1412 2742 1469 ergo,
2772 1415 2894 1470 quae
2934 1400 3114 1456 omnia
3155 1401 3337 1460 dicere
3379 1405 3538 1462 nimis
3585 1407 3783 1481 longum
3810 1426 3900 1470 est:

2377 1504 2398 1539 ι
2432 1489 2511 1543 An
2532 1504 2682 1553 vero,
2714 1509 2734 1544 ι
2770 1490 3009 1561 inquam,
3041 1511 3061 1546 ι
3098 1492 3235 1549 filios
3272 1494 3586 1566 perditionis
3605 1499 3774 1558 bardos
3804 1507 3907 1561 sini-

2370 1589 2499 1636 stra:
2537 1582 2701 1651 partis
2721 1600 2740 1635 ι
2763 1581 2977 1653 (Matth.
2993 1600 3118 1651 xxv,
3137 1584 3287 1658 33),:
3306 1585 3520 1643 diabolo
3541 1591 3718 1660 pascit,
3734 1591 3906 1652 diabolo

2372 1670 2540 1726 nutrit
2573 1681 2629 1727 et
2665 1673 2848 1756 vestit,
2891 1674 3015 1745 quia
3049 1675 3175 1730 facit
3211 1676 3381 1732 solem
3434 1694 3587 1736 suum
3624 1682 3745 1738 oriri
3780 1699 3909 1756 super

2371 1761 2544 1818 bonos
2563 1771 2619 1818 et
2641 1751 2909 1832 malosIet
2939 1766 3072 1836 pluit
3089 1781 3254 1839 super
3267 1767 3443 1838 justos
3475 1779 3530 1826 et
3551 1771 3761 1842 injustos
3782 1793 3798 1826 ι
3819 1751 3907 1848 (lit.

2371 1871 2426 1921 v,
2450 1853 2569 1930 45)?
2590 1876 2608 1910 ‹
2643 1857 2733 1914 Sic
2753 1858 2933 1930 itaque
2955 1869 3101 1916 creat
3125 1861 3314 1930 malos,
3333 1864 3600 1934 quomodo
3610 1868 3913 1937 pascitetuu-

2372 1948 2464 2004 trit
2494 1949 2663 2005 malos
2687 1968 2701 2006 :
2725 1951 2850 2021 quia
2871 1951 3013 2023 quod
3039 1953 3121 2009 eis
3140 1955 3374 2010 creando
3402 1955 3604 2023 tribuit,
3647 1959 3714 2015 ad
3746 1971 3914 2019 natura:

2373 2041 2610 2112 pertinet
2657 2042 2988 2114 bonitatem,
3033 2056 3090 2103 et
3130 2046 3276 2118 quod
3333 2050 3414 2104 eis
3465 2051 3724 2120 pascendo
3756 2063 3806 2111 et
3834 2071 3915 2110 nu-

2375 2135 2588 2191 triendo
2615 2136 2710 2193 dat
2751 2140 3168 2210 incrementum,
3227 2157 3331 2196 non
3363 2142 3548 2216 utique
3596 2146 3797 2204 malitia:
3822 2148 3913 2205 illo.

2373 2242 2490 2282 rum
2511 2271 2528 2295 ,
2555 2229 2649 2285 sed
2671 2229 2846 2287 eidem
2880 2241 3104 2301 naturae,
3141 2249 3299 2305 quam
3325 2236 3531 2292 creavit
3554 2237 3738 2307 bonus,
3757 2241 3916 2297 bonum

2375 2319 2562 2375 tribuit
2588 2321 2974 2391 adjumentum.
3002 2323 3061 2379 ln
3097 2337 3355 2396 quantum
3379 2329 3524 2384 enim
3551 2329 3781 2386 homines
3798 2342 3916 2400 sunt,

2371 2409 2571 2466 bouum
2595 2421 2679 2468 est
2715 2424 2941 2482 naturai,
2989 2416 3144 2487 cujus
3158 2427 3343 2474 auctor
3365 2429 3451 2475 est
3493 2421 3634 2477 Deus
3667 2425 3754 2478 :in
3780 2439 3918 2494 quan-

2373 2509 2485 2556 tum
2512 2512 2690 2558 autem
2711 2519 2833 2560 cum
2861 2518 3081 2575 peccato
3117 2519 3429 2580 nascuntur,
3464 2513 3685 2582 perituri
3720 2515 3802 2584 qui
3835 2531 3916 2571 non

2372 2605 2745 2662 renascuntur,
2766 2596 2834 2652 ad
2855 2612 3040 2655 semen
3059 2601 3294 2671 pertinet
3317 2602 3663 2660 maledictum
3683 2604 3746 2662 ab
3758 2605 3882 2661 initio
3899 2626 3914 2660 ι

2373 2684 2529 2755 (Sap.
2546 2702 2639 2752 xit,
2663 2685 2778 2760 ll),
2803 2707 2823 2740 ι
2861 2689 3002 2745 illius
3027 2691 3261 2763 antiquae
3289 2692 3669 2751 inobedientize
3683 2697 3918 2767 vitio.Quo

2373 2786 2552 2834 tamen
2575 2779 2711 2836 bene
2737 2782 2902 2838 utitur
2929 2781 3100 2840 factor
3122 2788 3284 2841 etiam
3330 2803 3589 2845 vasorum
3627 2789 3738 2858 irae,
3774 2801 3824 2846 ut
3851 2806 3919 2848 no-

2374 2879 2456 2926 tas
2485 2871 2644 2928 faciat
2682 2873 2896 2932 divitias
2939 2892 3050 2932 sua:
3074 2879 3259 2949 gloria:
3303 2881 3357 2936 in
3399 2896 3533 2938 vasa
3565 2883 3917 2950 misericordia;

2372 2977 2440 3017 ne
2469 2964 2675 3019 meritis
2698 2967 2809 3021 suis
2832 2967 3049 3036 tribuat,
3068 2970 3113 3025 si
3141 2969 3207 3026 ad
3233 2972 3478 3028 eamdem
3498 2989 3724 3030 massam
3738 2977 3921 3048 quisque

2380 3055 2658 3124 pertinens
2681 3058 2850 3128 gratia
2879 3059 3156 3128 liberetur,
3204 3062 3299 3119 sed
3339 3066 3430 3136 qui
3455 3066 3732 3137 gloriatur,
3757 3069 3802 3123 in
3839 3067 3920 3122 Do-

2373 3148 2521 3202 mino
2544 3149 2807 3221 glorietur
2833 3171 2854 3205 s
2890 3152 3096 3226 (llCor.
3125 3172 3180 3222 x,
3215 3155 3325 3230 l7).
3374 3158 3474 3216 His
3521 3161 3678 3217 dictis
3700 3162 3791 3217 ista
3821 3161 3921 3218 sub-

2365 3237 2558 3307 juuxi:
2593 3258 2613 3292 ι
2641 3241 2725 3296 Ab
2769 3243 2872 3300 hac
2915 3245 3040 3314 fide,
3078 3265 3098 3301 ι
3130 3248 3369 3320 inquam,
3413 3270 3435 3305 ς
3467 3254 3760 3324 apostolica
3795 3264 3922 3326 atque

2367 3331 2650 3402 catholica,
2673 3336 3015 3393 voracissima
3036 3349 3089 3395 et
3117 3339 3514 3411 laudatissima,
3567 3360 3689 3403 cum
3720 3346 3921 3417 Pelagia-

2369 3425 2454 3480 nis
2482 3425 2584 3482 iste
2610 3426 2915 3497 discedens,
2946 3446 3054 3487 non
3081 3434 3195 3489 vult
3243 3447 3533 3494 nascentes
3560 3454 3684 3496 esse
3709 3439 3802 3496 sub
3836 3438 3924 3493 dia-

2366 3517 2515 3586 bolo,
2534 3533 2604 3575 ne
2631 3523 2834 3591 parvuli
2860 3532 3143 3595 portentur
3164 3525 3230 3580 ad
3258 3525 3640 3597 Christummt
3658 3539 3883 3587 eruantur
3900 3545 3923 3584 ι

2369 3621 2634 3683 potestate
2656 3615 3018 3684 tenebrarum,
3044 3628 3098 3675 et
3115 3620 3168 3676 in
3197 3634 3421 3692 regnum
3446 3623 3623 3692 ipsius
3644 3622 3925 3680 transferan-

2368 3713 2454 3760 tur
2475 3723 2495 3758 ι
2518 3705 2733 3778 (Coloss.
2751 3725 2790 3776 ι,
2805 3709 2915 3780 l3).
2935 3728 2955 3763 ι
2987 3711 3065 3767 Ac
3085 3713 3163 3768 sic
3197 3723 3410 3770 accusat
3439 3727 3560 3773 toto
3574 3717 3704 3774 orbe
3716 3717 3920 3773 dilfusatn

2369 3795 2683 3864 Ecclesiam,
2712 3799 2768 3854 in
2792 3816 2895 3872 qua
2925 3801 3118 3874 ubique
3153 3818 3341 3862 omnes
3359 3806 3677 3878 baptizandi
3721 3806 3924 3864 infantuli

2366 3906 2472 3946 non
2498 3891 2569 3947 ob
2613 3893 2756 3949 aliud
2803 3894 3173 3965 exsufflantur,
3200 3899 3301 3955 nisi
3352 3908 3415 3956 ut
3460 3901 3534 3958 ab
3584 3903 3668 3959 eis
3711 3903 3922 3973 princeps

2365 3982 2550 4038 mundi
2579 3985 2820 4041 mittatur
2841 3985 2983 4044 foras
3001 4007 3020 4042 ι
3039 3989 3218 4060 (Joau.
3251 4007 3344 4060 xu,
3370 3990 3503 4066 3l):
3529 4013 3552 4049 ς
3569 4010 3602 4050 a
3623 4010 3727 4066 quo
3743 4007 3924 4050 necesse

2364 4086 2446 4131 est
2479 4091 2607 4132 vasa
2636 4077 2731 4133 ira:
2757 4079 3150 4151 possideantur,
3175 4098 3299 4138 cum
3325 4099 3391 4140 ex
3437 4084 3618 4142 Adam
3653 4094 3922 4150 nascuntur,

2364 4166 2410 4221 si
2438 4167 2490 4222 iu
2515 4167 2728 4224 Christo
2748 4185 2853 4226 non
2889 4161 3256 4240 renascantur,
3283 4175 3415 4231 etin
3446 4177 3574 4248 ejus
3602 4193 3814 4250 regnum
3851 4189 3926 4248 per

2362 4260 2585 4327 gratiam
2613 4261 2745 4317 facta
2783 4279 2908 4319 vasa
2958 4265 3338 4323 misericordia:
3379 4271 3771 4328 transferantur
3799 4288 3816 4324 ι
3841 4267 3923 4338 (οε

2365 4347 2596 4420 Nuptiis,
2629 4351 2717 4407 lib.
2761 4353 2819 4421 2,
2851 4371 2942 4410 ms.
2973 4355 3064 4422 32,
3109 4357 3200 4429 33)
3234 4377 3248 4415 :
3295 4367 3349 4415 et
3383 4371 3592 4418 caetera
3627 4378 3745 4435 qua:
3769 4361 3831 4416 ibi
3867 4361 3925 4415 le-

2363 4450 2470 4512 gat,
2498 4443 2578 4498 vel
2602 4443 2864 4516 legentem
2890 4448 3092 4516 audiat,
3114 4451 3204 4520 qui
3232 4451 3342 4506 vult
3361 4463 3415 4522 et
3429 4463 3636 4524 potest.
3659 4453 3802 4510 Nune
3821 4465 3921 4521 ergo

2362 4531 2484 4602 quia
2516 4533 2598 4589 his
2650 4535 2872 4604 relictis,
2904 4538 3097 4608 quibus
3141 4555 3204 4596 ea
3230 4556 3349 4611 qum
3384 4544 3620 4614 posuisti
3651 4550 3924 4600 astruuntur

2359 4632 2518 4694 atque
2568 4625 2911 4694 muniuntur,
2966 4629 3045 4685 sic
3094 4630 3180 4684 illa
3226 4633 3420 4701 putasti
3447 4648 3577 4690 esse
3606 4632 3856 4705 ponenda,
3877 4638 3920 4685 ιιι

2363 4723 2616 4785 tanquam
2643 4717 2698 4772 in
2725 4719 3011 4776 solitudine
3039 4720 3365 4778 defendente
3398 4723 3552 4779 nullo
3580 4725 3924 4780 latrocinanter

2360 4807 2676 4875 iuvaderes;
2720 4809 2899 4880 legant
2923 4811 3041 4868 lucc
3070 4813 3160 4883 qui
3181 4815 3369 4869 volunt
3409 4815 3557 4872 scire
3604 4815 3732 4887 quid
3760 4813 3921 4884 egeris.

2359 4899 2440 4955 vel
2469 4900 2643 4970 potius
2670 4899 2740 4955 ad
2782 4901 3022 4970 ejusdem
3064 4903 3185 4959 libri
3227 4903 3727 4962 considerationem
3776 4916 3924 4960 recur-

2357 5001 2497 5060 rant,
2526 4993 2667 5049 unde
2697 4993 2793 5048 ista
2825 4994 3060 5065 reposui,
3089 5004 3144 5051 et
3173 4996 3388 5053 videant
3413 5013 3476 5052 ea
3510 5012 3738 5054 manere
3757 4995 3922 5051 firmis-

2356 5085 2510 5152 sima,
2539 5102 2659 5157 quae
2701 5087 2847 5143 velut
2898 5088 3109 5159 infirma
3153 5089 3478 5147 labefactare
3521 5093 3770 5149 tentasti.
3813 5085 3923 5158 Quid

2356 5176 2518 5249 igitur
2571 5188 2626 5236 te
2666 5179 2903 5251 adjuvat,
2956 5181 3100 5253 quod
3153 5198 3248 5238 eos
3317 5183 3451 5239 mihi
3505 5183 3779 5256 obiecisti,
3815 5193 3923 5253 quos

2355 5282 2631 5342 exspectat
2659 5274 2753 5330 Dei
2783 5275 3038 5346 patientia
3066 5291 3161 5346 per
3179 5277 3556 5347 paenitentiam
3583 5274 3924 5349 corrigendo»

2353 5370 2408 5418 et
2433 5362 2552 5419 ideo
2566 5379 2728 5434 super
2748 5379 2842 5421 eos
2870 5367 2998 5421 oriri
3025 5367 3193 5422 solem
3212 5382 3367 5423 suum
3391 5367 3516 5423 facit
3547 5379 3607 5426 et
3631 5370 3766 5440 pluit
3792 5377 3922 5422 :cum

2352 5468 2452 5524 ego
2474 5455 2567 5510 tibi
2597 5454 2781 5513 luedos
2811 5456 3041 5514 sinistra:
3069 5459 3236 5530 partis
3254 5457 3573 5529 obiecerim,
3607 5473 3750 5532 quos
3775 5467 3922 5527 usque

2416 5607 2434 5686 ἶ
2468 5607 2875 5686 ξ’ἓῖἕὲθιέξέφνίιέεξε
2902 5624 2968 5686 εξ
2992 5618 3095 5683 διεδ·
3120 5611 3399 5686 “diem”.
3436 5679 3448 5686 .
3604 5675 3660 5686 ..
3763 5674 3774 5686 .

2413 5671 2434 5702 ²
2467 5670 2601 5744 sunt,
2627 5673 3114 5744 tamen__(vignierius,
3140 5692 3163 5720 α
3177 5670 3414 5744 Fortasse,
3431 5679 3552 5744 taret:
3566 5675 3625 5737 ν)
3641 5674 3774 5744 inani
3790 5673 3928 5744 (erat!

2347 5729 2682 5801 s-‘tinuttutum._
2707 5729 3020 5801 Melius'stss.
3043 5771 3058 5798 ,
3083 5729 3242 5788 tamen
3281 5729 3431 5789 Manis
3469 5737 3548 5800 (id
3573 5729 3659 5790 ἀι
3691 5729 3928 5790 Incidit”

2351 5796 2514 5856 furore
2537 5793 2830 5846 simulatum.
