4124 6542
246 395 384 455 1Γίθὸ

246 515 302 569 in
330 514 489 567 linem
515 508 630 564 sine
657 503 969 577 pmnitentia
988 501 1225 558 victuros
1255 499 1307 555 in
1332 496 1604 568 impietate
1631 502 1687 549 et
1711 508 1827 548 sce-

246 602 444 660 leribus
469 601 600 663 suis,
629 613 692 654 ac
736 613 828 667 per
854 595 957 650 hoc
986 602 1188 650 aeterno
1218 589 1480 661 supplicio
1507 584 1829 658 puniendos,

249 694 494 765 ignorare
528 704 632 746 non
687 695 863 759 potest
909 684 1162 757 prmscius
1207 682 1447 737 omnium
1494 673 1832 733 futurorum?

248 787 358 843 Nec
384 786 453 842 ab
479 784 560 840 eis
578 782 810 839 abstinet
831 780 1029 835 bonum
1057 774 1346 833 creationis
1366 788 1498 837 sum,
1517 770 1710 842 quibus
1730 781 1831 824 nec

252 879 397 935 nasci
424 876 731 947 expediret;
776 888 873 928 nec
918 872 1114 927 bonum
1156 866 1459 924 nutritionis
1502 872 1559 920 et
1598 862 1835 917 viviﬁca-

253 973 413 1029 tionis
438 986 570 1035 suae,
612 976 866 1039 quantum
895 965 944 1020 ei
993 964 1273 1035 placuerit,
1321 960 1608 1022 diuturnae,
1645 954 1837 1027 quibus

253 1065 391 1121 mori
444 1063 761 1136 quantocius
804 1057 1122 1129 expediret:
1154 1056 1293 1110 inter
1335 1067 1470 1123 quos
1523 1057 1648 1104 sunt
1690 1054 1838 1102 certe

253 1155 490 1229 plurimi,
519 1154 608 1225 qui
635 1153 679 1208 si
708 1168 774 1208 ex
805 1152 905 1205 hac
934 1150 1039 1205 vita
1068 1148 1441 1217 abriperentur
1469 1140 1719 1205 infantes,
1749 1152 1839 1229 se-

254 1228 488 1304 cundum
518 1245 701 1299 falsam
743 1250 974 1297 vestram
1015 1238 1283 1299 hazrcsi‘m,
1313 1234 1523 1306 penitus
1551 1231 1620 1285 ab
1658 1228 1836 1292 omni;

253 1341 546 1402 secundum
603 1347 780 1394 autem
823 1334 1140 1391 catholicam
1188 1331 1369 1395 tidem,
1416 1343 1446 1381 a
1498 1322 1841 1381 damnatione

252 1428 565 1506 gravissima
595 1431 928 1485 tollerentur.
957 1423 1094 1493 Quid
1133 1419 1328 1478 deinde
1368 1416 1498 1474 illud
1543 1424 1647 1481 est,
1697 1410 1839 1483 quod

255 1529 312 1584 in
335 1527 421 1582 his
447 1525 677 1581 sinistm
709 1521 874 1593 partis
906 1517 1092 1581 hmdis,
1122 1515 1173 1569 in
1204 1512 1297 1569 Dei
1325 1507 1684 1585 prsescientia,
1716 1520 1837 1575 qua:

255 1619 370 1675 falli
404 1634 507 1675 non
537 1623 737 1687 potest,
766 1612 874 1685 igni
905 1618 1163 1682 perpetuo
1188 1604 1489 1665 destinatis,
1523 1599 1672 1656 multi
1718 1604 1843 1651 sunt

254 1713 347 1785 qui
369 1712 581 1768 lavacro
608 1704 1028 1779 regenerationis
1043 1700 1229 1766 abluti,
1256 1707 1441 1768 postea
1460 1694 1540 1749 vel
1572 1690 1843 1761 apostasia

262 1811 512 1877 pereunt,
568 1801 651 1857 vel
708 1809 814 1855 tam
882 1796 1182 1853 facinorose
1242 1790 1604 1861 ﬂagitioseque
1638 1785 1842 1885 vivunt,

255 1906 316 1953 ut
336 1894 508 1952 eidem
530 1893 759 1948 sinistrse
785 1890 902 1945 sine
924 1887 1087 1943 dubio
1113 1885 1460 1955 deputentur;
1485 1891 1584 1932 nec
1630 1889 1847 1944 rapiun-

254 1998 366 2055 tur,
416 1986 552 2041 sicut
603 1982 841 2055 quidam,
910 1994 978 2034 ne
1027 1975 1224 2032 malitia
1297 1978 1469 2027 mutet
1519 1966 1844 2039 intellectum

257 2093 447 2135 eorum
471 2075 626 2148 (Sep.
656 2088 733 2139 tv,
759 2069 875 2142 ll)?
901 2069 1087 2139 Neque
1113 2074 1171 2121 ut
1203 2065 1303 2119 hoc
1323 2063 1404 2117 eis
1430 2060 1569 2115 Deus
1600 2066 1706 2111 tam
1735 2068 1847 2108 ma-

257 2185 425 2242 gnum
458 2165 773 2223 beneficium
803 2177 907 2217 non
934 2159 1196 2221 conferat,
1216 2155 1359 2210 fatali
1382 2149 1699 2208 necessitate
1725 2162 1848 2217 pro-

263 2258 513 2323 hibetur;
539 2269 711 2326 neque
743 2261 801 2308 ut
842 2251 961 2306 aliis
986 2248 1248 2312 conferat,
1291 2256 1640 2316 personarum
1687 2251 1846 2292 acce-

256 2350 446 2422 ptione
473 2354 728 2403 mutatur.
751 2342 889 2411 Quid
916 2341 1004 2397 hic
1028 2341 1226 2395 faciunt
1251 2337 1338 2393 illa
1374 2344 1462 2390 tua
1498 2330 1766 2422 possibilia
1793 2336 1850 2383 et

253 2419 581 2503 hecessaria,
611 2452 728 2508 quas
757 2434 1048 2505 diligenter
1084 2425 1455 2499 distinguenda
1481 2419 1847 2486 commendas,

253 2531 353 2588 ubi
401 2539 454 2587 te
477 2530 751 2586 nesciente
776 2526 903 2598 quid
932 2523 1191 2596 loquaris,
1220 2519 1367 2576 novit
1395 2518 1487 2574 ille
1530 2514 1656 2588 quid
1706 2520 1847 2585 agat,

252 2623 414 2695 cujus
439 2621 645 2678 occulta
670 2627 894 2692 possunt
914 2633 1033 2674 esse
1064 2615 1290 2687 judicia,
1321 2611 1519 2681 injusta
1574 2624 1682 2664 non
1719 2622 1849 2678 pos-

253 2716 425 2771 sunt?
452 2714 567 2770 Non
593 2721 677 2769 est
720 2712 880 2784 igitur
921 2710 1177 2780 injustum
1235 2714 1293 2761 ut
1328 2705 1467 2761 bona
1504 2700 1852 2759 conferantur

258 2806 422 2862 malis
450 2823 465 2862 :
488 2804 582 2860 sed
605 2803 857 2873 injustum
877 2810 961 2857 est
985 2809 1043 2855 ut
1068 2798 1207 2854 mala
1232 2793 1728 2867 ingeranturhonis.
1757 2792 1853 2846 Dic

257 2916 396 2971 ergo
420 2913 523 2969 qua
546 2897 751 2966 justitia
778 2893 982 2963 parvuli
1019 2901 1164 2945 tanta
1208 2889 1347 2944 mala
1395 2888 1662 2957 patiantur
1689 2901 1704 2939 :
1731 2899 1853 2956 qua:

228 3050 231 3051 ν
257 2998 414 3063 'sazpe
442 3000 878 3046 commemorare
904 2998 1004 3038 nos
1032 2983 1202 3052 piget;
1230 2994 1328 3034 vos
1351 2993 1478 3034 vero
1507 2976 1692 3031 eadem
1715 2975 1853 3030 mala

254 3082 538 3155 paradiso,
588 3077 797 3134 etiamsi
848 3090 1007 3130 nemo
1048 3078 1344 3145 peccasset,
1397 3069 1686 3139 importare
1747 3081 1855 3120 non

260 3172 451 3245 pudet.
502 3168 661 3225 «Non
725 3177 996 3233 creantur,
1022 3183 1042 3218 ι
1100 3173 1161 3219 ut
1211 3161 1368 3227 dicis,
1447 3178 1466 3212 ι
1497 3159 1643 3225 mali,
1682 3176 1701 3211 ι
1754 3156 1856 3212 hoc

256 3273 373 3332 est,
400 3262 674 3319 trahentes
698 3258 935 3331 orginale
972 3264 1285 3328 peccatum:
1319 3268 1421 3324 qua
1466 3249 1625 3322 igitur
1654 3250 1670 3282 ³
1697 3248 1850 3320 justi-

260 3356 340 3412 tia
368 3361 686 3426 premuntur
708 3350 854 3421 gravi
880 3349 1010 3419 jugo
1038 3364 1066 3400 a
1091 3346 1179 3402 die
1202 3344 1377 3402 exitus
1412 3343 1482 3399 de
1504 3350 1690 3398 ventre
1743 3356 1857 3396 ma-

264 3447 367 3503 tris
410 3460 597 3501 eorum
628 3440 815 3513 (Eccli.
841 3454 928 3505 χι,
958 3437 1040 3510 l)?
1061 3437 1118 3493 ln
1143 3452 1252 3508 quo
1286 3435 1416 3506 jugo
1454 3442 1597 3489 tanta
1640 3431 1857 3487 miseria

264 3545 373 3603 est,
392 3545 451 3592 ut
474 3549 592 3598 eam
623 3532 829 3589 facilius
854 3530 1157 3601 deplorare,
1185 3542 1344 3598 quam
1374 3523 1650 3595 explicare
1689 3524 1861 3595 possi-

270 3645 413 3685 mus.
439 3628 718 3683 Peccatum
749 3641 779 3679 a
809 3621 1049 3694 possibili
1080 3621 1133 3676 in
1161 3617 1547 3682 necessarium,
1578 3616 1679 3671 hoc
1706 3624 1806 3682 est,
1826 3631 1857 3670 a

276 3720 581 3776 voluntario
607 3719 659 3773 in
690 3733 799 3773 non
823 3715 1205 3780 voluntarium,
1232 3712 1367 3766 dicis
1389 3726 1495 3765 non
1545 3724 1705 3780 posse
1751 3725 1861 3763 mn-

273 3816 405 3881 tari;
425 3811 567 3884 quod
596 3810 832 3883 potuisse
867 3807 1197 3863 ostendimus
1223 3807 1273 3859 in
1304 3819 1368 3859 eo
1399 3804 1489 3875 qui
1515 3802 1663 3869 dicit,
1712 3801 1861 3870 Quod

272 3906 392 3962 nolo
413 3905 623 3967 malum,
652 3902 745 3957 hoc
774 3917 870 3973 ago
905 3898 1079 3972 (Rom.
1106 3912 1201 3961 vn,
1231 3896 1345 3965 l9).
1373 3895 1487 3950 Hoc
1519 3909 1610 3949 vos
1640 3908 1862 3949 consue-

276 3998 475 4055 tudinis
500 3995 765 4051 violentiaa
786 3991 1039 4054 tribuitis,
1060 4006 1167 4045 non
1195 3988 1395 4043 vitiata:
1432 3986 1655 4057 originis
1674 3986 1859 4041 vincu-

275 4091 677 4161 liszpeccatum
706 4095 882 4140 tamen
908 4098 939 4138 a
975 4070 1215 4153 possibili
1262 4080 1314 4133 in
1355 4077 1718 4134 necessarium
1763 4093 1862 4148 po-

276 4184 442 4237 tuisse
479 4177 717 4235 converti
764 4175 993 4239 videtis;
1024 4186 1124 4228 nec
1171 4170 1240 4226 de
1284 4168 1481 4225 vestris
1522 4167 1765 4223 distortis
1811 4175 1866 4222 et

277 4272 553 4329 fallacibus
580 4270 780 4343 regulis
804 4266 1141 4325 erubescitis.
1198 4263 1327 4319 Tale
1366 4261 1567 4332 aliquid
1615 4262 1866 4317 universo

276 4367 459 4438 generi
490 4365 724 4421 humano
769 4378 864 4433 per
888 4375 1050 4417 unum
1090 4357 1382 4421 hominem,
1437 4355 1491 4409 in
1526 4371 1631 4425 quo
1678 4369 1867 4410 omnes

278 4457 515 4523 fuerunt,
544 4455 788 4511 accidere
819 4452 1057 4523 potuisse
1084 4465 1191 4504 non
1238 4447 1430 4501 vultis:
1458 4455 1515 4500 et
1541 4455 1717 4501 tamen
1766 4445 1867 4501 sub

277 4544 783 4619 omnipotentissimi
810 4552 865 4601 et
884 4541 1165 4614 justissimi
1193 4542 1214 4571 ²
1246 4540 1334 4594 Dei
1362 4553 1493 4594 cura
1513 4549 1588 4593 tot
1612 4553 1677 4594 ac
1697 4546 1869 4592 tantas

280 4657 473 4715 pcnas
491 4640 721 4696 infantes
738 4636 975 4708 pendere
998 4649 1103 4688 non
1143 4633 1389 4703 negatis;
1429 4630 1680 4701 quoniam
1717 4628 1869 4682 vobis

278 4750 378 4791 ora
398 4732 673 4797 claudunt,
722 4738 778 4785 et
814 4727 1003 4783 oculos
1041 4725 1261 4791 feriunt,
1310 4723 1359 4778 si
1403 4721 1632 4793 negetis.
1679 4719 1871 4774 Nonne

278 4840 414 4898 ergo
465 4822 775 4888 attenditis,
832 4833 993 4891 quem
1058 4816 1263 4872 faciatis
1305 4814 1582 4884 iniustum,
1640 4826 1870 4868 cernen-

280 4928 368 4975 tes
393 4913 822 4973 evidentissimas
841 4925 1028 4981 poenas
1051 4916 1106 4963 et
1122 4914 1377 4976 negantes
1392 4903 1497 4959 ulla
1522 4901 1659 4958 mala
1681 4901 1869 4957 merita

280 5005 660 5082 parvulorum?
682 5002 896 5060 Falsum
922 5016 985 5057 ac
1004 5000 1281 5070 profanum
1304 4997 1397 5052 tibi
1419 4996 1591 5050 visum
1607 5003 1710 5062 est,
1727 4992 1869 5064 quod

279 5116 388 5172 ego
418 5098 563 5163 dixi,
597 5115 615 5149 ι
650 5094 796 5166 Opus
827 5094 1007 5163 operis
1036 5091 1129 5146 Dei
1161 5088 1368 5144 transiit
1397 5103 1495 5157 per
1517 5101 1653 5157 opus
1688 5084 1801 5140 Dei.
1845 5101 1866 5136 ι

280 5192 419 5261 Quia
459 5190 641 5260 utique
677 5184 900 5257 angelus
938 5197 1074 5254 Opus
1110 5191 1197 5238 est
1236 5180 1350 5235 Dei.
1396 5178 1677 5234 Peccatum
1720 5191 1870 5247 ergo,

280 5281 429 5356 quod
457 5292 543 5337 est
569 5294 705 5350 Opus
728 5276 921 5347 angeli,
951 5288 1089 5345 opus
1116 5282 1197 5329 est
1222 5271 1400 5342 Operis
1431 5269 1545 5333 Dei,
1575 5284 1678 5323 non
1707 5268 1873 5338 ipsius

284 5374 407 5432 Dei.
437 5373 506 5428 Et
540 5370 607 5427 de
645 5370 729 5425 his
765 5366 944 5423 verbis
969 5366 1042 5420 ita
1067 5379 1154 5419 me
1178 5362 1354 5433 arguis
1377 5401 1394 5429 ,
1423 5359 1576 5431 quasi
1604 5360 1828 5416 dixerim
1853 5400 1870 5425 ,

288 5485 312 5520 ι
361 5465 553 5521 Peccat
587 5470 643 5519 et
680 5461 825 5517 Deus
855 5500 870 5525 ,
910 5456 1034 5529 quia
1084 5454 1321 5525 peccavit
1360 5453 1520 5508 homo
1556 5467 1712 5523 quem
1752 5451 1875 5506 fecit

286 5562 431 5618 Deus
473 5575 486 5611 :
525 5574 545 5610 ι
579 5553 723 5628 quod
761 5567 861 5624 ego
902 5565 1010 5606 non
1048 5548 1179 5611 dixi.
1202 5546 1467 5602 Peccavit
1508 5546 1704 5616 quippe
1741 5558 1875 5615 opus

352 5735 373 5801 ξ
404 5731 544 5801 rem.
567 5727 691 5801 οεηά
719 5728 889 5801 uitat:
909 5691 1673 5801 easieststéiﬂaﬂsesﬁsﬂs:

352 5796 377 5828 ⁸
407 5783 700 5857 viguierius,
723 5783 1059 5854 samum:
1080 5783 1366 5834 mentiatur
1385 5783 1672 5830 auctoritate
1709 5790 1876 5830 manu-

291 5857 598 5921 scriptorum.

1582 376 1782 435 LIBER
1820 374 2133 445 QUINTUS.
2382 412 2405 439 ι

3390 384 3528 441 i506

1943 493 2034 549 Dei
2059 536 2074 561 ,
2106 492 2161 549 id
2185 502 2266 549 est
2291 492 2530 564 angelus,
2558 495 2640 551 vel
2670 494 2860 562 homo;
2887 496 2981 553 sed
3006 511 3171 567 opere
3200 512 3297 554 suo
3326 514 3518 569 pecca-

1940 594 2133 640 verunt
2153 625 2169 647 ,
2213 601 2319 641 non
2344 600 2508 658 opere
2539 585 2630 642 Dei
2663 605 2678 642 :
2706 589 2804 658 ipsi
2832 598 2957 644 sunt
2991 589 3135 645 enim
3164 590 3359 645 bonum
3390 605 3527 661 Opus

1942 675 2070 741 Dei;
2094 685 2371 747 peccatum
2393 693 2521 732 vero
2548 693 2733 733 eorum
2756 680 2951 734 malum
2983 695 3117 750 Opus
3143 682 3379 751 ipsorum
3407 690 3488 737 εει
3509 722 3525 747 ,

1942 783 2047 822 non
2075 767 2189 823 Dei.
2217 767 2323 824 Sed
2343 768 2470 838 quid
2500 778 2583 825 est
2610 770 2761 840 pejus
2785 770 2985 839 dicere,
3021 790 3041 824 ι
3073 772 3261 828 Peccat
3281 782 3334 828 et
3365 773 3526 840 Deus,

1942 859 2065 928 quia
2094 859 2334 929 peccavit
2359 858 2521 915 homo
2545 875 2705 930 quem
2738 860 2862 916 fecit
2888 862 3056 928 Deus;
3086 880 3106 915 ι
3132 864 3274 933 quod
3301 878 3402 933 ego
3422 879 3530 918 non

1942 949 2050 1005 dixi
2081 969 2095 1006 ε
2123 968 2189 1005 an
2211 950 2284 1006 ita
2314 967 2509 1022 negare
2537 951 2791 1023 originale
2814 964 3111 1023 peccatum,
3136 963 3193 1009 ut
3219 970 3375 1025 poma
3407 971 3529 1024 par-

1944 1044 2051 1098 vuli
2088 1042 2281 1114 iniusta
2314 1044 2445 1098 nihil
2473 1044 2544 1099 sit
2562 1045 2703 1100 aliud
2729 1060 2887 1115 quam
2918 1054 3195 1116 peceatum
3221 1047 3347 1101 Dei?
3377 1046 3531 1115 Quod

1944 1132 1989 1187 si
2012 1133 2065 1187 in
2088 1133 2253 1187 Deum
2273 1132 2464 1189 cadere
2484 1149 2589 1188 non
2615 1143 2816 1205 potest,
2833 1137 2976 1204 justa
2998 1151 3124 1207 ergo
3146 1138 3350 1208 parvuli
3377 1152 3533 1206 paena

1944 1232 2027 1279 est
2059 1241 2073 1277 :
2101 1224 2146 1279 si
2169 1233 2347 1279 autem
2379 1224 2522 1295 justa
2544 1234 2648 1289 est,
2679 1241 2778 1297 pro
2804 1237 3024 1296 peccato
3050 1237 3153 1282 est.
3181 1227 3347 1283 Nemo
3376 1229 3536 1299 igitur

1946 1322 2122 1384 potest
2156 1315 2209 1370 in
2248 1323 2326 1370 tot
2358 1317 2623 1388 tantisque
2652 1317 2828 1387 poenis
2865 1319 3203 1388 parvulorum
3244 1320 3537 1390 pnedicare

1950 1407 2114 1463 Deum
2138 1408 2339 1479 justum
2360 1450 2379 1478 ,
2410 1424 2610 1480 negans
2633 1411 2890 1481 originale
2915 1422 3213 1483 peccatum.
3246 1414 3402 1469 Esset
3431 1414 3536 1469 ita-

1946 1514 2051 1569 que
2069 1540 2085 1565 ,
2119 1498 2290 1569 inquit
2312 1500 2329 1532 ⁸
2350 1540 2368 1567 ,
2398 1500 2693 1571 iniquitatis
2722 1503 3082 1558 testimonium
3108 1519 3292 1560 creare
3322 1506 3491 1562 malos
3514 1546 3532 1573 ,

1947 1589 1992 1643 si
2015 1590 2209 1644 malum
2231 1604 2339 1660 quo
2365 1590 2488 1645 mali
2512 1600 2655 1658 sunt,
2680 1591 2793 1662 ipse
2813 1594 3104 1649 creavisset
3131 1612 3145 1649 :
3170 1609 3311 1650 nunc
3330 1605 3533 1663 autem,

1946 1693 2069 1734 eum
2097 1678 2342 1736 homines
2372 1680 2497 1735 mali
2524 1681 2647 1747 sint,
2672 1692 2726 1737 ct
2746 1682 2851 1738 hoc
2876 1694 3023 1739 creet
3043 1685 3158 1754 ipse
3185 1686 3328 1755 quod
3359 1686 3536 1742 homi-

1949 1785 2046 1826 nes
2070 1778 2224 1838 sunt,
2254 1780 2507 1841 sequatur
2539 1780 2718 1828 autem
2762 1788 2856 1829 eos
2893 1773 2962 1828 de
3001 1775 3181 1830 vitiata
3223 1787 3410 1831 natura
3443 1792 3539 1847 per

1950 1873 2225 1934 peceatum
2251 1862 2393 1934 quod
2420 1864 2542 1919 mali
2571 1873 2729 1931 sunt;
2761 1866 3003 1936 profecto
3026 1869 3189 1923 etiam
3212 1884 3332 1923 cum
3367 1870 3536 1925 malos
3631 1928 3634 1931 ν

1951 1963 2119 2021 creat,
2151 1954 2348 2009 bonum
2372 1964 2455 2010 est
2482 1956 2594 2025 ipse
2616 1956 2757 2027 quod
2777 1966 2959 2025 creat;
2986 1960 3239 2029 quoniam
3262 1960 3384 2014 mali
3412 1970 3538 2016 sunt

1953 2045 2081 2100 vitio
2104 2045 2247 2116 quod
2275 2047 2417 2101 nulla
2450 2058 2635 2104 natura
2663 2059 2779 2115 est,
2806 2062 2954 2107 creat
2984 2068 3110 2107 vero
3138 2052 3253 2123 ipse
3293 2064 3536 2109 naturam

1951 2150 2070 2206 qure
2088 2136 2269 2191 vitium
2285 2152 2392 2193 non
2415 2147 2518 2206 est,
2536 2139 2635 2195 etsi
2657 2140 2836 2195 vitiata
2865 2150 2967 2197 est.
2990 2142 3210 2199 Taleest
3232 2153 3409 2201 autem
3439 2146 3539 2200 tri-

1952 2227 2117 2284 buere
2166 2229 2453 2285 creationis
2480 2230 2502 2263 ³
2554 2231 2751 2287 bonum
2776 2233 2928 2303 stirpi
2962 2234 3159 2290 vitiata:
3198 2243 3253 2290 et
3282 2235 3403 2305 jure
3436 2235 3539 2291 da-

1952 2330 2168 2385 mnatae,
2198 2321 2354 2392 quale
2376 2329 2458 2378 est
2481 2322 2643 2379 etiam
2669 2323 2872 2379 homini
2903 2326 3043 2381 malo
3069 2326 3304 2382 tribuere
3329 2328 3449 2383 vita:
3473 2344 3539 2384 ac

1952 2413 2141 2468 salutis
2169 2412 2364 2468 bonum
2381 2455 2397 2480 ,
2432 2423 2651 2485 propter
2678 2416 2820 2486 quod
2846 2415 3009 2472 homo
3033 2426 3116 2472 est
3133 2458 3148 2482 ,
3187 2434 3293 2473 non
3324 2429 3543 2489 propter

1953 2501 2093 2573 quod
2125 2504 2295 2558 malus
2322 2513 2422 2560 est.
2450 2504 2602 2573 Quod
2644 2515 2824 2561 autem
2868 2506 3004 2561 dicis
3040 2522 3161 2564 esse
3194 2526 3214 2559 ε
3253 2510 3542 2566 scelestum

1955 2594 2130 2649 facere
2156 2595 2405 2667 parvulos
2432 2595 2624 2664 malos,
2652 2606 2709 2651 ut
2731 2597 2821 2667 qui
2847 2597 2986 2653 velle
3020 2614 3129 2653 non
3158 2609 3403 2669 possunt,
3434 2599 3542 2655 ini-

1953 2688 2043 2757 qui
2084 2695 2263 2742 tamen
2294 2701 2414 2743 esse
2455 2695 2733 2758 cogantur.
2770 2705 2790 2741 ι
2826 2687 2910 2743 Ad
2955 2688 3154 2760 aliquid
3194 2691 3352 2761 cogi,
3398 2691 3543 2746 nulla

1956 2790 2178 2851 possunt
2207 2780 2412 2837 ratione
2432 2781 2523 2852 qui
2552 2796 2658 2837 non
2687 2791 2831 2837 sunt.
2861 2782 2918 2838 Si
2954 2792 3128 2838 autem
3162 2784 3397 2839 nondum
3425 2785 3545 2855 qui-

1956 2870 2076 2926 dem
2106 2872 2430 2940 praprietate
2469 2886 2709 2940 persona:
2741 2882 2903 2942 atque
2930 2873 3249 2929 conditionis
3273 2890 3384 2930 sua:
3402 2915 3418 2941 ,
3446 2874 3542 2930 sed

1956 2962 2314 3033 occultissima
2357 2962 2563 3016 ratione
2592 2964 2812 3018 seminis
2837 2963 2947 3033 jam
2974 2974 3129 3030 sunt,
3161 2966 3298 3020 sicut
3329 2965 3454 3020 Levi
3487 2967 3544 3021 in

1958 3050 2155 3105 lumbis
2177 3051 2405 3106 Abrahae
2431 3051 2617 3122 (Hebr.
2639 3068 2732 3116 vn,
2755 3054 2810 3118 9,
2839 3051 2928 3126 10)
2958 3072 2972 3109 :
3000 3055 3069 3110 ibi
3099 3064 3303 3109 natura:
3331 3056 3455 3111 vitio
3475 3057 3545 3111 de

1961 3154 2179 3213 peccato
2213 3144 2367 3215 primi
2408 3144 2639 3200 hominis
2667 3146 2914 3202 veniente
2938 3147 3050 3218 jam
3087 3149 3210 3203 mali
3247 3159 3401 3216 sunt;
3436 3166 3544 3207 non

1959 3235 2055 3292 Dei
2084 3238 2374 3300 creatione,
2398 3238 2486 3310 qui
2507 3253 2606 3293 nec
2628 3236 2763 3293 velle
2785 3247 3028 3308 possunt,
3053 3240 3175 3295 mali
3200 3255 3321 3295 esse
3343 3256 3545 3311 cogun-

1959 3338 2064 3384 tur.
2098 3328 2232 3386 Vide
2259 3344 2390 3386 sane
2426 3329 2689 3385 mirabilia
2732 3331 2917 3402 gratite
2955 3330 3191 3399 Christi,
3230 3332 3384 3403 cujus
3412 3333 3546 3389 estis

1958 3421 2143 3479 miseri
2180 3422 2400 3478 inimici.
2432 3422 2571 3479 Ecce
2606 3423 2842 3494 parvuli,
2879 3424 2968 3495 qui
3011 3425 3205 3480 bonum
3236 3426 3318 3481 vel
3347 3426 3544 3482 malum

1960 3515 2096 3571 velle
2123 3526 2216 3571 aut
2242 3516 2385 3572 nolle
2410 3530 2517 3572 non
2550 3526 2798 3586 possunt,
2826 3525 3004 3573 tamen
3031 3518 3244 3589 quando
3272 3520 3544 3576 reluctan-

1962 3616 2045 3664 tes
2080 3618 2136 3665 et
2178 3624 2298 3664 cum
2340 3610 2590 3681 lacrymis
2633 3609 2991 3666 reclamantes
3034 3625 3186 3665 sacro
3225 3611 3548 3681 Baptismate

1962 3708 2337 3764 renascuntur,
2376 3700 2546 3755 sancti
2578 3708 2631 3755 et
2649 3699 2777 3771 justi
2805 3715 2924 3756 esse
2949 3710 3230 3772 coguntur.
3257 3701 3387 3756 Nam
3418 3719 3547 3773 pro-

1962 3793 2050 3849 cul
2075 3793 2260 3860 dubio,
2291 3794 2335 3848 si
2366 3804 2489 3849 ante
2522 3808 2674 3848 usum
2706 3794 2928 3848 rationis
2956 3794 3217 3857 obierint,
3254 3794 3306 3848 in
3338 3795 3429 3849 Dei
3458 3810 3550 3849 re-

1964 3901 2068 3956 gno
2097 3885 2266 3940 sancti
2294 3894 2349 3940 et
2373 3885 2502 3955 justi
2532 3894 2723 3948 erunt,
2750 3900 2811 3939 ea
2841 3886 3007 3955 gratia
3037 3884 3105 3939 ad
3133 3900 3291 3955 quam
3322 3900 3427 3940 nan
3455 3900 3549 3941 sua

1965 3975 2333 4046 possibilitate,
2362 3975 2459 4031 sed
2488 3976 2808 4030 necessitate
2835 3984 3115 4041 venerunt,
3145 3986 3356 4031 sanctas
3386 3985 3439 4030 et
3459 3975 3552 4045 ju-

1966 4076 2076 4123 stas
2096 4067 2212 4124 sine
2231 4068 2333 4123 tine
2349 4067 2608 4125 ducentes
2628 4068 2762 4123 vitas
2783 4082 2928 4135 suas,
2951 4067 3216 4123 calcantes
3234 4078 3286 4123 et
3306 4068 3555 4139 frangen-

1968 4170 2051 4217 tes
2068 4160 2138 4217 de
2165 4160 2402 4231 possibili
2432 4169 2487 4215 et
2512 4160 2817 4216 necessario
2839 4159 3051 4230 regulas
3073 4166 3210 4214 tuas.
3237 4160 3364 4215 Sine
3387 4160 3552 4215 dubio

1966 4263 2144 4310 autem
2182 4254 2300 4325 plus
2329 4262 2413 4309 est
2439 4254 2579 4310 nolle
2617 4253 2814 4308 malum
2841 4267 3029 4323 agere,
3060 4253 3219 4322 qum
3249 4267 3348 4307 nec
3373 4253 3514 4308 nolle
3535 4295 3551 4317 ,

1966 4364 2068 4404 nec
2093 4348 2229 4403 velle
2257 4364 2270 4401 :
2304 4356 2359 4402 et
2382 4357 2559 4402 tamen
2588 4346 2675 4402 ille
2701 4344 2915 4400 nolebat
2941 4353 2997 4400 et
3024 4343 3248 4412 agebat,
3275 4344 3362 4414 qui
3404 4344 3553 4399 dice-

1971 4443 2060 4497 bat
2078 4481 2095 4509 ,
2128 4439 2279 4507 Quod
2306 4440 2425 4494 nolo
2450 4439 2677 4506 malum,
2706 4426 2807 4492 hoc
2829 4453 2946 4509 ago.
2974 4434 3089 4490 Non
3119 4435 3295 4506 itaque
3324 4436 3554 4503 insanio,

1974 4547 2072 4587 nec
2091 4531 2212 4587 dico
2229 4572 2245 4597 ,
2274 4548 2294 4584 α
2325 4530 2519 4586 Malum
2540 4539 2689 4586 creat
2712 4529 2869 4585 Deus.
2904 4547 2923 4581 ›
2950 4526 3153 4581 Bonum
3178 4532 3319 4585 enim
3342 4538 3488 4583 creat
3512 4527 3555 4592 ³,

1971 4626 2060 4696 qui
2088 4626 2247 4679 etiam
2268 4624 2336 4679 de
2363 4625 2475 4694 ipsa
2507 4623 2687 4677 vitiata
2712 4631 2897 4676 natura
2927 4636 3031 4676 non
3061 4632 3208 4677 creat
3235 4620 3440 4682 vitium,
3464 4618 3557 4673 sed

1975 4727 2236 4771 naturam.
2277 4714 2464 4770 Trahit
2491 4729 2620 4769 vero
2646 4713 2735 4767 illa
2764 4714 2946 4766 vitium
2975 4754 2990 4779 ,
3035 4728 3141 4766 non
3186 4712 3276 4766 Dei
3321 4709 3555 4779 opificio,

1973 4807 2065 4862 sed
2089 4806 2310 4877 judicio.
2352 4806 2432 4861 Tu
2467 4815 2643 4860 autem
2686 4814 2865 4858 utrum
2907 4819 3011 4859 non
3058 4804 3294 4859 insanias
3318 4844 3333 4868 ,
3366 4803 3411 4859 si
3450 4818 3556 4858 non

1973 4899 2127 4954 valde
2162 4898 2363 4954 insanis
2388 4896 2637 4963 attende,
2669 4897 2759 4967 qui
2792 4912 2900 4951 non
2926 4897 3130 4951 malum
3175 4895 3389 4966 pmnale
3416 4895 3557 4967 quod

1971 4990 2176 5062 justum
2203 5000 2318 5055 est,
2351 4990 2443 5046 sed
2483 4989 2678 5043 malum
2717 4988 2859 5060 quod
2887 4997 3108 5044 vocatur
3149 4987 3402 5060 iniquitas
3426 4988 3562 5044 dicis

1978 5082 2151 5138 facere
2177 5082 2344 5137 Deum
2373 5099 2388 5135 :
2419 5080 2545 5152 quid
2574 5082 2717 5136 enim
2759 5079 2903 5135 aliud
2949 5078 3108 5147 facit,
3148 5081 3192 5136 si
3234 5080 3382 5135 nullo
3417 5080 3562 5136 malo

1976 5175 2083 5231 reis
2107 5171 2340 5245 parvulis
2374 5180 2517 5227 tanta
2544 5172 2681 5227 mala
2710 5171 2793 5227 vel
2824 5171 3051 5242 ingerit,
3076 5171 3161 5228 vel
3203 5171 3369 5242 ingeri
3397 5171 3563 5226 sinit?

1980 5266 2174 5321 Verum
2198 5274 2252 5319 tu
2276 5281 2379 5319 non
2410 5280 2440 5319 a
2474 5263 2627 5318 nobis
2656 5262 3006 5334 alloquendus
3035 5272 3089 5319 et
3114 5263 3519 5333 redarguendus
3544 5280 3560 5329 ;

1977 5359 2071 5441 sed
2098 5356 2165 5411 ab
2193 5356 2437 5411 universa
2468 5354 2702 5411 Ecclesia
2725 5395 2739 5419 ,
2771 5355 2814 5409 si
2852 5370 3038 5425 posses
3057 5396 3072 5419 ,
3114 5355 3478 5411 exsufllandns
3506 5364 3565 5411 et

1977 5446 2362 5504 exorcizandus
2388 5461 2535 5502 esses
2555 5488 2571 5512 ,
2604 5461 2633 5501 a
2663 5461 2766 5518 qua
2802 5446 2995 5503 frustra
3025 5446 3300 5504 exsufflari
3326 5457 3380 5504 et
3403 5463 3560 5502 exor-

1978 5538 2135 5595 cizari
2162 5537 2297 5593 dicis
2319 5535 2566 5591 infantes.

2043 5716 2061 5748 ί
2096 5720 2252 5775 Forte,
2276 5708 2447 5775 inquis.

2050 5777 2072 5809 ι
2097 5774 2232 5833 aditi,
2254 5771 2511 5833 Creatoris.

2051 5838 2073 5870 '
2097 5843 2161 5886 Ex
2187 5830 2522 5898 manuscriptis
2543 5834 2808 5891 addidimus
2834 5847 2845 5881 :
2877 5842 3051 5885 nomen
3069 5830 3194 5886 enim
3216 5836 3365 5881 creat.
