4150 6502
571 361 710 416 1307

1253 357 1501 414 OPERIS
1541 349 1959 415 IMPERFECTI
1997 356 2270 415 CONTRA
2309 357 2670 427 JULIANUM,
2710 359 2768 416 S.
2810 357 3179 416 AUGUSTINI

3740 362 3880 421 1508

3412 471 3822 487 ψ

1607 545 2090 654 LIBER
2180 544 2813 654 SEXTUS.

626 712 847 763 Ostendit
869 712 1160 774 Augustinus
1181 710 1423 762 Julianum
1444 708 1620 760 frustra
1637 707 1763 759 libro
1781 722 1880 774 suo
1890 716 2037 774 sexto
2057 709 2306 774 disputare
2328 714 2495 760 contra
2519 707 2565 758 id

565 776 654 835 tia,
676 776 835 837 capite
860 771 1115 835 trigesimo
1137 780 1331 837 quarto,
1366 780 1611 837 assertum
1633 778 1727 837 est,
1747 771 1884 834 primi
1908 771 2116 837 hominis
2137 771 2338 834 peccato
2360 776 2579 819 naturam

567 845 625 888 ut
643 832 750 886 non
766 832 934 885 solum
943 832 1068 886 facta
1088 832 1444 898 sit'peccatrigr,
1471 832 1563 882 sed
1593 832 1761 882 etiam'
1776 834 2009 898 genuerit
2027 832 2266 898 deinceps
2301 838 2604 898 peccatores.
2626 833 2788 898 Liberi
2796 834 3001 898 arbitrii
3028 834 3101 884 vir

2652 708 2714 758 od
2741 709 2866 761 libro
2884 709 3101 776 secundo
3130 709 3196 776 de
3218 711 3404 776 Nuptiis
3435 719 3488 763 et
3508 713 3870 776 Concilpiscen-

2649 784 2871 835 umanam
2905 770 3067 835 fuisse
3083 773 3135 822 in
3155 770 3381 823 deterius
3399 770 3765 835 commutatam,
3801 779 3871 829 ita

3208 835 3389 899 quibus
3421 837 3632 901 integris
3667 845 3869 901 poterat

567 898 812 966 homonet
832 905 971 966 recte
993 893 1300 966 agere,'cum
1324 893 1496 954 vellet,
1521 902 1582 966 ct_
1596 893 1933 966 nonpeecare,
1955 895 1997 966 si
2024 893 2467 966 hellen—peccando
2484 905 2598 966 eum
2621 894 3059 966 perdidisseth
3082 908 3095 945 :
3123 893 3254 966 illam
3276 902 3444 966 autem
3467 893 3876 966 prorsus'jmpro-

568 961 654 1011 bat
670 949 1003 1009 definitionem
1023 949 1281 1015 libertatis,
1307 968 1420 1021 quae=
1458 949 1634 1017 passim
1659 949 1894 1021 objectari
1920 949 1992 1003 'ab
2014 949 2290 1006 adversario
2312 953 2459 1021 solet,
2478 949 2682 1013 scilicet,
2707 955 3000 1021 Possihilitas
3022 957 3251 1020 peccandi
3274 965 3328 1009 et
3349 972 3445 1010 non
3468 949 3733 1021 peccandi,
3757 949 3871 1011 ’θυι

565 1024 768 1071 Dolores
791 1021 1177 1082 parturientium,
1191 1017 1382 1082 Aspina‘s,
1406 1017 1868 1082 labores,_sndores,
1887 1023 2018 1082 crete

2130 1030 2195 1085 ne
2219 1015 2490 1085 mortalium
2513 1028 2759 1085 erumnas
2779 1020 2948 1078 probat
2982 1015 3150 1080 pinnas
3183 1032 3299 1071 esse
3336 1015 3554 1083 peculi;
3594 1021 3686 1072 sed
3718 1015 3879 1085 ipsam

566 1077 804 1147 imprimis
822 1087 1025 1147 mortem
1046 1077 1289 1147 [mugilem
1315 1092 1429 1128 esse
1454 1079 1651 1147 homini,
1676 1079 1761 1141 qui
1781 1079 1860 1147 sic
1871 1077 2103 1147 divinitus
2113 1077 2370 1147 institutus
2390 1078 2569 1135 fuerat,
2586 1083 2648 1147 με
2670 1078 2761 1147 nisi
2783 1077 3029 1147 peccaret,
3053 1090 3148 1128 non
3169 1077 3468 1147 moreretur.
3486 1077 3712 1147 Binetus
3734 1077 3877 1146 parte

566 1136 677 1205 libri
704 1136 1061 1205 expositionem
1080 1144 1130 1191 in
1154 1141 1271 1205 illud
1294 1139 1543 1205 Apostolil
1563 1136 1668 1188 Cor.
1691 1136 1773 1205 iv,
1799 1138 1879 1198 23,
1898 1136 2026 1188 sicut
2046 1137 2099 1188 in
2115 1136 2757 1205 έάωῃμρηιηεδ-ηωνίιωεαζ.
2783 1136 2838 1205 et
2865 1141 2917 1189 in
2952 1136 3210 1205 sequentia
3229 1143 3452 1205 ejusdem
3481 1145 3652 1205 capitis
3665 1136 3814 1204 dic'ta,
3847 1159 3878 1197 a

566 1203 759 1267 Juliano
771 1199 1016 1267 prolatam
1040 1203 1277 1267 expendit
1298 1199 1352 1252 et
1373 1200 1574 1267 refellit.
1598 1200 1813 1267 Tandem
1834 1212 1925 1262 per
1946 1207 2101 1267 tetum
2123 1200 2230 1267 fere
2249 1199 2426 1267 librum
2445 1200 2476 1249 d

566 1260 873 1315 Manicheam
897 1260 1124 1326 haeresim
1147 1264 1348 1314 trahere
1368 1264 1555 1326 ubique
1578 1263 1796 1326 enititur,
1820 1260 1919 1326 non
1940 1262 2092 1326 modo
2102 1263 2285 1326 abesse
2306 1260 2458 1324 longe

2593 1212 2621 1265 a
2643 1199 2929 1265 catholicum
2950 1201 3016 1265 de
3028 1199 3276 1265 originali
3285 1205 3422 1264 vitio,
3430 1199 3564 1265 quod
3585 1199 3877 1259 Julianns'ad

2565 1258 2647 1309 illa
2669 1261 2866 1322 haeresi,
2889 1262 2980 1313 sed
2996 1258 3144 1314 enata
3162 1264 3390 1316 haeresim
3408 1258 3543 1316 hiatu
3565 1258 3873 1320 domum

567 1339 818 1391 nunquam
837 1338 867 1375 a
889 1325 1161 1391 Pelagianis
1183 1337 1327 1388 posse
1349 1324 1443 1374 nisi
1465 1320 1688 1374 catholici
1709 1323 1862 1387 ipsius
1883 1323 2123 1387 dogmatis
2139 1323 2321 1375 auxilio
2340 1320 2719 1403 et'professione
2739 1320 2980 1387 superari.

2006 1427 2431 1485 «Βονῧῦ

640 1535 682 1590 1.
711 1536 983 1591 Juuaxus.
1009 1535 1125 1590 Non
1155 1534 1343 1591 dubito
1369 1532 1634 1605 ejusmodi
1681 1531 1989 1604 opinionem
2032 1527 2165 1582 bac-

568 1636 725 1682 tenus
763 1643 925 1699 Sllpl‘l'
949 1636 1132 1681 nostro
1156 1625 1320 1683 fuisse
1348 1624 1663 1690 certamine,
1705 1631 1767 1678 ut
1800 1620 1869 1676 ad
1913 1619 2166 1691 quaestio~

568 1734 690 1772 nem
724 1718 1013 1771 involutam
1042 1717 1230 1787 magis,
1272 1731 1429 1787 quam
1462 1714 1527 1769 ad
1555 1728 1817 1770 summam
1839 1720 2081 1781 spectare
2104 1709 2166 1764 li-

561 1809 651 1872 dei
680 1809 1008 1865 crederetur.
1040 1808 1231 1864 Procul
1255 1808 1450 1878 quippe
1475 1806 1544 1861 ab
1573 1805 1760 1861 studiis
1798 1801 2166 1875 spiritualibns

560 1901 850 1972 agitantes,
879 1900 1009 1954 solis
1032 1900 1049 1931 ¹
1080 1898 1233 1954 fama:
1262 1897 1462 1952 aurulis
1486 1902 1931 1962 commoventur;
1959 1904 2161 1965 tempoo

565 2009 792 2065 rumque
818 1992 1164 2048 formidantes
1186 1990 1461 2054 invidiam.
1482 2004 1581 2045 nec
1603 1998 1894 2058 comperta:
1925 1986 2166 2043 veritatis

568 2086 882 2158 praesidium
918 2092 1160 2141 tenentes
1186 2083 1266 2158 (ut
1286 2083 1395 2139 fere
1436 2082 1495 2138 in
1534 2081 1693 2138 rebus
1740 2080 1983 2152 trepidis,
2031 2079 2164 2135 nulli

567 2180 747 2236 minus
769 2195 929 2251 quam
957 2178 1057 2234 sibi
1079 2176 1382 2248 creditur),
1409 2176 1573 2232 tutius
1592 2176 1714 2242 iter,
1736 2174 1880 2246 quod
1908 2173 2167 2247 frequen-

571 2271 699 2336 tius,
741 2270 1096 2325 arbitrantur.

639 2362 997 2416 Aucusnxus.
1027 2359 1104 2414 Eo
1126 2356 1455 2429 frequentius
1482 2364 1565 2412 est
1607 2355 1710 2412 iter
1747 2363 2015 2423 nostrum,
2057 2368 2165 2425 quo

568 2448 1024 2520 antiquius;quia
1060 2448 1381 2505 catholicum
1417 2456 1502 2502 est
1524 2463 1541 2502 :
1564 2454 1802 2502 vestrum
1843 2458 1974 2501 vero
2018 2452 2167 2500 tanto

569 2539 754 2595 minus
779 2538 1054 2610 frequens,
1078 2546 1278 2609 quanto
1296 2536 1466 2607 magis
1490 2536 1751 2591 novitium
1776 2536 1796 2568 ’
1816 2550 1833 2601 ;
1856 2534 1980 2606 quia
2002 2533 2168 2591 haere-

572 2629 759 2688 ticum.

643 2708 954 2778 ll..lur..lloc
982 2727 1160 2779 autem
1182 2719 1236 2774 in
1264 2717 1665 2790 praesentiarum
1687 2715 1894 2772 duabus
1904 2731 1972 2772 ex
1991 2715 2167 2773 causis

547 2809 927 2881 _accidit:qnia
949 2820 1004 2867 et
1036 2809 1296 2866 sententia
1338 2806 1754 2865 Manichmorum
1776 2805 1845 2863 de
1880 2805 2166 2862 criminum

567 2911 655 2960 est
681 2902 899 2973 probata
928 2901 1170 2959 consiliis
1193 2900 1215 2932 ³
1236 2942 1253 2968 ,
1284 2907 1340 2955 et
1363 2899 1554 2957 excite
1583 2898 2014 2969 perswutionum
2042 2911 2169 2969 pro-

566 2991 718 3048 cella:
746 2992 931 3063 inopes
954 2990 1225 3062 spiritusa
1250 2989 1489 3045 veritatis
1516 2987 1701 3046 favore
1723 2986 2022 3044 deterrent.

638 3085 775 3141 Anc.
820 3082 1102 3152 Quomodo
1149 3092 1234 3139 est
1273 3083 1374 3141 iter
1408 3081 1741 3153 frequentius
1781 3080 1851 3137 de
1895 3079 2161 3139 sententia

563 3176 997 3243 Manichaeorum,
1022 3191 1144 3232 cum
1169 3177 1277 3231 sint
1299 3172 1587 3235 admodum
1615 3172 1760 3228 rari?
1786 3183 1878 3228 aut
1898 3171 2170 3245 quomodo

574 3270 1008 3343 persecutionem
1039 3255 1136 3340 pro
1160 3269 1386 3326 veritate
1410 3265 1675 3339 patimini,
1718 3266 1811 3338 qui
1853 3265 2169 3325 subtrahitis

565 3364 819 3436 parvulos
842 3362 1152 3419 Salvatori?

638 3454 725 3509 ΙΙΙ.
747 3454 863 3511 ιω..
890 3455 1019 3510 Pars
1040 3453 1199 3525 igitur
1216 3460 1271 3507 et
1287 3451 1546 3522 voluptati
1567 3449 1856 3509 consulens
1875 3456 1932 3505 et
1955 3447 2167 3521 pavori,

566 3545 652 3602 vel
676 3546 965 3612 arenae,vel
982 3543 1218 3611 circi,vel
1236 3558 1411 3600 scena:
1430 3543 1640 3614 populis
1659 3542 1915 3598 comitata
1935 3540 2167 3610 luxuria,

567 3637 809 3692 ambiens
829 3637 881 3692 in
903 3636 1153 3695 omnibus
1192 3633 1406 3706 ﬂagitiis
1437 3632 1730 3690 obtendere
1768 3631 2167 3701 necessitatem,

566 3745 670 3800 qua
695 3728 968 3786 commissi
999 3727 1197 3783 invidia
1227 3742 1442 3797 semper
1460 3726 1689 3793 levatur,
1716 3733 1770 3779 et
1789 3722 2031 3796 fragores
2063 3736 2166 3778 sa:—

574 3821 682 3875 culi
709 3819 1149 3890 praevaricatione
1169 3818 1340 3873 vitare
1373 3834 1387 3871 :
1415 3831 1477 3873 ea
1508 3831 1637 3888 ergo
1662 3824 1804 3881 sunt,
1830 3829 1950 3885 qua:
1994 3811 2168 3868 comi-

578 3914 824 3967 tatiorcm
852 3911 1053 3967 faciunt
1074 3911 1325 3966 vitiorum
1347 3908 1732 3964 defensionem.
1757 3907 1837 3962 Ex
1855 3921 1963 3978 quo
1985 3914 2166 3962 tamen

583 4005 741 4075 vulgo
764 4019 890 4074 pars
914 4003 1170 4071 maxima,
1202 4012 1261 4057 ut
1287 4002 1537 4072 praefatus
1565 4014 1706 4068 sum,
1731 3998 2085 4056 Traducianis
2112 4006 2170 4054 et

575 4096 868 4153 Catholicis
892 4095 975 4152 vel
995 4095 1063 4152 de
1082 4095 1193 4151 Deo
1217 4095 1453 4150 rationes
1472 4092 1700 4149 credidit
1727 4106 2046 4149 consonare.

647 4192 784 4247 Anc.
810 4188 1219 4245 lnnumerabilis
1259 4185 1543 4243 multitudo
1573 4185 1831 4250 fidelium,
1882 4198 2004 4256 quae
2042 4196 2169 4254 pro-

573 4281 737 4336 missa
763 4289 846 4336 est
885 4279 1112 4335 Abrahae
1144 4276 1165 4353 (
1192 4275 1319 4333 Gen.
1360 4293 1492 4344 χχιι,
1534 4276 1682 4349 17),
1725 4275 1881 4347 quasi
1929 4289 1961 4330 a
2017 4272 2171 4329 vobis

573 4373 808 4443 vulgaris
856 4364 1006 4427 turba
1047 4371 1444 4426 contemnitur:
1490 4369 1612 4440 quia
1661 4368 1905 4424 videlicet
1961 4365 2166 4437 paucis,

573 4462 1050 4535 quosPelagianos,
1064 4460 1167 4516 hoc
1181 4470 1283 4526 est,
1296 4460 1515 4516 venenis
1541 4459 1757 4515 novitia:
1778 4458 2170 4539 pestisinsanos

574 4553 767 4618 facitis,
792 4560 970 4624 potest
986 4551 1199 4622 placere
1223 4550 1364 4622 quod
1385 4549 1583 4618 dicitis,
1599 4559 1704 4604 tam
1732 4548 2037 4606 evidentem
2065 4548 2170 4603 mi-

577 4646 775 4702 seriam
799 4644 1011 4717 generis
1036 4642 1275 4709 humani,
1298 4658 1420 4715 quae
1446 4652 1671 4714 apparet
1698 4642 1751 4697 in
1782 4641 1930 4713 gravi
1950 4641 2078 4713 jugo
2103 4639 2170 4696 fi-

574 4738 767 4794 liorum
802 4736 972 4793 Adam
1001 4751 1033 4792 a
1079 4735 1169 4792 die
1207 4736 1382 4791 exitus
1421 4733 1490 4790 de
1518 4742 1709 4790 ventre
1752 4733 1941 4789 matris
1981 4747 2169 4788 eorum

573 4829 779 4904 (Ereti.
804 4844 891 4896 χι,
916 4828 941 4884 l
967 4826 1010 4901 ),
1034 4826 1101 4885 de
1121 4826 1322 4898 peccati
1342 4826 1553 4891 merito,
1569 4824 1740 4896 quoin
1764 4822 1979 4878 homine
1996 4823 2170 4894 primo

573 4930 762 4975 natura
784 4917 1017 4973 humana
1050 4917 1234 4971 vitiata
1273 4925 1375 4981 est,
1407 4929 1515 4970 non
1538 4915 1744 4971 venire.
1776 4913 1932 4970 Unde
1960 4929 2057 4969 vos
2086 4928 2171 4970 se-

574 5003 777 5070 quitur,
803 5002 917 5056 utsi
948 5014 1108 5058 nemo
1133 5006 1426 5070 peccasset,
1442 4998 1704 5069 cogamini
1729 4998 1888 5053 etiam
1914 4996 2094 5053 dicere
2115 4997 2170 5053 in

575 5093 822 5164 paradiso
844 5093 1015 5149 futura
1038 5091 1201 5148 fuisse
1222 5107 1327 5146 non
1344 5091 1517 5147 solum
1540 5098 1681 5146 totet
1701 5099 1845 5145 tanta
1869 5105 2031 5146 onera
2055 5107 2172 5146 mo-

578 5183 876 5249 lestiarum,
901 5197 1034 5254 quas
1061 5180 1306 5237 videmus
1328 5180 1576 5252 parvulos
1599 5180 1778 5247 ferre;
1802 5197 1987 5237 verum
2007 5182 2167 5237 etiam

577 5284 657 5331 tot
684 5285 738 5332 ct
774 5283 920 5331 tanta
951 5275 1080 5331 vitia
1102 5275 1440 5346 ingeniorum
1469 5284 1525 5330 et
1558 5289 1871 5346 corporum,
1898 5290 2020 5331 cum
2047 5273 2168 5346 qui-

577 5368 677 5424 bus
704 5369 950 5444 pleriqne
981 5378 1291 5424 nascuntur.
1323 5368 1381 5423 ln
1409 5383 1514 5440 quo
1563 5365 1833 5424 felicitatis
1871 5375 1928 5424 et
1973 5366 2170 5438 quietis

578 5460 696 5516 loco
732 5461 893 5517 etiam
915 5468 1215 5531 susceptam
1245 5468 1500 5529 vestram,
1540 5475 1644 5530 qua
1686 5474 1813 5515 caro
1837 5458 2167 5530 concupiscit

641 5641 657 5671 ’
693 5639 768 5689 Sic
788 5644 891 5688 Mss.
917 5643 967 5687 ln
991 5637 1149 5701 \‘ign.,
1174 5634 1279 5687 soli.

641 5703 662 5731 ²
692 5702 850 5750 Codex
874 5708 1017 5759 Port.,
1040 5713 1227 5749 novum.

643 5763 664 5795 ³
694 5762 859 5827 Morel,
883 5756 1013 5827 talem
1055 5764 1190 5819 (κη,
1215 5776 1261 5827 p_.
1293 5760 1397 5827 ul,
1429 5761 1505 5827 sic
1527 5758 1651 5822 legit
1672 5758 1800 5827 hunc
1832 5756 2169 5827 locum_:_.Quio

578 5825 807 5878 uolentia
825 5818 1197 5877 Almzichworum
1213 5818 1275 5874 de
1297 5820 1554 5873 criminum
1568 5818 1637 5872 cst
1652 5820 1839 5878 prolata
1855 5818 2083 5872 consiliis.
2108 5826 2165 5868 at.

2271 1523 2528 1582 adversus
2549 1527 2817 1598 spiritum,
2846 1528 3126 1587 libidinem
3152 1532 3380 1602 ponitis;
3409 1542 3463 1589 et
3489 1548 3591 1588 nos
3633 1534 3722 1605 qui
3747 1553 3870 1597 eam

2271 1624 2522 1688 tanquam
2537 1618 2901 1676 adversarium
2918 1622 3104 1677 vitium
3119 1632 3304 1678 contra
3329 1625 3745 1693 concupiscente
3768 1628 3877 1697 spi-

2271 1707 2376 1764 ritu
2397 1709 2744 1778 debellamus,
2776 1712 2974 1768 clausis
2997 1714 3170 1771 oculis
3206 1716 3470 1771 accusatis
3494 1717 3639 1772 velut
3659 1720 3873 1775 amicos

2269 1799 2555 1871 voluptatis
2574 1810 2628 1856 et
2642 1802 2898 1869 luxuriae;
2922 1804 2974 1859 in
2992 1819 3151 1875 quam
3172 1807 3350 1866 nullus
3370 1806 3632 1878 flagitiose
3658 1824 3723 1865 ac
3751 1821 3871 1865 tur-

2270 1890 2409 1963 piter
2454 1892 2615 1959 cadit,
2662 1894 2765 1950 nisi
2793 1894 2885 1967 qui
2920 1905 3113 1951 vestra:
3139 1896 3215 1950 illi
3253 1908 3538 1968 susceptae,
3561 1914 3722 1969 quam
3770 1914 3875 1957 nos

2269 1984 2562 2054 arguimus,
2586 2000 2681 2041 vos
2699 1985 3008 2057 defenditis,
3034 1988 3340 2046 sollicitanti
3352 1989 3704 2063 suadentique
3723 2007 3863 2048 con-

2269 2075 2454 2131 sentit.

2342 2164 2562 2222 lVJUL.
2581 2165 2776 2223 Verum
2805 2166 2929 2239 quia
2960 2169 3088 2224 etin
3118 2170 3291 2240 primo
3315 2178 3370 2227 et
3395 2170 3446 2225 in
3472 2171 3721 2242 przescnti
3750 2187 3877 2230 cer-

2272 2258 2473 2314 tamine
2496 2301 2512 2327 ,
2560 2258 3022 2331 argumentatione
3062 2262 3343 2334 Augustini
3379 2263 3571 2319 claruit
3611 2282 3718 2321 non
3749 2278 3879 2324 esse

2269 2364 2392 2405 eum
2423 2350 2878 2407 Traducianorum
2910 2354 3080 2409 Deum
3102 2394 3120 2422 ,
3160 2370 3318 2426 quem
3347 2356 3636 2413 ChriStiani
3659 2359 3871 2428 justum

2269 2450 2435 2513 atque
2455 2444 2693 2499 omnium
2715 2444 3051 2500 conditorem
3071 2446 3375 2502 concinenti
3396 2448 3696 2505 assertione
3718 2465 3881 2508 vene.

2269 2543 2500 2598 rantur;
2546 2536 2802 2608 prmcipio
2843 2537 2861 2570 ί
2898 2536 3008 2608 jam
3037 2538 3236 2604 animo,
3282 2554 3389 2611 quo
3428 2539 3646 2609 plurimi
3684 2556 3877 2599 eorum

2269 2638 2504 2694 quoque,
2530 2623 2621 2697 qui
2646 2640 2795 2682 caeco
2820 2641 3005 2683 errore
3030 2627 3168 2698 lapsi
3195 2636 3341 2693 sunt,
3370 2627 3455 2684 bis
3479 2631 3674 2702 agnitis
3697 2633 3879 2688 corri-

2270 2720 2484 2787 gantur.

2344 2806 2483 2863 Anc.
2526 2804 2639 2863 lmo
2678 2823 2827 2877 vero,
2859 2807 2944 2865 his
2972 2810 3188 2881 agnitis,
3229 2826 3350 2883 qua:
3380 2819 3473 2866 tuo
3513 2810 3692 2868 fallaci
3720 2815 3878 2870 vani-

2271 2895 2452 2969 loquio
2493 2898 2793 2955 secundum
2836 2900 3078 2956 veritatis
3115 2900 3509 2972 respondemus
3553 2903 3828 2974 eloqniu
3854 2944 3874 2972 ,

2271 2988 2541 3043 neminem
2569 2988 2622 3044 in
2645 3004 2831 3049 errore
2855 2989 3078 3048 haeresis
3097 2999 3292 3048 vestra:
3312 2992 3415 3048 nisi
3438 2992 3602 3048 nimia
3622 2996 3876 3052 vecordia

2273 3078 2359 3135 vel
2390 3079 2687 3150 pervicacia
2712 3079 2993 3137 detinebit.

2348 3168 2411 3224 V.
2450 3168 2572 3224 ιω..
2612 3169 2795 3226 Credit
2821 3171 3018 3242 quippe
3059 3170 3343 3227 adversum
3374 3187 3476 3228 nos
3502 3172 3830 3231 Manichzens
3853 3215 3872 3242 ,

2274 3260 2585 3316 naturaliter
2615 3246 2871 3319 mortales
2896 3263 2949 3317 in
2974 3262 3171 3333 flagitia
3197 3262 3543 3336 facinoraque
3578 3267 3832 3339 compelli
3859 3285 3875 3323 :

2274 3353 2525 3423 opinatur
2564 3354 2907 3410 tenebrarum
2951 3355 3213 3427 originem
3253 3363 3310 3411 et
3348 3354 3664 3427 corporibus
3708 3367 3883 3414 mate-

2280 3442 2417 3498 riam
2457 3451 2512 3499 et
2545 3442 2859 3499 criminibus
2899 3445 3215 3516 prmstitisse
3241 3460 3258 3512 ;
3287 3444 3614 3516 voluptatem
3649 3461 3880 3504 sexuum

2275 3535 2452 3592 tabem
2474 3537 2495 3568 ¹
2516 3550 2639 3594 esse
2664 3536 2880 3608 generis
2907 3535 3146 3606 humani,
3171 3539 3511 3594 assertricem
3533 3538 3671 3609 juris
3695 3539 3882 3597 diabo-

2273 3626 2398 3695 lici,
2440 3636 2495 3684 et
2536 3626 2591 3683 in
2630 3628 2879 3683 universa
2908 3626 3173 3685 dedecora
3214 3627 3489 3684 hominum
3530 3631 3879 3687 eoactricem.

2273 3717 2443 3787 Quem
2471 3716 2839 3775 Traducianns
2878 3717 3220 3774 omnifariam
3249 3730 3466 3775 secutus
3485 3761 3500 3785 ,
3530 3721 3729 3793 quippe
3758 3722 3881 3793 ejus

2273 3808 2450 3865 hmres
2471 3816 2529 3865 et
2551 3808 2785 3876 soboles,
2816 3810 3077 3865 naturalia
3104 3810 3351 3878 crimina.
3379 3820 3638 3867 asternam
3660 3812 3683 3844 ³
3701 3810 3772 3869 de
3794 3822 3881 3869 te-

2273 3900 2504 3956 nebroso
2532 3899 2700 3955 nihilo
2720 3901 2845 3956 mali
2872 3901 3268 3970 necessitatem,
3301 3910 3357 3957 et
3383 3900 3723 3959 an‘ectionem
3748 3918 3877 3961 sen-

2273 3991 2422 4047 sibus
2479 3990 2795 4046 destinatam
2853 4000 3161 4048 sanctorum
3225 3995 3467 4049 omnium
3532 3995 3875 4065 pollntricem

2273 4092 2434 4152 atque
2466 4084 2751 4155 imaginem
2797 4084 2890 4139 Dei
2932 4084 2984 4139 in
3026 4099 3195 4157 regno
3233 4084 3433 4142 diaboli
3476 4087 3876 4159 collocatum,

2272 4175 2517 4230 oratione
2559 4174 2838 4246 multiplici
2883 4184 3125 4231 testatur.

2343 4270 2480 4326 Anc.
2520 4268 2845 4325 Maniehmus
2873 4278 3118 4325 naturam
3150 4271 3277 4326 mali
3308 4271 3734 4328 substantialiter
3763 4273 3877 4330 Deo

2273 4360 2416 4417 bono
2436 4369 2782 4428 conaternam,
2810 4371 2997 4416 contra
3023 4359 3344 4418 catholicam
3372 4364 3654 4419 veritatem
3680 4365 3871 4436 singu.

2273 4453 2369 4508 lari
2400 4451 2612 4508 vesania
2642 4452 2906 4508 fabulatur
2934 4471 2949 4508 :
2975 4454 3175 4511 veritas
3197 4464 3377 4512 autem
3404 4455 3673 4513 catholica
3700 4458 3872 4515 Deum

2273 4544 2446 4600 Solum
2477 4544 2594 4601 sine
2622 4545 2729 4600 ullo
2757 4545 2981 4601 exordio
3011 4548 3299 4603 confitetur
3324 4556 3584 4603 aeternum
3609 4565 3625 4614 ;
3655 4566 3760 4605 non
3786 4567 3878 4606 so-

2275 4636 2384 4691 lum
2404 4635 2624 4702 bonum,
2647 4635 2790 4707 quod
2817 4643 2873 4691 et
2891 4635 2980 4691 ille
2998 4636 3154 4706 dieit,
3177 4653 3365 4694 verum
3385 4640 3545 4694 etiam
3570 4639 3877 4696 immutabi—

2274 4728 2404 4796 lem,
2442 4728 2587 4801 quod
2624 4728 2716 4784 ille
2754 4743 2861 4784 non
2904 4729 3053 4786 dicit.
3100 4731 3252 4786 llunc
3288 4746 3418 4803 ergo
3461 4732 3627 4787 Deum
3664 4748 3876 4789 summe

2273 4819 2471 4874 bonum
2495 4860 2512 4889 ,
2548 4826 2604 4875 et
2629 4818 2699 4875 ob
2738 4818 2839 4875 hoc
2873 4820 3093 4876 omnino
3137 4820 3524 4877 immutabilem
3547 4865 3563 4890 ,
3603 4824 3692 4879 cui
3723 4824 3871 4879 nulla

2275 4920 2464 4967 natura
2496 4923 2763 4968 coasterna
2793 4920 2897 4979 est,
2927 4928 3048 4983 qua:
3078 4928 3183 4969 non
3211 4913 3459 4984 estquod
3491 4918 3627 4983 ipse.
3659 4930 3760 4970 nec
3787 4930 3876 4971 es-

2274 5011 2358 5058 set
2385 5004 2488 5058 nisi
2518 5002 2656 5059 facta
2684 5011 2850 5067 esset,
2883 5018 2987 5059 non
3018 5004 3087 5060 de
3112 5005 3260 5075 ipso,
3292 5004 3385 5060 sed
3415 5014 3592 5060 tamen
3622 5006 3690 5060 ab
3720 5006 3872 5076 ipso,

2257 5090 2376 5149 'boc
2400 5102 2504 5160 est,
2530 5108 2637 5149 non
2663 5093 2728 5148 de
2753 5102 2941 5149 natura
2967 5093 3102 5165 ejus,
3133 5095 3226 5150 sed
3253 5096 3490 5171 potentia
3519 5105 3699 5151 tamen
3726 5096 3870 5168 ejus.

2271 5186 2529 5242 adversus
2550 5184 2958 5240 Manichzcorum
2986 5185 3311 5242 dementiam
3347 5188 3705 5257 prtedicamus
3730 5207 3746 5245 ;
3768 5188 3878 5243 fac-

2273 5287 2489 5348 tamque
2518 5287 2785 5344 naturam,
2813 5294 2933 5349 qua:
2963 5279 3106 5333 nulla
3130 5293 3255 5336 esse
3288 5280 3571 5350 potuisset,
3601 5280 3705 5335 nisi
3729 5295 3875 5347 eam,

2272 5368 2521 5440 quamvis
2553 5383 2659 5424 non
2695 5368 2764 5424 de
2796 5383 2856 5425 se
2886 5371 2997 5442 ipsa
3018 5412 3034 5437 ,
3078 5379 3255 5427 tamen
3296 5372 3642 5442 omnipotens
3682 5381 3875 5429 natura

2276 5460 2524 5525 fecisset,
2557 5460 2754 5516 bonum
2782 5477 2905 5518 esse
2932 5461 3147 5533 quidem
3177 5464 3377 5521 scimus
3401 5473 3456 5519 et
3483 5463 3749 5531 dicimus,
3778 5464 3878 5521 sed

2337 5634 2353 5698 ξ
2390 5633 2679 5698 ῑῖἱεηίυτίυε,
2709 5631 2937 5698 percipio.

2336 5696 2356 5762 ξ
2389 5696 2461 5762 sic
2485 5703 2589 5744 Mss.
2618 5702 2665 5744 In
2691 5695 3133 5762 \‘ignierio,_taiem.
3363 5756 3393 5762 __
3421 5758 3430 5762 _
3703 5754 3735 5762 __
3845 5750 3859 5762 ,

2330 5757 2356 5828 ,³
2373 5754 2851 5866 ἔὲιξεὲοτυιιὶιω.
2894 5757 2979 5808 Alii
3020 5772 3140 5810 vero
3181 5770 3295 5810 cum
3317 5756 3478 5821 editis,
3514 5754 3881 5810 rulluraft't‘tcri-~

2272 5831 2370 5870 iniu
2515 5831 2555 5863 ra
2611 5854 2623 5866 .
