  <div class='ocr_page' id='page_1' title='image "/cluster/home/n/w/nwhite01/storage/ocr_20150623/44-45/uc1.31175026792435/764.png"; bbox 0 0 4150 6486; ppageno 0'>
   <div class='ocr_carea' id='block_1_1' title="bbox 357 363 492 420">
    <p class='ocr_par' dir='ltr' id='par_1_1' title="bbox 357 363 492 420">
     <span class='ocr_line' id='line_1_1' title="bbox 357 363 492 420; baseline 0.022 -2"><span class='ocrx_word' id='word_1_1' title='bbox 357 363 492 420; x_wconf 64' lang='grc' dir='ltr'><strong>ιῑοθ</strong></span> 
     </span>
    </p>
   </div>
   <div class='ocr_carea' id='block_1_2' title="bbox 351 473 1940 548">
    <p class='ocr_par' dir='ltr' id='par_1_2' title="bbox 351 473 1940 548">
     <span class='ocr_line' id='line_1_2' title="bbox 351 473 1940 548; baseline -0.003 -16"><span class='ocrx_word' id='word_1_2' title='bbox 351 478 425 533; x_wconf 85' lang='lat' dir='ltr'><strong>illi</strong></span> <span class='ocrx_word' id='word_1_3' title='bbox 454 491 560 533; x_wconf 95' lang='lat' dir='ltr'><strong>non</strong></span> <span class='ocrx_word' id='word_1_4' title='bbox 588 477 796 548; x_wconf 80' lang='lat' dir='ltr'><strong>:equale</strong></span> <span class='ocrx_word' id='word_1_5' title='bbox 822 479 910 548; x_wconf 91' lang='lat' dir='ltr'><strong>qui</strong></span> <span class='ocrx_word' id='word_1_6' title='bbox 938 475 1085 535; x_wconf 87' lang='lat' dir='ltr'><strong>fecit.</strong></span> <span class='ocrx_word' id='word_1_7' title='bbox 1112 474 1259 530; x_wconf 86' lang='lat' dir='ltr'><strong>Fecit</strong></span> <span class='ocrx_word' id='word_1_8' title='bbox 1290 474 1430 529; x_wconf 90' lang='lat' dir='ltr'><strong>enim</strong></span> <span class='ocrx_word' id='word_1_9' title='bbox 1462 473 1603 528; x_wconf 89' lang='lat' dir='ltr'><strong>Deus</strong></span> <span class='ocrx_word' id='word_1_10' title='bbox 1631 473 1810 528; x_wconf 85' lang='lat' dir='ltr'><strong>omnia</strong></span> <span class='ocrx_word' id='word_1_11' title='bbox 1842 473 1940 528; x_wconf 85' lang='lat' dir='ltr'><strong>bo-</strong></span> 
     </span>
    </p>
   </div>
   <div class='ocr_carea' id='block_1_3' title="bbox 351 561 1942 639">
    <p class='ocr_par' dir='ltr' id='par_1_3' title="bbox 351 561 1942 639">
     <span class='ocr_line' id='line_1_3' title="bbox 351 561 1942 639; baseline -0.003 -17"><span class='ocrx_word' id='word_1_12' title='bbox 351 583 416 622; x_wconf 93' lang='lat' dir='ltr'><strong>na</strong></span> <span class='ocrx_word' id='word_1_13' title='bbox 446 567 599 623; x_wconf 83' lang='lat' dir='ltr'><strong>valde</strong></span> <span class='ocrx_word' id='word_1_14' title='bbox 639 568 790 639; x_wconf 82' lang='lat' dir='ltr'><strong>(Gen.</strong></span> <span class='ocrx_word' id='word_1_15' title='bbox 823 583 876 634; x_wconf 85' lang='grc' dir='ltr'><strong>ι,</strong></span> <span class='ocrx_word' id='word_1_16' title='bbox 904 568 1038 638; x_wconf 77' lang='grc'><strong>51);</strong></span> <span class='ocrx_word' id='word_1_17' title='bbox 1077 565 1170 621; x_wconf 90' lang='lat' dir='ltr'><strong>sed</strong></span> <span class='ocrx_word' id='word_1_18' title='bbox 1209 580 1312 620; x_wconf 93' lang='lat' dir='ltr'><strong>non</strong></span> <span class='ocrx_word' id='word_1_19' title='bbox 1351 579 1560 619; x_wconf 90' lang='lat' dir='ltr'><strong>summe</strong></span> <span class='ocrx_word' id='word_1_20' title='bbox 1589 563 1727 619; x_wconf 90' lang='lat' dir='ltr'><strong>bona</strong></span> <span class='ocrx_word' id='word_1_21' title='bbox 1749 605 1766 630; x_wconf 92' lang='lat'><strong>,</strong></span> <span class='ocrx_word' id='word_1_22' title='bbox 1803 561 1942 618; x_wconf 94' lang='lat' dir='ltr'><strong>sicut</strong></span> 
     </span>
    </p>
   </div>
   <div class='ocr_carea' id='block_1_4' title="bbox 348 657 1937 732">
    <p class='ocr_par' dir='ltr' id='par_1_4' title="bbox 348 657 1937 732">
     <span class='ocr_line' id='line_1_4' title="bbox 348 657 1937 732; baseline -0.005 -16"><span class='ocrx_word' id='word_1_23' title='bbox 348 670 429 716; x_wconf 91' lang='lat' dir='ltr'><strong>est</strong></span> <span class='ocrx_word' id='word_1_24' title='bbox 460 660 613 732; x_wconf 87' lang='lat' dir='ltr'><strong>ipse:</strong></span> <span class='ocrx_word' id='word_1_25' title='bbox 637 677 755 731; x_wconf 76' lang='lat' dir='ltr'><strong>qua:</strong></span> <span class='ocrx_word' id='word_1_26' title='bbox 785 669 960 715; x_wconf 86' lang='lat' dir='ltr'><strong>tamen</strong></span> <span class='ocrx_word' id='word_1_27' title='bbox 993 659 1130 714; x_wconf 90' lang='lat' dir='ltr'><strong>bona</strong></span> <span class='ocrx_word' id='word_1_28' title='bbox 1161 657 1568 728; x_wconf 83' lang='lat' dir='ltr'><strong>qualiacumque</strong></span> <span class='ocrx_word' id='word_1_29' title='bbox 1599 670 1706 711; x_wconf 93' lang='lat' dir='ltr'><strong>non</strong></span> <span class='ocrx_word' id='word_1_30' title='bbox 1735 664 1937 719; x_wconf 89' lang='lat' dir='ltr'><strong>essent,</strong></span> 
     </span>
    </p>
   </div>
   <div class='ocr_carea' id='block_1_5' title="bbox 351 745 1939 816">
    <p class='ocr_par' dir='ltr' id='par_1_5' title="bbox 351 745 1939 816">
     <span class='ocr_line' id='line_1_5' title="bbox 351 745 1939 816; baseline -0.003 -10"><span class='ocrx_word' id='word_1_31' title='bbox 351 751 450 807; x_wconf 91' lang='lat' dir='ltr'><strong>nisi</strong></span> <span class='ocrx_word' id='word_1_32' title='bbox 495 767 557 808; x_wconf 88' lang='lat' dir='ltr'><strong>ea</strong></span> <span class='ocrx_word' id='word_1_33' title='bbox 609 751 823 808; x_wconf 89' lang='lat' dir='ltr'><strong>fecisset</strong></span> <span class='ocrx_word' id='word_1_34' title='bbox 863 765 1073 806; x_wconf 90' lang='lat' dir='ltr'><strong>summe</strong></span> <span class='ocrx_word' id='word_1_35' title='bbox 1116 748 1329 816; x_wconf 91' lang='lat' dir='ltr'><strong>bonus;</strong></span> <span class='ocrx_word' id='word_1_36' title='bbox 1374 762 1476 803; x_wconf 94' lang='lat' dir='ltr'><strong>nec</strong></span> <span class='ocrx_word' id='word_1_37' title='bbox 1512 747 1787 802; x_wconf 78' lang='lat' dir='ltr'><strong>mutabilia</strong></span> <span class='ocrx_word' id='word_1_38' title='bbox 1833 745 1939 801; x_wconf 87' lang='lat' dir='ltr'><strong>ulla</strong></span> 
     </span>
    </p>
   </div>
   <div class='ocr_carea' id='block_1_6' title="bbox 349 837 1940 906">
    <p class='ocr_par' dir='ltr' id='par_1_6' title="bbox 349 837 1940 906">
     <span class='ocr_line' id='line_1_6' title="bbox 349 837 1940 906; baseline -0.004 -8"><span class='ocrx_word' id='word_1_39' title='bbox 349 844 486 898; x_wconf 92' lang='lat' dir='ltr'><strong>hona</strong></span> <span class='ocrx_word' id='word_1_40' title='bbox 517 851 720 906; x_wconf 88' lang='lat' dir='ltr'><strong>essent,</strong></span> <span class='ocrx_word' id='word_1_41' title='bbox 749 841 850 896; x_wconf 90' lang='lat' dir='ltr'><strong>nisi</strong></span> <span class='ocrx_word' id='word_1_42' title='bbox 878 857 940 898; x_wconf 90' lang='lat' dir='ltr'><strong>ea</strong></span> <span class='ocrx_word' id='word_1_43' title='bbox 974 839 1187 896; x_wconf 88' lang='lat' dir='ltr'><strong>fecisset</strong></span> <span class='ocrx_word' id='word_1_44' title='bbox 1212 838 1614 894; x_wconf 90' lang='lat' dir='ltr'><strong>immutabiliter</strong></span> <span class='ocrx_word' id='word_1_45' title='bbox 1638 838 1830 892; x_wconf 87' lang='lat' dir='ltr'><strong>bonus.</strong></span> <span class='ocrx_word' id='word_1_46' title='bbox 1863 837 1940 892; x_wconf 78' lang='lat' dir='ltr'><strong>Ac</strong></span> 
     </span>
    </p>
   </div>
   <div class='ocr_carea' id='block_1_7' title="bbox 350 930 1941 1006">
    <p class='ocr_par' dir='ltr' id='par_1_7' title="bbox 350 930 1941 1006">
     <span class='ocr_line' id='line_1_7' title="bbox 350 930 1941 1006; baseline -0.003 -15"><span class='ocrx_word' id='word_1_47' title='bbox 350 953 446 1006; x_wconf 90' lang='lat' dir='ltr'><strong>per</strong></span> <span class='ocrx_word' id='word_1_48' title='bbox 492 937 612 1003; x_wconf 91' lang='lat' dir='ltr'><strong>hoc,</strong></span> <span class='ocrx_word' id='word_1_49' title='bbox 661 935 933 990; x_wconf 76' lang='lat' dir='ltr'><strong>Manichrei</strong></span> <span class='ocrx_word' id='word_1_50' title='bbox 977 949 1098 990; x_wconf 94' lang='lat' dir='ltr'><strong>cum</strong></span> <span class='ocrx_word' id='word_1_51' title='bbox 1143 942 1392 1006; x_wconf 69' lang='lat' dir='ltr'><strong>quaarunt</strong></span> <span class='ocrx_word' id='word_1_52' title='bbox 1428 947 1460 987; x_wconf 88' lang='lat' dir='ltr'><strong>a</strong></span> <span class='ocrx_word' id='word_1_53' title='bbox 1503 932 1658 988; x_wconf 92' lang='lat' dir='ltr'><strong>nobis</strong></span> <span class='ocrx_word' id='word_1_54' title='bbox 1693 931 1835 987; x_wconf 94' lang='lat' dir='ltr'><strong>unde</strong></span> <span class='ocrx_word' id='word_1_55' title='bbox 1871 930 1941 986; x_wconf 92' lang='lat' dir='ltr'><strong>sit</strong></span> 
     </span>
    </p>
   </div>
   <div class='ocr_carea' id='block_1_8' title="bbox 348 1026 1937 1098">
    <p class='ocr_par' dir='ltr' id='par_1_8' title="bbox 348 1026 1937 1098">
     <span class='ocr_line' id='line_1_8' title="bbox 348 1026 1937 1098; baseline -0.003 -14"><span class='ocrx_word' id='word_1_56' title='bbox 348 1029 585 1098; x_wconf 90' lang='lat' dir='ltr'><strong>malum,</strong></span> <span class='ocrx_word' id='word_1_57' title='bbox 626 1029 868 1084; x_wconf 87' lang='lat' dir='ltr'><strong>volentes</strong></span> <span class='ocrx_word' id='word_1_58' title='bbox 906 1027 1243 1083; x_wconf 76' lang='lat' dir='ltr'><strong>introducere</strong></span> <span class='ocrx_word' id='word_1_59' title='bbox 1283 1027 1481 1082; x_wconf 90' lang='lat' dir='ltr'><strong>malum</strong></span> <span class='ocrx_word' id='word_1_60' title='bbox 1543 1026 1656 1082; x_wconf 89' lang='lat' dir='ltr'><strong>Deo</strong></span> <span class='ocrx_word' id='word_1_61' title='bbox 1711 1035 1937 1080; x_wconf 63' lang='lat' dir='ltr'><strong>coaeter-</strong></span> 
     </span>
    </p>
   </div>
   <div class='ocr_carea' id='block_1_9' title="bbox 349 1118 1940 1190">
    <p class='ocr_par' dir='ltr' id='par_1_9' title="bbox 349 1118 1940 1190">
     <span class='ocr_line' id='line_1_9' title="bbox 349 1118 1940 1190; baseline -0.002 -16"><span class='ocrx_word' id='word_1_62' title='bbox 349 1137 498 1187; x_wconf 79' lang='lat' dir='ltr'><strong>uum,</strong></span> <span class='ocrx_word' id='word_1_63' title='bbox 532 1121 828 1176; x_wconf 89' lang='lat' dir='ltr'><strong>nescientes</strong></span> <span class='ocrx_word' id='word_1_64' title='bbox 857 1119 984 1190; x_wconf 90' lang='lat' dir='ltr'><strong>quid</strong></span> <span class='ocrx_word' id='word_1_65' title='bbox 1014 1119 1084 1174; x_wconf 87' lang='lat' dir='ltr'><strong>sit</strong></span> <span class='ocrx_word' id='word_1_66' title='bbox 1107 1119 1328 1184; x_wconf 90' lang='lat' dir='ltr'><strong>malum,</strong></span> <span class='ocrx_word' id='word_1_67' title='bbox 1358 1118 1516 1189; x_wconf 86' lang='lat' dir='ltr'><strong>idque</strong></span> <span class='ocrx_word' id='word_1_68' title='bbox 1544 1125 1790 1188; x_wconf 85' lang='lat' dir='ltr'><strong>putantes</strong></span> <span class='ocrx_word' id='word_1_69' title='bbox 1818 1131 1940 1172; x_wconf 90' lang='lat' dir='ltr'><strong>esse</strong></span> 
     </span>
    </p>
   </div>
   <div class='ocr_carea' id='block_1_10' title="bbox 345 1207 1938 1281">
    <p class='ocr_par' dir='ltr' id='par_1_10' title="bbox 345 1207 1938 1281">
     <span class='ocr_line' id='line_1_10' title="bbox 345 1207 1938 1281; baseline 0 -18"><span class='ocrx_word' id='word_1_70' title='bbox 345 1221 591 1264; x_wconf 89' lang='lat' dir='ltr'><strong>naturam</strong></span> <span class='ocrx_word' id='word_1_71' title='bbox 631 1222 791 1281; x_wconf 90' lang='lat' dir='ltr'><strong>atque</strong></span> <span class='ocrx_word' id='word_1_72' title='bbox 833 1210 1184 1266; x_wconf 84' lang='lat' dir='ltr'><strong>substantiam</strong></span> <span class='ocrx_word' id='word_1_73' title='bbox 1213 1227 1227 1263; x_wconf 92' lang='lat'><strong>:</strong></span> <span class='ocrx_word' id='word_1_74' title='bbox 1256 1208 1645 1278; x_wconf 85' lang='lat' dir='ltr'><strong>respondemus</strong></span> <span class='ocrx_word' id='word_1_75' title='bbox 1685 1207 1786 1274; x_wconf 87' lang='lat' dir='ltr'><strong>eis,</strong></span> <span class='ocrx_word' id='word_1_76' title='bbox 1831 1221 1938 1263; x_wconf 93' lang='lat' dir='ltr'><strong>non</strong></span> 
     </span>
    </p>
   </div>
   <div class='ocr_carea' id='block_1_11' title="bbox 346 1298 1938 1371">
    <p class='ocr_par' dir='ltr' id='par_1_11' title="bbox 346 1298 1938 1371">
     <span class='ocr_line' id='line_1_11' title="bbox 346 1298 1938 1371; baseline -0.001 -17"><span class='ocrx_word' id='word_1_77' title='bbox 346 1314 468 1355; x_wconf 90' lang='lat' dir='ltr'><strong>csse</strong></span> <span class='ocrx_word' id='word_1_78' title='bbox 514 1301 710 1355; x_wconf 90' lang='lat' dir='ltr'><strong>malum</strong></span> <span class='ocrx_word' id='word_1_79' title='bbox 761 1317 826 1356; x_wconf 91' lang='lat' dir='ltr'><strong>ex</strong></span> <span class='ocrx_word' id='word_1_80' title='bbox 876 1301 1006 1368; x_wconf 90' lang='lat' dir='ltr'><strong>Deo,</strong></span> <span class='ocrx_word' id='word_1_81' title='bbox 1057 1315 1232 1371; x_wconf 92' lang='lat' dir='ltr'><strong>neque</strong></span> <span class='ocrx_word' id='word_1_82' title='bbox 1277 1308 1604 1354; x_wconf 72' lang='lat' dir='ltr'><strong>coteternum</strong></span> <span class='ocrx_word' id='word_1_83' title='bbox 1651 1299 1798 1366; x_wconf 93' lang='lat' dir='ltr'><strong>Deo;</strong></span> <span class='ocrx_word' id='word_1_84' title='bbox 1843 1298 1938 1353; x_wconf 89' lang='lat' dir='ltr'><strong>sed</strong></span> 
     </span>
    </p>
   </div>
   <div class='ocr_carea' id='block_1_12' title="bbox 347 1390 1940 1447">
    <p class='ocr_par' dir='ltr' id='par_1_12' title="bbox 347 1390 1940 1447">
     <span class='ocr_line' id='line_1_12' title="bbox 347 1390 1940 1447; baseline -0.001 -3"><span class='ocrx_word' id='word_1_85' title='bbox 347 1390 548 1446; x_wconf 90' lang='lat' dir='ltr'><strong>malum</strong></span> <span class='ocrx_word' id='word_1_86' title='bbox 580 1399 756 1446; x_wconf 91' lang='lat' dir='ltr'><strong>ortum</strong></span> <span class='ocrx_word' id='word_1_87' title='bbox 787 1406 910 1447; x_wconf 89' lang='lat' dir='ltr'><strong>esse</strong></span> <span class='ocrx_word' id='word_1_88' title='bbox 937 1407 1002 1447; x_wconf 88' lang='lat' dir='ltr'><strong>ex</strong></span> <span class='ocrx_word' id='word_1_89' title='bbox 1035 1390 1202 1445; x_wconf 86' lang='lat' dir='ltr'><strong>libera</strong></span> <span class='ocrx_word' id='word_1_90' title='bbox 1231 1390 1505 1445; x_wconf 84' lang='lat' dir='ltr'><strong>voluntate</strong></span> <span class='ocrx_word' id='word_1_91' title='bbox 1534 1400 1740 1445; x_wconf 73' lang='lat' dir='ltr'><strong>natura:</strong></span> <span class='ocrx_word' id='word_1_92' title='bbox 1771 1391 1940 1444; x_wconf 73' lang='lat' dir='ltr'><strong>ratio-</strong></span> 
     </span>
    </p>
   </div>
   <div class='ocr_carea' id='block_1_13' title="bbox 347 1479 1938 1552">
    <p class='ocr_par' dir='ltr' id='par_1_13' title="bbox 347 1479 1938 1552">
     <span class='ocr_line' id='line_1_13' title="bbox 347 1479 1938 1552; baseline 0.001 -18"><span class='ocrx_word' id='word_1_93' title='bbox 347 1481 503 1546; x_wconf 83' lang='lat' dir='ltr'><strong>nalis,</strong></span> <span class='ocrx_word' id='word_1_94' title='bbox 536 1498 654 1552; x_wconf 73' lang='lat' dir='ltr'><strong>qute</strong></span> <span class='ocrx_word' id='word_1_95' title='bbox 681 1481 818 1537; x_wconf 88' lang='lat' dir='ltr'><strong>bene</strong></span> <span class='ocrx_word' id='word_1_96' title='bbox 845 1497 875 1536; x_wconf 91' lang='lat' dir='ltr'><strong>a</strong></span> <span class='ocrx_word' id='word_1_97' title='bbox 905 1481 1048 1536; x_wconf 91' lang='lat' dir='ltr'><strong>bono</strong></span> <span class='ocrx_word' id='word_1_98' title='bbox 1075 1481 1288 1536; x_wconf 91' lang='lat' dir='ltr'><strong>condita</strong></span> <span class='ocrx_word' id='word_1_99' title='bbox 1311 1489 1393 1536; x_wconf 90' lang='lat' dir='ltr'><strong>est</strong></span> <span class='ocrx_word' id='word_1_100' title='bbox 1419 1495 1435 1545; x_wconf 95' lang='lat'><strong>;</strong></span> <span class='ocrx_word' id='word_1_101' title='bbox 1465 1480 1556 1535; x_wconf 92' lang='lat' dir='ltr'><strong>sed</strong></span> <span class='ocrx_word' id='word_1_102' title='bbox 1585 1479 1794 1534; x_wconf 82' lang='lat' dir='ltr'><strong>bonitas</strong></span> <span class='ocrx_word' id='word_1_103' title='bbox 1820 1479 1938 1549; x_wconf 84' lang='lat' dir='ltr'><strong>ejus</strong></span> 
     </span>
    </p>
   </div>
   <div class='ocr_carea' id='block_1_14' title="bbox 347 1570 1936 1643">
    <p class='ocr_par' dir='ltr' id='par_1_14' title="bbox 347 1570 1936 1643">
     <span class='ocr_line' id='line_1_14' title="bbox 347 1570 1936 1643; baseline 0 -18"><span class='ocrx_word' id='word_1_104' title='bbox 347 1585 454 1626; x_wconf 93' lang='lat' dir='ltr'><strong>non</strong></span> <span class='ocrx_word' id='word_1_105' title='bbox 503 1571 843 1643; x_wconf 63' lang='lat' dir='ltr'><strong>estaquaiis</strong></span> <span class='ocrx_word' id='word_1_106' title='bbox 879 1571 1101 1626; x_wconf 88' lang='lat' dir='ltr'><strong>bonitati</strong></span> <span class='ocrx_word' id='word_1_107' title='bbox 1139 1570 1442 1626; x_wconf 85' lang='lat' dir='ltr'><strong>Conditoris</strong></span> <span class='ocrx_word' id='word_1_108' title='bbox 1486 1571 1642 1639; x_wconf 91' lang='lat' dir='ltr'><strong>ejus;</strong></span> <span class='ocrx_word' id='word_1_109' title='bbox 1687 1571 1936 1641; x_wconf 90' lang='lat' dir='ltr'><strong>quoniam</strong></span> 
     </span>
    </p>
   </div>
   <div class='ocr_carea' id='block_1_15' title="bbox 346 1660 1936 1734">
    <p class='ocr_par' dir='ltr' id='par_1_15' title="bbox 346 1660 1936 1734">
     <span class='ocr_line' id='line_1_15' title="bbox 346 1660 1936 1734; baseline -0.001 -17"><span class='ocrx_word' id='word_1_110' title='bbox 346 1678 454 1718; x_wconf 92' lang='lat' dir='ltr'><strong>non</strong></span> <span class='ocrx_word' id='word_1_111' title='bbox 483 1671 671 1718; x_wconf 89' lang='lat' dir='ltr'><strong>natura</strong></span> <span class='ocrx_word' id='word_1_112' title='bbox 692 1703 708 1727; x_wconf 91' lang='lat'><strong>,</strong></span> <span class='ocrx_word' id='word_1_113' title='bbox 749 1662 842 1718; x_wconf 88' lang='lat' dir='ltr'><strong>sed</strong></span> <span class='ocrx_word' id='word_1_114' title='bbox 873 1677 1008 1734; x_wconf 90' lang='lat' dir='ltr'><strong>opus</strong></span> <span class='ocrx_word' id='word_1_115' title='bbox 1036 1662 1151 1733; x_wconf 93' lang='lat' dir='ltr'><strong>ejus</strong></span> <span class='ocrx_word' id='word_1_116' title='bbox 1187 1670 1308 1728; x_wconf 90' lang='lat' dir='ltr'><strong>est;</strong></span> <span class='ocrx_word' id='word_1_117' title='bbox 1342 1661 1566 1733; x_wconf 89' lang='lat' dir='ltr'><strong>ideoque</strong></span> <span class='ocrx_word' id='word_1_118' title='bbox 1597 1660 1779 1716; x_wconf 88' lang='lat' dir='ltr'><strong>habuit</strong></span> <span class='ocrx_word' id='word_1_119' title='bbox 1807 1675 1936 1732; x_wconf 83' lang='lat' dir='ltr'><strong>pec-</strong></span> 
     </span>
    </p>
   </div>
   <div class='ocr_carea' id='block_1_16' title="bbox 346 1752 1938 1823">
    <p class='ocr_par' dir='ltr' id='par_1_16' title="bbox 346 1752 1938 1823">
     <span class='ocr_line' id='line_1_16' title="bbox 346 1752 1938 1823; baseline 0.001 -16"><span class='ocrx_word' id='word_1_120' title='bbox 346 1753 500 1808; x_wconf 83' lang='lat' dir='ltr'><strong>randi</strong></span> <span class='ocrx_word' id='word_1_121' title='bbox 543 1753 981 1823; x_wconf 87' lang='lat' dir='ltr'><strong>possibilitatem,</strong></span> <span class='ocrx_word' id='word_1_122' title='bbox 1025 1770 1129 1808; x_wconf 94' lang='lat' dir='ltr'><strong>non</strong></span> <span class='ocrx_word' id='word_1_123' title='bbox 1172 1763 1346 1808; x_wconf 90' lang='lat' dir='ltr'><strong>tamen</strong></span> <span class='ocrx_word' id='word_1_124' title='bbox 1384 1752 1780 1808; x_wconf 87' lang='lat' dir='ltr'><strong>necessitatem.</strong></span> <span class='ocrx_word' id='word_1_125' title='bbox 1829 1752 1938 1809; x_wconf 83' lang='lat' dir='ltr'><strong>Nec</strong></span> 
     </span>
    </p>
   </div>
   <div class='ocr_carea' id='block_1_17' title="bbox 347 1844 1936 1916">
    <p class='ocr_par' dir='ltr' id='par_1_17' title="bbox 347 1844 1936 1916">
     <span class='ocr_line' id='line_1_17' title="bbox 347 1844 1936 1916; baseline 0.002 -19"><span class='ocrx_word' id='word_1_126' title='bbox 347 1844 752 1915; x_wconf 70' lang='lat' dir='ltr'><strong>possibilitatem</strong></span> <span class='ocrx_word' id='word_1_127' title='bbox 779 1854 955 1900; x_wconf 88' lang='lat' dir='ltr'><strong>autem</strong></span> <span class='ocrx_word' id='word_1_128' title='bbox 983 1845 1223 1909; x_wconf 89' lang='lat' dir='ltr'><strong>haberet,</strong></span> <span class='ocrx_word' id='word_1_129' title='bbox 1253 1846 1298 1900; x_wconf 91' lang='lat' dir='ltr'><strong>si</strong></span> <span class='ocrx_word' id='word_1_130' title='bbox 1325 1845 1418 1900; x_wconf 89' lang='lat' dir='ltr'><strong>Dei</strong></span> <span class='ocrx_word' id='word_1_131' title='bbox 1444 1855 1629 1899; x_wconf 91' lang='lat' dir='ltr'><strong>natura</strong></span> <span class='ocrx_word' id='word_1_132' title='bbox 1656 1855 1818 1912; x_wconf 87' lang='lat' dir='ltr'><strong>esset,</strong></span> <span class='ocrx_word' id='word_1_133' title='bbox 1846 1845 1936 1916; x_wconf 92' lang='lat' dir='ltr'><strong>qui</strong></span> 
     </span>
    </p>
   </div>
   <div class='ocr_carea' id='block_1_18' title="bbox 346 1937 1934 2008">
    <p class='ocr_par' dir='ltr' id='par_1_18' title="bbox 346 1937 1934 2008">
     <span class='ocr_line' id='line_1_18' title="bbox 346 1937 1934 2008; baseline 0.002 -19"><span class='ocrx_word' id='word_1_134' title='bbox 346 1951 567 2006; x_wconf 85' lang='lat' dir='ltr'><strong>peccare</strong></span> <span class='ocrx_word' id='word_1_135' title='bbox 589 1951 688 1992; x_wconf 90' lang='lat' dir='ltr'><strong>nec</strong></span> <span class='ocrx_word' id='word_1_136' title='bbox 707 1937 819 1991; x_wconf 83' lang='lat' dir='ltr'><strong>vult</strong></span> <span class='ocrx_word' id='word_1_137' title='bbox 844 1952 1020 2007; x_wconf 86' lang='lat' dir='ltr'><strong>posse,</strong></span> <span class='ocrx_word' id='word_1_138' title='bbox 1049 1952 1149 1993; x_wconf 92' lang='lat' dir='ltr'><strong>nec</strong></span> <span class='ocrx_word' id='word_1_139' title='bbox 1175 1946 1347 2008; x_wconf 89' lang='lat' dir='ltr'><strong>potest</strong></span> <span class='ocrx_word' id='word_1_140' title='bbox 1371 1937 1526 1992; x_wconf 85' lang='lat' dir='ltr'><strong>velle.</strong></span> <span class='ocrx_word' id='word_1_141' title='bbox 1558 1937 1934 1993; x_wconf 85' lang='lat' dir='ltr'><strong>Verumtamen</strong></span> 
     </span>
    </p>
   </div>
   <div class='ocr_carea' id='block_1_19' title="bbox 345 2027 1935 2098">
    <p class='ocr_par' dir='ltr' id='par_1_19' title="bbox 345 2027 1935 2098">
     <span class='ocr_line' id='line_1_19' title="bbox 345 2027 1935 2098; baseline 0.002 -17"><span class='ocrx_word' id='word_1_142' title='bbox 345 2027 619 2082; x_wconf 84' lang='lat' dir='ltr'><strong>rationalis</strong></span> <span class='ocrx_word' id='word_1_143' title='bbox 647 2029 745 2082; x_wconf 91' lang='lat' dir='ltr'><strong>ista</strong></span> <span class='ocrx_word' id='word_1_144' title='bbox 779 2039 966 2082; x_wconf 90' lang='lat' dir='ltr'><strong>natura</strong></span> <span class='ocrx_word' id='word_1_145' title='bbox 998 2029 1049 2082; x_wconf 92' lang='lat' dir='ltr'><strong>in</strong></span> <span class='ocrx_word' id='word_1_146' title='bbox 1092 2027 1192 2084; x_wconf 90' lang='lat' dir='ltr'><strong>hac</strong></span> <span class='ocrx_word' id='word_1_147' title='bbox 1231 2027 1581 2098; x_wconf 88' lang='lat' dir='ltr'><strong>possibilitate</strong></span> <span class='ocrx_word' id='word_1_148' title='bbox 1609 2027 1860 2098; x_wconf 89' lang='lat' dir='ltr'><strong>peccandi</strong></span> <span class='ocrx_word' id='word_1_149' title='bbox 1890 2028 1935 2084; x_wconf 87' lang='lat' dir='ltr'><strong>si</strong></span> 
     </span>
    </p>
   </div>
   <div class='ocr_carea' id='block_1_20' title="bbox 345 2118 1934 2190">
    <p class='ocr_par' dir='ltr' id='par_1_20' title="bbox 345 2118 1934 2190">
     <span class='ocr_line' id='line_1_20' title="bbox 345 2118 1934 2190; baseline 0.002 -19"><span class='ocrx_word' id='word_1_150' title='bbox 345 2133 450 2171; x_wconf 91' lang='lat' dir='ltr'><strong>non</strong></span> <span class='ocrx_word' id='word_1_151' title='bbox 477 2127 767 2188; x_wconf 87' lang='lat' dir='ltr'><strong>peccasset,</strong></span> <span class='ocrx_word' id='word_1_152' title='bbox 797 2118 1009 2189; x_wconf 88' lang='lat' dir='ltr'><strong>quando</strong></span> <span class='ocrx_word' id='word_1_153' title='bbox 1032 2133 1254 2190; x_wconf 87' lang='lat' dir='ltr'><strong>peccare</strong></span> <span class='ocrx_word' id='word_1_154' title='bbox 1277 2119 1558 2188; x_wconf 90' lang='lat' dir='ltr'><strong>potuisset,</strong></span> <span class='ocrx_word' id='word_1_155' title='bbox 1589 2134 1836 2190; x_wconf 88' lang='lat' dir='ltr'><strong>magnum</strong></span> <span class='ocrx_word' id='word_1_156' title='bbox 1859 2120 1934 2174; x_wconf 85' lang='lat' dir='ltr'><strong>si-</strong></span> 
     </span>
    </p>
   </div>
   <div class='ocr_carea' id='block_1_21' title="bbox 346 2208 1934 2280">
    <p class='ocr_par' dir='ltr' id='par_1_21' title="bbox 346 2208 1934 2280">
     <span class='ocr_line' id='line_1_21' title="bbox 346 2208 1934 2280; baseline 0.001 -18"><span class='ocrx_word' id='word_1_157' title='bbox 346 2208 396 2262; x_wconf 89' lang='lat' dir='ltr'><strong>hi</strong></span> <span class='ocrx_word' id='word_1_158' title='bbox 420 2209 666 2263; x_wconf 91' lang='lat' dir='ltr'><strong>meritum</strong></span> <span class='ocrx_word' id='word_1_159' title='bbox 687 2219 1051 2280; x_wconf 90' lang='lat' dir='ltr'><strong>comparasset</strong></span> <span class='ocrx_word' id='word_1_160' title='bbox 1072 2227 1084 2262; x_wconf 90' lang='lat'>:</span> <span class='ocrx_word' id='word_1_161' title='bbox 1104 2209 1258 2279; x_wconf 87' lang='lat' dir='ltr'><strong>cujus</strong></span> <span class='ocrx_word' id='word_1_162' title='bbox 1281 2209 1452 2263; x_wconf 91' lang='lat' dir='ltr'><strong>meriti</strong></span> <span class='ocrx_word' id='word_1_163' title='bbox 1478 2209 1752 2278; x_wconf 59' lang='lat' dir='ltr'><strong>praemium</strong></span> <span class='ocrx_word' id='word_1_164' title='bbox 1775 2210 1934 2265; x_wconf 88' lang='lat' dir='ltr'><strong>etiam</strong></span> 
     </span>
    </p>
   </div>
   <div class='ocr_carea' id='block_1_22' title="bbox 345 2299 1931 2370">
    <p class='ocr_par' dir='ltr' id='par_1_22' title="bbox 345 2299 1931 2370">
     <span class='ocr_line' id='line_1_22' title="bbox 345 2299 1931 2370; baseline 0.002 -18"><span class='ocrx_word' id='word_1_165' title='bbox 345 2299 448 2354; x_wconf 91' lang='lat' dir='ltr'><strong>hoc</strong></span> <span class='ocrx_word' id='word_1_166' title='bbox 492 2308 662 2364; x_wconf 77' lang='lat' dir='ltr'><strong>esset,</strong></span> <span class='ocrx_word' id='word_1_167' title='bbox 699 2309 756 2354; x_wconf 94' lang='lat' dir='ltr'><strong>ut</strong></span> <span class='ocrx_word' id='word_1_168' title='bbox 792 2301 993 2370; x_wconf 89' lang='lat' dir='ltr'><strong>majore</strong></span> <span class='ocrx_word' id='word_1_169' title='bbox 1030 2299 1281 2355; x_wconf 89' lang='lat' dir='ltr'><strong>felicitate</strong></span> <span class='ocrx_word' id='word_1_170' title='bbox 1321 2315 1543 2369; x_wconf 90' lang='lat' dir='ltr'><strong>peccare</strong></span> <span class='ocrx_word' id='word_1_171' title='bbox 1583 2317 1690 2355; x_wconf 91' lang='lat' dir='ltr'><strong>non</strong></span> <span class='ocrx_word' id='word_1_172' title='bbox 1727 2309 1931 2370; x_wconf 91' lang='lat' dir='ltr'><strong>posset.</strong></span> 
     </span>
    </p>
   </div>
   <div class='ocr_carea' id='block_1_23' title="bbox 346 2389 1934 2461">
    <p class='ocr_par' dir='ltr' id='par_1_23' title="bbox 346 2389 1934 2461">
     <span class='ocr_line' id='line_1_23' title="bbox 346 2389 1934 2461; baseline 0.002 -18"><span class='ocrx_word' id='word_1_173' title='bbox 346 2389 450 2443; x_wconf 90' lang='lat' dir='ltr'><strong>Sed</strong></span> <span class='ocrx_word' id='word_1_174' title='bbox 484 2389 586 2444; x_wconf 91' lang='lat' dir='ltr'><strong>hoc</strong></span> <span class='ocrx_word' id='word_1_175' title='bbox 615 2389 798 2444; x_wconf 91' lang='lat' dir='ltr'><strong>audito</strong></span> <span class='ocrx_word' id='word_1_176' title='bbox 826 2389 1149 2444; x_wconf 80' lang='lat' dir='ltr'><strong>Manicha-us</strong></span> <span class='ocrx_word' id='word_1_177' title='bbox 1175 2390 1350 2444; x_wconf 92' lang='lat' dir='ltr'><strong>adhuc</strong></span> <span class='ocrx_word' id='word_1_178' title='bbox 1382 2391 1573 2461; x_wconf 81' lang='lat' dir='ltr'><strong>pergit,</strong></span> <span class='ocrx_word' id='word_1_179' title='bbox 1605 2399 1658 2446; x_wconf 92' lang='lat' dir='ltr'><strong>et</strong></span> <span class='ocrx_word' id='word_1_180' title='bbox 1686 2390 1815 2446; x_wconf 91' lang='lat' dir='ltr'><strong>dicit</strong></span> <span class='ocrx_word' id='word_1_181' title='bbox 1839 2409 1853 2445; x_wconf 90' lang='lat'><strong>:</strong></span> <span class='ocrx_word' id='word_1_182' title='bbox 1877 2391 1934 2446; x_wconf 92' lang='lat' dir='ltr'><strong>Si</strong></span> 
     </span>
    </p>
   </div>
   <div class='ocr_carea' id='block_1_24' title="bbox 344 2479 1932 2546">
    <p class='ocr_par' dir='ltr' id='par_1_24' title="bbox 344 2479 1932 2546">
     <span class='ocr_line' id='line_1_24' title="bbox 344 2479 1932 2546; baseline 0.001 -12"><span class='ocrx_word' id='word_1_183' title='bbox 344 2495 409 2534; x_wconf 86' lang='lat' dir='ltr'><strong>ex</strong></span> <span class='ocrx_word' id='word_1_184' title='bbox 456 2479 620 2534; x_wconf 88' lang='lat' dir='ltr'><strong>libera</strong></span> <span class='ocrx_word' id='word_1_185' title='bbox 650 2479 919 2535; x_wconf 86' lang='lat' dir='ltr'><strong>voluntate</strong></span> <span class='ocrx_word' id='word_1_186' title='bbox 948 2495 1148 2535; x_wconf 73' lang='lat' dir='ltr'><strong>natura:</strong></span> <span class='ocrx_word' id='word_1_187' title='bbox 1174 2481 1447 2536; x_wconf 89' lang='lat' dir='ltr'><strong>rationalis</strong></span> <span class='ocrx_word' id='word_1_188' title='bbox 1472 2490 1555 2536; x_wconf 91' lang='lat' dir='ltr'><strong>est</strong></span> <span class='ocrx_word' id='word_1_189' title='bbox 1582 2482 1798 2546; x_wconf 88' lang='lat' dir='ltr'><strong>malum,</strong></span> <span class='ocrx_word' id='word_1_190' title='bbox 1830 2497 1932 2536; x_wconf 83' lang='lat' dir='ltr'><strong>nn-</strong></span> 
     </span>
    </p>
   </div>
   <div class='ocr_carea' id='block_1_25' title="bbox 343 2571 1934 2644">
    <p class='ocr_par' dir='ltr' id='par_1_25' title="bbox 343 2571 1934 2644">
     <span class='ocr_line' id='line_1_25' title="bbox 343 2571 1934 2644; baseline 0.002 -18"><span class='ocrx_word' id='word_1_191' title='bbox 343 2571 410 2628; x_wconf 89' lang='lat' dir='ltr'><strong>de</strong></span> <span class='ocrx_word' id='word_1_192' title='bbox 436 2583 560 2628; x_wconf 91' lang='lat' dir='ltr'><strong>sunt</strong></span> <span class='ocrx_word' id='word_1_193' title='bbox 591 2574 689 2627; x_wconf 76' lang='lat' dir='ltr'><strong>ism</strong></span> <span class='ocrx_word' id='word_1_194' title='bbox 720 2583 796 2628; x_wconf 90' lang='lat' dir='ltr'><strong>tot</strong></span> <span class='ocrx_word' id='word_1_195' title='bbox 822 2573 980 2640; x_wconf 88' lang='lat' dir='ltr'><strong>mala,</strong></span> <span class='ocrx_word' id='word_1_196' title='bbox 1008 2589 1128 2628; x_wconf 93' lang='lat' dir='ltr'><strong>cum</strong></span> <span class='ocrx_word' id='word_1_197' title='bbox 1156 2573 1350 2643; x_wconf 89' lang='lat' dir='ltr'><strong>quibus</strong></span> <span class='ocrx_word' id='word_1_198' title='bbox 1373 2573 1520 2628; x_wconf 91' lang='lat' dir='ltr'><strong>nasci</strong></span> <span class='ocrx_word' id='word_1_199' title='bbox 1547 2573 1812 2638; x_wconf 80' lang='lat' dir='ltr'><strong>videmus,</strong></span> <span class='ocrx_word' id='word_1_200' title='bbox 1841 2572 1934 2644; x_wconf 91' lang='lat' dir='ltr'><strong>qui</strong></span> 
     </span>
    </p>
   </div>
   <div class='ocr_carea' id='block_1_26' title="bbox 343 2656 1985 2720">
    <p class='ocr_par' dir='ltr' id='par_1_26' title="bbox 343 2656 1985 2720">
     <span class='ocr_line' id='line_1_26' title="bbox 343 2656 1985 2720; baseline 0.002 -3"><span class='ocrx_word' id='word_1_201' title='bbox 343 2663 577 2718; x_wconf 90' lang='lat' dir='ltr'><strong>nondum</strong></span> <span class='ocrx_word' id='word_1_202' title='bbox 609 2663 855 2720; x_wconf 81' lang='lat' dir='ltr'><strong>libertate</strong></span> <span class='ocrx_word' id='word_1_203' title='bbox 894 2657 1183 2720; x_wconf 84' lang='lat' dir='ltr'><strong>voluntatis</strong></span> <span class='ocrx_word' id='word_1_204' title='bbox 1221 2664 1486 2720; x_wconf 90' lang='lat' dir='ltr'><strong>utuntur?</strong></span> <span class='ocrx_word' id='word_1_205' title='bbox 1515 2663 1666 2720; x_wconf 90' lang='lat' dir='ltr'><strong>Unde</strong></span> <span class='ocrx_word' id='word_1_206' title='bbox 1695 2673 1779 2720; x_wconf 90' lang='lat' dir='ltr'><strong>est</strong></span> <span class='ocrx_word' id='word_1_207' title='bbox 1805 2680 1935 2720; x_wconf 89' lang='lat' dir='ltr'><strong>con—</strong></span> <span class='ocrx_word' id='word_1_208' title='bbox 1983 2656 1985 2658; x_wconf 51' lang='grc'><em>’</em></span> 
     </span>
    </p>
   </div>
   <div class='ocr_carea' id='block_1_27' title="bbox 339 2757 1932 2829">
    <p class='ocr_par' dir='ltr' id='par_1_27' title="bbox 339 2757 1932 2829">
     <span class='ocr_line' id='line_1_27' title="bbox 339 2757 1932 2829; baseline 0.001 -18"><span class='ocrx_word' id='word_1_209' title='bbox 339 2757 666 2828; x_wconf 89' lang='lat' dir='ltr'><strong>eupiscentia</strong></span> <span class='ocrx_word' id='word_1_210' title='bbox 687 2800 702 2826; x_wconf 92' lang='lat'><strong>,</strong></span> <span class='ocrx_word' id='word_1_211' title='bbox 732 2773 833 2828; x_wconf 87' lang='lat' dir='ltr'><strong>qua</strong></span> <span class='ocrx_word' id='word_1_212' title='bbox 860 2772 986 2812; x_wconf 91' lang='lat' dir='ltr'><strong>caro</strong></span> <span class='ocrx_word' id='word_1_213' title='bbox 1011 2758 1338 2827; x_wconf 83' lang='lat' dir='ltr'><strong>concupiscit</strong></span> <span class='ocrx_word' id='word_1_214' title='bbox 1368 2757 1625 2813; x_wconf 89' lang='lat' dir='ltr'><strong>adversus</strong></span> <span class='ocrx_word' id='word_1_215' title='bbox 1649 2758 1892 2829; x_wconf 75' lang='lat' dir='ltr'><strong>Spiritum</strong></span> <span class='ocrx_word' id='word_1_216' title='bbox 1916 2799 1932 2825; x_wconf 94' lang='lat'><strong>,</strong></span> 
     </span>
    </p>
   </div>
   <div class='ocr_carea' id='block_1_28' title="bbox 339 2847 1932 2918">
    <p class='ocr_par' dir='ltr' id='par_1_28' title="bbox 339 2847 1932 2918">
     <span class='ocr_line' id='line_1_28' title="bbox 339 2847 1932 2918; baseline 0.001 -17"><span class='ocrx_word' id='word_1_217' title='bbox 339 2855 394 2902; x_wconf 91' lang='lat' dir='ltr'><strong>et</strong></span> <span class='ocrx_word' id='word_1_218' title='bbox 421 2847 486 2901; x_wconf 88' lang='lat' dir='ltr'><strong>ad</strong></span> <span class='ocrx_word' id='word_1_219' title='bbox 527 2857 804 2916; x_wconf 89' lang='lat' dir='ltr'><strong>peccatum</strong></span> <span class='ocrx_word' id='word_1_220' title='bbox 846 2847 1257 2918; x_wconf 86' lang='lat' dir='ltr'><strong>perpetrandum</strong></span> <span class='ocrx_word' id='word_1_221' title='bbox 1301 2847 1496 2911; x_wconf 82' lang='lat' dir='ltr'><strong>trahit,</strong></span> <span class='ocrx_word' id='word_1_222' title='bbox 1537 2848 1638 2902; x_wconf 90' lang='lat' dir='ltr'><strong>nisi</strong></span> <span class='ocrx_word' id='word_1_223' title='bbox 1676 2847 1932 2903; x_wconf 87' lang='lat' dir='ltr'><strong>adversus</strong></span> 
     </span>
    </p>
   </div>
   <div class='ocr_carea' id='block_1_29' title="bbox 339 2935 1932 3008">
    <p class='ocr_par' dir='ltr' id='par_1_29' title="bbox 339 2935 1932 3008">
     <span class='ocr_line' id='line_1_29' title="bbox 339 2935 1932 3008; baseline 0.001 -17"><span class='ocrx_word' id='word_1_224' title='bbox 339 2952 458 2991; x_wconf 92' lang='lat' dir='ltr'><strong>eam</strong></span> <span class='ocrx_word' id='word_1_225' title='bbox 503 2937 720 3008; x_wconf 80' lang='lat' dir='ltr'><strong>Spiritus</strong></span> <span class='ocrx_word' id='word_1_226' title='bbox 762 2937 953 2992; x_wconf 79' lang='lat' dir='ltr'><strong>fortius</strong></span> <span class='ocrx_word' id='word_1_227' title='bbox 993 2937 1376 3007; x_wconf 83' lang='lat' dir='ltr'><strong>concupiscat?</strong></span> <span class='ocrx_word' id='word_1_228' title='bbox 1417 2935 1568 2992; x_wconf 87' lang='lat' dir='ltr'><strong>Unde</strong></span> <span class='ocrx_word' id='word_1_229' title='bbox 1615 2938 1669 2992; x_wconf 92' lang='lat' dir='ltr'><strong>in</strong></span> <span class='ocrx_word' id='word_1_230' title='bbox 1716 2938 1932 2993; x_wconf 83' lang='lat' dir='ltr'><strong>homine</strong></span> 
     </span>
    </p>
   </div>
   <div class='ocr_carea' id='block_1_30' title="bbox 340 3027 1929 3097">
    <p class='ocr_par' dir='ltr' id='par_1_30' title="bbox 340 3027 1929 3097">
     <span class='ocr_line' id='line_1_30' title="bbox 340 3027 1929 3097; baseline 0.001 -16"><span class='ocrx_word' id='word_1_231' title='bbox 340 3043 446 3082; x_wconf 92' lang='lat' dir='ltr'><strong>uno</strong></span> <span class='ocrx_word' id='word_1_232' title='bbox 476 3027 697 3082; x_wconf 89' lang='lat' dir='ltr'><strong>duarum</strong></span> <span class='ocrx_word' id='word_1_233' title='bbox 729 3044 931 3094; x_wconf 90' lang='lat' dir='ltr'><strong>rerum,</strong></span> <span class='ocrx_word' id='word_1_234' title='bbox 964 3043 1028 3082; x_wconf 87' lang='lat' dir='ltr'><strong>ex</strong></span> <span class='ocrx_word' id='word_1_235' title='bbox 1060 3027 1252 3097; x_wconf 90' lang='lat' dir='ltr'><strong>quibus</strong></span> <span class='ocrx_word' id='word_1_236' title='bbox 1283 3035 1512 3094; x_wconf 88' lang='lat' dir='ltr'><strong>constat,</strong></span> <span class='ocrx_word' id='word_1_237' title='bbox 1546 3037 1689 3081; x_wconf 91' lang='lat' dir='ltr'><strong>tanta</strong></span> <span class='ocrx_word' id='word_1_238' title='bbox 1720 3027 1929 3082; x_wconf 87' lang='lat' dir='ltr'><strong>discor-</strong></span> 
     </span>
    </p>
   </div>
   <div class='ocr_carea' id='block_1_31' title="bbox 338 3118 1926 3188">
    <p class='ocr_par' dir='ltr' id='par_1_31' title="bbox 338 3118 1926 3188">
     <span class='ocr_line' id='line_1_31' title="bbox 338 3118 1926 3188; baseline -0.001 -15"><span class='ocrx_word' id='word_1_239' title='bbox 338 3120 469 3175; x_wconf 85' lang='lat' dir='ltr'><strong>dia?</strong></span> <span class='ocrx_word' id='word_1_240' title='bbox 500 3118 649 3175; x_wconf 85' lang='lat' dir='ltr'><strong>Unde</strong></span> <span class='ocrx_word' id='word_1_241' title='bbox 678 3119 764 3175; x_wconf 92' lang='lat' dir='ltr'><strong>lex</strong></span> <span class='ocrx_word' id='word_1_242' title='bbox 797 3119 848 3173; x_wconf 90' lang='lat' dir='ltr'><strong>in</strong></span> <span class='ocrx_word' id='word_1_243' title='bbox 893 3118 1148 3174; x_wconf 90' lang='lat' dir='ltr'><strong>membris</strong></span> <span class='ocrx_word' id='word_1_244' title='bbox 1201 3133 1502 3188; x_wconf 90' lang='lat' dir='ltr'><strong>repugnans</strong></span> <span class='ocrx_word' id='word_1_245' title='bbox 1554 3118 1656 3187; x_wconf 82' lang='lat' dir='ltr'><strong>legi</strong></span> <span class='ocrx_word' id='word_1_246' title='bbox 1712 3123 1926 3187; x_wconf 90' lang='lat' dir='ltr'><strong>mentis,</strong></span> 
     </span>
    </p>
   </div>
   <div class='ocr_carea' id='block_1_32' title="bbox 339 3209 1929 3284">
    <p class='ocr_par' dir='ltr' id='par_1_32' title="bbox 339 3209 1929 3284">
     <span class='ocr_line' id='line_1_32' title="bbox 339 3209 1929 3284; baseline 0.002 -19"><span class='ocrx_word' id='word_1_247' title='bbox 339 3211 455 3268; x_wconf 85' lang='lat' dir='ltr'><strong>sine</strong></span> <span class='ocrx_word' id='word_1_248' title='bbox 483 3227 586 3284; x_wconf 91' lang='lat' dir='ltr'><strong>qua</strong></span> <span class='ocrx_word' id='word_1_249' title='bbox 618 3211 736 3282; x_wconf 87' lang='lat' dir='ltr'><strong>lege</strong></span> <span class='ocrx_word' id='word_1_250' title='bbox 764 3227 923 3266; x_wconf 91' lang='lat' dir='ltr'><strong>nemo</strong></span> <span class='ocrx_word' id='word_1_251' title='bbox 951 3210 1224 3266; x_wconf 89' lang='lat' dir='ltr'><strong>nascitur?</strong></span> <span class='ocrx_word' id='word_1_252' title='bbox 1256 3209 1404 3266; x_wconf 91' lang='lat' dir='ltr'><strong>Unde</strong></span> <span class='ocrx_word' id='word_1_253' title='bbox 1437 3220 1512 3266; x_wconf 92' lang='lat' dir='ltr'><strong>tot</strong></span> <span class='ocrx_word' id='word_1_254' title='bbox 1539 3220 1594 3266; x_wconf 90' lang='lat' dir='ltr'><strong>et</strong></span> <span class='ocrx_word' id='word_1_255' title='bbox 1625 3219 1765 3268; x_wconf 85' lang='lat' dir='ltr'><strong>tanta</strong></span> <span class='ocrx_word' id='word_1_256' title='bbox 1801 3213 1929 3268; x_wconf 85' lang='lat' dir='ltr'><strong>vitia</strong></span> 
     </span>
    </p>
   </div>
   <div class='ocr_carea' id='block_1_33' title="bbox 339 3301 1930 3373">
    <p class='ocr_par' dir='ltr' id='par_1_33' title="bbox 339 3301 1930 3373">
     <span class='ocr_line' id='line_1_33' title="bbox 339 3301 1930 3373; baseline 0.001 -18"><span class='ocrx_word' id='word_1_257' title='bbox 339 3301 423 3357; x_wconf 81' lang='lat' dir='ltr'><strong>vel</strong></span> <span class='ocrx_word' id='word_1_258' title='bbox 461 3301 819 3373; x_wconf 79' lang='lat' dir='ltr'><strong>ingeniorum,</strong></span> <span class='ocrx_word' id='word_1_259' title='bbox 859 3301 942 3356; x_wconf 84' lang='lat' dir='ltr'><strong>vel</strong></span> <span class='ocrx_word' id='word_1_260' title='bbox 971 3315 1279 3371; x_wconf 89' lang='lat' dir='ltr'><strong>corporum,</strong></span> <span class='ocrx_word' id='word_1_261' title='bbox 1312 3316 1432 3355; x_wconf 93' lang='lat' dir='ltr'><strong>cum</strong></span> <span class='ocrx_word' id='word_1_262' title='bbox 1463 3303 1654 3372; x_wconf 90' lang='lat' dir='ltr'><strong>quibus</strong></span> <span class='ocrx_word' id='word_1_263' title='bbox 1695 3303 1930 3373; x_wconf 90' lang='lat' dir='ltr'><strong>plerique</strong></span> 
     </span>
    </p>
   </div>
   <div class='ocr_carea' id='block_1_34' title="bbox 340 3391 1930 3450">
    <p class='ocr_par' dir='ltr' id='par_1_34' title="bbox 340 3391 1930 3450">
     <span class='ocr_line' id='line_1_34' title="bbox 340 3391 1930 3450; baseline 0 -2"><span class='ocrx_word' id='word_1_264' title='bbox 340 3392 669 3449; x_wconf 82' lang='lat' dir='ltr'><strong>nascuntur?</strong></span> <span class='ocrx_word' id='word_1_265' title='bbox 706 3392 858 3450; x_wconf 90' lang='lat' dir='ltr'><strong>Unde</strong></span> <span class='ocrx_word' id='word_1_266' title='bbox 885 3391 1095 3448; x_wconf 89' lang='lat' dir='ltr'><strong>labores</strong></span> <span class='ocrx_word' id='word_1_267' title='bbox 1125 3401 1178 3446; x_wconf 91' lang='lat' dir='ltr'><strong>et</strong></span> <span class='ocrx_word' id='word_1_268' title='bbox 1206 3392 1536 3446; x_wconf 87' lang='lat' dir='ltr'><strong>calamitates</strong></span> <span class='ocrx_word' id='word_1_269' title='bbox 1565 3391 1802 3447; x_wconf 92' lang='lat' dir='ltr'><strong>nondum</strong></span> <span class='ocrx_word' id='word_1_270' title='bbox 1833 3408 1930 3448; x_wconf 81' lang='lat' dir='ltr'><strong>vo-</strong></span> 
     </span>
    </p>
   </div>
   <div class='ocr_carea' id='block_1_35' title="bbox 341 3482 1932 3556">
    <p class='ocr_par' dir='ltr' id='par_1_35' title="bbox 341 3482 1932 3556">
     <span class='ocr_line' id='line_1_35' title="bbox 341 3482 1932 3556; baseline 0 -17"><span class='ocrx_word' id='word_1_271' title='bbox 341 3485 542 3541; x_wconf 91' lang='lat' dir='ltr'><strong>luntate</strong></span> <span class='ocrx_word' id='word_1_272' title='bbox 581 3485 913 3556; x_wconf 88' lang='lat' dir='ltr'><strong>peccantium</strong></span> <span class='ocrx_word' id='word_1_273' title='bbox 952 3483 1336 3555; x_wconf 82' lang='lat' dir='ltr'><strong>parvulorum?</strong></span> <span class='ocrx_word' id='word_1_274' title='bbox 1373 3482 1528 3539; x_wconf 88' lang='lat' dir='ltr'><strong>Unde</strong></span> <span class='ocrx_word' id='word_1_275' title='bbox 1555 3497 1678 3538; x_wconf 89' lang='lat' dir='ltr'><strong>cum</strong></span> <span class='ocrx_word' id='word_1_276' title='bbox 1711 3484 1932 3539; x_wconf 91' lang='lat' dir='ltr'><strong>rationis</strong></span> 
     </span>
    </p>
   </div>
   <div class='ocr_carea' id='block_1_36' title="bbox 343 3575 1934 3647">
    <p class='ocr_par' dir='ltr' id='par_1_36' title="bbox 343 3575 1934 3647">
     <span class='ocr_line' id='line_1_36' title="bbox 343 3575 1934 3647; baseline 0.001 -16"><span class='ocrx_word' id='word_1_277' title='bbox 343 3593 468 3632; x_wconf 93' lang='lat' dir='ltr'><strong>usus</strong></span> <span class='ocrx_word' id='word_1_278' title='bbox 496 3577 821 3645; x_wconf 88' lang='lat' dir='ltr'><strong>accesserit,</strong></span> <span class='ocrx_word' id='word_1_279' title='bbox 863 3577 913 3631; x_wconf 92' lang='lat' dir='ltr'><strong>in</strong></span> <span class='ocrx_word' id='word_1_280' title='bbox 957 3575 1226 3631; x_wconf 90' lang='lat' dir='ltr'><strong>discendis</strong></span> <span class='ocrx_word' id='word_1_281' title='bbox 1255 3576 1446 3630; x_wconf 90' lang='lat' dir='ltr'><strong>litteris</strong></span> <span class='ocrx_word' id='word_1_282' title='bbox 1484 3576 1567 3631; x_wconf 88' lang='lat' dir='ltr'><strong>vel</strong></span> <span class='ocrx_word' id='word_1_283' title='bbox 1609 3577 1934 3647; x_wconf 90' lang='lat' dir='ltr'><strong>quibuslibet</strong></span> 
     </span>
    </p>
   </div>
   <div class='ocr_carea' id='block_1_37' title="bbox 341 3665 1934 3738">
    <p class='ocr_par' dir='ltr' id='par_1_37' title="bbox 341 3665 1934 3738">
     <span class='ocr_line' id='line_1_37' title="bbox 341 3665 1934 3738; baseline -0.001 -17"><span class='ocrx_word' id='word_1_284' title='bbox 341 3667 544 3723; x_wconf 91' lang='lat' dir='ltr'><strong>artibus</strong></span> <span class='ocrx_word' id='word_1_285' title='bbox 574 3675 718 3722; x_wconf 92' lang='lat' dir='ltr'><strong>tanta</strong></span> <span class='ocrx_word' id='word_1_286' title='bbox 761 3681 917 3738; x_wconf 70' lang='lat' dir='ltr'><strong>pmua</strong></span> <span class='ocrx_word' id='word_1_287' title='bbox 949 3665 1250 3720; x_wconf 91' lang='lat' dir='ltr'><strong>mortalium</strong></span> <span class='ocrx_word' id='word_1_288' title='bbox 1271 3706 1286 3731; x_wconf 94' lang='lat'><strong>,</strong></span> <span class='ocrx_word' id='word_1_289' title='bbox 1330 3674 1388 3720; x_wconf 90' lang='lat' dir='ltr'><strong>ut</strong></span> <span class='ocrx_word' id='word_1_290' title='bbox 1421 3666 1738 3721; x_wconf 79' lang='lat' dir='ltr'><strong>mrumnosis</strong></span> <span class='ocrx_word' id='word_1_291' title='bbox 1771 3681 1934 3721; x_wconf 91' lang='lat' dir='ltr'><strong>cona-</strong></span> 
     </span>
    </p>
   </div>
   <div class='ocr_carea' id='block_1_38' title="bbox 343 3754 1935 3814">
    <p class='ocr_par' dir='ltr' id='par_1_38' title="bbox 343 3754 1935 3814">
     <span class='ocr_line' id='line_1_38' title="bbox 343 3754 1935 3814; baseline -0.001 -3"><span class='ocrx_word' id='word_1_292' title='bbox 343 3757 482 3812; x_wconf 88' lang='lat' dir='ltr'><strong>tibus</strong></span> <span class='ocrx_word' id='word_1_293' title='bbox 503 3758 665 3814; x_wconf 90' lang='lat' dir='ltr'><strong>etiam</strong></span> <span class='ocrx_word' id='word_1_294' title='bbox 691 3757 973 3813; x_wconf 89' lang='lat' dir='ltr'><strong>verberum</strong></span> <span class='ocrx_word' id='word_1_295' title='bbox 1015 3755 1280 3811; x_wconf 91' lang='lat' dir='ltr'><strong>cruciatus</strong></span> <span class='ocrx_word' id='word_1_296' title='bbox 1319 3754 1581 3811; x_wconf 83' lang='lat' dir='ltr'><strong>addatur?</strong></span> <span class='ocrx_word' id='word_1_297' title='bbox 1605 3755 1703 3811; x_wconf 83' lang='lat' dir='ltr'><strong>Hic</strong></span> <span class='ocrx_word' id='word_1_298' title='bbox 1727 3771 1827 3810; x_wconf 92' lang='lat' dir='ltr'><strong>nos</strong></span> <span class='ocrx_word' id='word_1_299' title='bbox 1855 3771 1935 3810; x_wconf 87' lang='lat' dir='ltr'><strong>re-</strong></span> 
     </span>
    </p>
   </div>
   <div class='ocr_carea' id='block_1_39' title="bbox 342 3846 1933 3921">
    <p class='ocr_par' dir='ltr' id='par_1_39' title="bbox 342 3846 1933 3921">
     <span class='ocr_line' id='line_1_39' title="bbox 342 3846 1933 3921; baseline -0.002 -16"><span class='ocrx_word' id='word_1_300' title='bbox 342 3850 668 3921; x_wconf 87' lang='lat' dir='ltr'><strong>spondemus</strong></span> <span class='ocrx_word' id='word_1_301' title='bbox 695 3892 711 3916; x_wconf 91' lang='lat'><strong>,</strong></span> <span class='ocrx_word' id='word_1_302' title='bbox 741 3849 901 3904; x_wconf 90' lang='lat' dir='ltr'><strong>etiam</strong></span> <span class='ocrx_word' id='word_1_303' title='bbox 950 3849 1048 3903; x_wconf 89' lang='lat' dir='ltr'><strong>ista</strong></span> <span class='ocrx_word' id='word_1_304' title='bbox 1082 3847 1217 3902; x_wconf 86' lang='lat' dir='ltr'><strong>maia</strong></span> <span class='ocrx_word' id='word_1_305' title='bbox 1263 3861 1328 3902; x_wconf 91' lang='lat' dir='ltr'><strong>ex</strong></span> <span class='ocrx_word' id='word_1_306' title='bbox 1373 3846 1646 3902; x_wconf 90' lang='lat' dir='ltr'><strong>voluntate</strong></span> <span class='ocrx_word' id='word_1_307' title='bbox 1687 3846 1933 3902; x_wconf 74' lang='lat' dir='ltr'><strong>humana:</strong></span> 
     </span>
    </p>
   </div>
   <div class='ocr_carea' id='block_1_40' title="bbox 343 3938 1931 4011">
    <p class='ocr_par' dir='ltr' id='par_1_40' title="bbox 343 3938 1931 4011">
     <span class='ocr_line' id='line_1_40' title="bbox 343 3938 1931 4011; baseline -0.003 -17"><span class='ocrx_word' id='word_1_308' title='bbox 343 3949 546 3996; x_wconf 79' lang='lat' dir='ltr'><strong>natura:</strong></span> <span class='ocrx_word' id='word_1_309' title='bbox 575 3940 836 4011; x_wconf 80' lang='lat' dir='ltr'><strong>originem</strong></span> <span class='ocrx_word' id='word_1_310' title='bbox 863 3939 1080 4004; x_wconf 89' lang='lat' dir='ltr'><strong>ducere,</strong></span> <span class='ocrx_word' id='word_1_311' title='bbox 1113 3953 1215 4009; x_wconf 91' lang='lat' dir='ltr'><strong>qua</strong></span> <span class='ocrx_word' id='word_1_312' title='bbox 1241 3938 1518 4009; x_wconf 90' lang='lat' dir='ltr'><strong>granditer</strong></span> <span class='ocrx_word' id='word_1_313' title='bbox 1545 3947 1819 4008; x_wconf 88' lang='lat' dir='ltr'><strong>peccante,</strong></span> <span class='ocrx_word' id='word_1_314' title='bbox 1850 3938 1931 3991; x_wconf 87' lang='lat' dir='ltr'><strong>vi-</strong></span> 
     </span>
    </p>
   </div>
   <div class='ocr_carea' id='block_1_41' title="bbox 345 4029 1932 4102">
    <p class='ocr_par' dir='ltr' id='par_1_41' title="bbox 345 4029 1932 4102">
     <span class='ocr_line' id='line_1_41' title="bbox 345 4029 1932 4102; baseline -0.002 -16"><span class='ocrx_word' id='word_1_315' title='bbox 345 4036 470 4088; x_wconf 89' lang='lat' dir='ltr'><strong>tiata</strong></span> <span class='ocrx_word' id='word_1_316' title='bbox 509 4042 564 4090; x_wconf 94' lang='lat' dir='ltr'><strong>et</strong></span> <span class='ocrx_word' id='word_1_317' title='bbox 597 4049 718 4088; x_wconf 91' lang='lat' dir='ltr'><strong>cum</strong></span> <span class='ocrx_word' id='word_1_318' title='bbox 749 4033 918 4102; x_wconf 89' lang='lat' dir='ltr'><strong>stirpe</strong></span> <span class='ocrx_word' id='word_1_319' title='bbox 947 4031 1194 4086; x_wconf 77' lang='lat' dir='ltr'><strong>dantnata</strong></span> <span class='ocrx_word' id='word_1_320' title='bbox 1225 4040 1328 4086; x_wconf 89' lang='lat' dir='ltr'><strong>est.</strong></span> <span class='ocrx_word' id='word_1_321' title='bbox 1359 4029 1511 4088; x_wconf 83' lang='lat' dir='ltr'><strong>Unde</strong></span> <span class='ocrx_word' id='word_1_322' title='bbox 1539 4041 1748 4085; x_wconf 75' lang='lat' dir='ltr'><strong>natum</strong></span> <span class='ocrx_word' id='word_1_323' title='bbox 1775 4029 1932 4101; x_wconf 85' lang='lat' dir='ltr'><strong>hujus</strong></span> 
     </span>
    </p>
   </div>
   <div class='ocr_carea' id='block_1_42' title="bbox 343 4120 1930 4191">
    <p class='ocr_par' dir='ltr' id='par_1_42' title="bbox 343 4120 1930 4191">
     <span class='ocr_line' id='line_1_42' title="bbox 343 4120 1930 4191; baseline -0.003 -12"><span class='ocrx_word' id='word_1_324' title='bbox 343 4135 450 4179; x_wconf 87' lang='lat' dir='ltr'><strong>tam</strong></span> <span class='ocrx_word' id='word_1_325' title='bbox 497 4124 662 4180; x_wconf 90' lang='lat' dir='ltr'><strong>multa</strong></span> <span class='ocrx_word' id='word_1_326' title='bbox 706 4123 968 4178; x_wconf 87' lang='lat' dir='ltr'><strong>naturalia</strong></span> <span class='ocrx_word' id='word_1_327' title='bbox 1008 4122 1147 4178; x_wconf 85' lang='lat' dir='ltr'><strong>bona</strong></span> <span class='ocrx_word' id='word_1_328' title='bbox 1185 4124 1405 4177; x_wconf 87' lang='lat' dir='ltr'><strong>veniunt</strong></span> <span class='ocrx_word' id='word_1_329' title='bbox 1441 4120 1509 4176; x_wconf 94' lang='lat' dir='ltr'><strong>de</strong></span> <span class='ocrx_word' id='word_1_330' title='bbox 1549 4121 1641 4176; x_wconf 89' lang='lat' dir='ltr'><strong>Dei</strong></span> <span class='ocrx_word' id='word_1_331' title='bbox 1681 4120 1930 4191; x_wconf 90' lang='lat' dir='ltr'><strong>opificio,</strong></span> 
     </span>
    </p>
   </div>
   <div class='ocr_carea' id='block_1_43' title="bbox 344 4213 1934 4287">
    <p class='ocr_par' dir='ltr' id='par_1_43' title="bbox 344 4213 1934 4287">
     <span class='ocr_line' id='line_1_43' title="bbox 344 4213 1934 4287; baseline -0.002 -16"><span class='ocrx_word' id='word_1_332' title='bbox 344 4217 482 4271; x_wconf 83' lang='lat' dir='ltr'><strong>mala</strong></span> <span class='ocrx_word' id='word_1_333' title='bbox 521 4217 588 4273; x_wconf 91' lang='lat' dir='ltr'><strong>de</strong></span> <span class='ocrx_word' id='word_1_334' title='bbox 621 4216 823 4287; x_wconf 92' lang='lat' dir='ltr'><strong>judicio</strong></span> <span class='ocrx_word' id='word_1_335' title='bbox 854 4235 868 4271; x_wconf 92' lang='lat'>:</span> <span class='ocrx_word' id='word_1_336' title='bbox 895 4231 1014 4287; x_wconf 68' lang='lat' dir='ltr'><strong>qua:</strong></span> <span class='ocrx_word' id='word_1_337' title='bbox 1044 4214 1180 4268; x_wconf 92' lang='lat' dir='ltr'><strong>mala</strong></span> <span class='ocrx_word' id='word_1_338' title='bbox 1207 4214 1354 4268; x_wconf 90' lang='lat' dir='ltr'><strong>nullo</strong></span> <span class='ocrx_word' id='word_1_339' title='bbox 1384 4213 1544 4269; x_wconf 90' lang='lat' dir='ltr'><strong>modo</strong></span> <span class='ocrx_word' id='word_1_340' title='bbox 1568 4228 1689 4270; x_wconf 91' lang='lat' dir='ltr'><strong>esse</strong></span> <span class='ocrx_word' id='word_1_341' title='bbox 1718 4222 1934 4268; x_wconf 88' lang='lat' dir='ltr'><strong>naturas</strong></span> 
     </span>
    </p>
   </div>
   <div class='ocr_carea' id='block_1_44' title="bbox 344 4304 1934 4371">
    <p class='ocr_par' dir='ltr' id='par_1_44' title="bbox 344 4304 1934 4371">
     <span class='ocr_line' id='line_1_44' title="bbox 344 4304 1934 4371; baseline -0.003 -7"><span class='ocrx_word' id='word_1_342' title='bbox 344 4311 428 4366; x_wconf 86' lang='lat' dir='ltr'><strong>vel</strong></span> <span class='ocrx_word' id='word_1_343' title='bbox 455 4311 778 4365; x_wconf 90' lang='lat' dir='ltr'><strong>substantias</strong></span> <span class='ocrx_word' id='word_1_344' title='bbox 802 4327 907 4364; x_wconf 92' lang='lat' dir='ltr'><strong>non</strong></span> <span class='ocrx_word' id='word_1_345' title='bbox 932 4308 1112 4363; x_wconf 89' lang='lat' dir='ltr'><strong>vident</strong></span> <span class='ocrx_word' id='word_1_346' title='bbox 1137 4307 1450 4371; x_wconf 71' lang='lat' dir='ltr'><strong>llanichtei;</strong></span> <span class='ocrx_word' id='word_1_347' title='bbox 1476 4321 1660 4360; x_wconf 87' lang='lat' dir='ltr'><strong>verum</strong></span> <span class='ocrx_word' id='word_1_348' title='bbox 1689 4305 1807 4360; x_wconf 91' lang='lat' dir='ltr'><strong>ideo</strong></span> <span class='ocrx_word' id='word_1_349' title='bbox 1831 4304 1934 4360; x_wconf 87' lang='lat' dir='ltr'><strong>diei</strong></span> 
     </span>
    </p>
   </div>
   <div class='ocr_carea' id='block_1_45' title="bbox 346 4397 1932 4473">
    <p class='ocr_par' dir='ltr' id='par_1_45' title="bbox 346 4397 1932 4473">
     <span class='ocr_line' id='line_1_45' title="bbox 346 4397 1932 4473; baseline -0.003 -16"><span class='ocrx_word' id='word_1_350' title='bbox 346 4402 605 4458; x_wconf 84' lang='lat' dir='ltr'><strong>naturalia</strong></span> <span class='ocrx_word' id='word_1_351' title='bbox 624 4444 639 4467; x_wconf 95' lang='lat'><strong>,</strong></span> <span class='ocrx_word' id='word_1_352' title='bbox 670 4403 792 4473; x_wconf 89' lang='lat' dir='ltr'><strong>quia</strong></span> <span class='ocrx_word' id='word_1_353' title='bbox 821 4419 946 4457; x_wconf 90' lang='lat' dir='ltr'><strong>eum</strong></span> <span class='ocrx_word' id='word_1_354' title='bbox 975 4401 1052 4456; x_wconf 92' lang='lat' dir='ltr'><strong>eis</strong></span> <span class='ocrx_word' id='word_1_355' title='bbox 1083 4399 1328 4455; x_wconf 87' lang='lat' dir='ltr'><strong>homines</strong></span> <span class='ocrx_word' id='word_1_356' title='bbox 1357 4399 1538 4454; x_wconf 86' lang='lat' dir='ltr'><strong>vitiata</strong></span> <span class='ocrx_word' id='word_1_357' title='bbox 1566 4397 1785 4470; x_wconf 88' lang='lat' dir='ltr'><strong>originis</strong></span> <span class='ocrx_word' id='word_1_358' title='bbox 1814 4407 1932 4453; x_wconf 85' lang='lat' dir='ltr'><strong>tan-</strong></span> 
     </span>
    </p>
   </div>
   <div class='ocr_carea' id='block_1_46' title="bbox 345 4481 1936 4563">
    <p class='ocr_par' dir='ltr' id='par_1_46' title="bbox 345 4481 1936 4563">
     <span class='ocr_line' id='line_1_46' title="bbox 345 4481 1936 4563; baseline -0.001 -18"><span class='ocrx_word' id='word_1_359' title='bbox 345 4509 504 4563; x_wconf 77' lang='lat' dir='ltr'><strong>quam</strong></span> <span class='ocrx_word' id='word_1_360' title='bbox 542 4481 720 4546; x_wconf 83' lang='lat' dir='ltr'><strong>radice</strong></span> <span class='ocrx_word' id='word_1_361' title='bbox 760 4501 1069 4546; x_wconf 86' lang='lat' dir='ltr'><strong>nascuntur.</strong></span> <span class='ocrx_word' id='word_1_362' title='bbox 1111 4491 1216 4546; x_wconf 91' lang='lat' dir='ltr'><strong>Sed</strong></span> <span class='ocrx_word' id='word_1_363' title='bbox 1254 4505 1350 4544; x_wconf 82' lang='lat' dir='ltr'><strong>vos</strong></span> <span class='ocrx_word' id='word_1_364' title='bbox 1377 4491 1499 4544; x_wconf 89' lang='lat' dir='ltr'><strong>novi</strong></span> <span class='ocrx_word' id='word_1_365' title='bbox 1540 4489 1778 4545; x_wconf 62' lang='lat' dir='ltr'><strong>haeretici</strong></span> <span class='ocrx_word' id='word_1_366' title='bbox 1808 4505 1936 4544; x_wconf 81' lang='lat' dir='ltr'><strong>con-</strong></span> 
     </span>
    </p>
   </div>
   <div class='ocr_carea' id='block_1_47' title="bbox 349 4579 1935 4650">
    <p class='ocr_par' dir='ltr' id='par_1_47' title="bbox 349 4579 1935 4650">
     <span class='ocr_line' id='line_1_47' title="bbox 349 4579 1935 4650; baseline -0.001 -12"><span class='ocrx_word' id='word_1_367' title='bbox 349 4581 603 4638; x_wconf 88' lang='lat' dir='ltr'><strong>tradicitis</strong></span> <span class='ocrx_word' id='word_1_368' title='bbox 633 4581 787 4634; x_wconf 92' lang='lat' dir='ltr'><strong>nobis</strong></span> <span class='ocrx_word' id='word_1_369' title='bbox 819 4598 832 4634; x_wconf 91' lang='lat'><strong>:</strong></span> <span class='ocrx_word' id='word_1_370' title='bbox 863 4579 1182 4650; x_wconf 90' lang='lat' dir='ltr'><strong>respondete</strong></span> <span class='ocrx_word' id='word_1_371' title='bbox 1213 4579 1371 4649; x_wconf 85' lang='lat' dir='ltr'><strong>igitur</strong></span> <span class='ocrx_word' id='word_1_372' title='bbox 1396 4579 1740 4646; x_wconf 76' lang='lat' dir='ltr'><strong>Manichteis;</strong></span> <span class='ocrx_word' id='word_1_373' title='bbox 1771 4580 1935 4637; x_wconf 86' lang='lat' dir='ltr'><strong>dicite</strong></span> 
     </span>
    </p>
   </div>
   <div class='ocr_carea' id='block_1_48' title="bbox 349 4669 1934 4740">
    <p class='ocr_par' dir='ltr' id='par_1_48' title="bbox 349 4669 1934 4740">
     <span class='ocr_line' id='line_1_48' title="bbox 349 4669 1934 4740; baseline -0.001 -12"><span class='ocrx_word' id='word_1_374' title='bbox 349 4673 492 4729; x_wconf 89' lang='lat' dir='ltr'><strong>unde</strong></span> <span class='ocrx_word' id='word_1_375' title='bbox 519 4671 626 4726; x_wconf 86' lang='lat' dir='ltr'><strong>sint</strong></span> <span class='ocrx_word' id='word_1_376' title='bbox 656 4679 733 4725; x_wconf 84' lang='lat' dir='ltr'><strong>tot</strong></span> <span class='ocrx_word' id='word_1_377' title='bbox 759 4687 821 4726; x_wconf 88' lang='lat' dir='ltr'><strong>ac</strong></span> <span class='ocrx_word' id='word_1_378' title='bbox 849 4679 995 4724; x_wconf 85' lang='lat' dir='ltr'><strong>tanta</strong></span> <span class='ocrx_word' id='word_1_379' title='bbox 1023 4671 1178 4734; x_wconf 87' lang='lat' dir='ltr'><strong>mala,</strong></span> <span class='ocrx_word' id='word_1_380' title='bbox 1215 4685 1336 4724; x_wconf 92' lang='lat' dir='ltr'><strong>cum</strong></span> <span class='ocrx_word' id='word_1_381' title='bbox 1363 4669 1556 4740; x_wconf 86' lang='lat' dir='ltr'><strong>quibus</strong></span> <span class='ocrx_word' id='word_1_382' title='bbox 1584 4671 1727 4725; x_wconf 69' lang='grc' dir='ltr'><strong>ηειεοί</strong></span> <span class='ocrx_word' id='word_1_383' title='bbox 1757 4670 1934 4726; x_wconf 82' lang='lat' dir='ltr'><strong>homi-</strong></span> 
     </span>
    </p>
   </div>
   <div class='ocr_carea' id='block_1_49' title="bbox 355 4759 1934 4834">
    <p class='ocr_par' dir='ltr' id='par_1_49' title="bbox 355 4759 1934 4834">
     <span class='ocr_line' id='line_1_49' title="bbox 355 4759 1934 4834; baseline -0.003 -13"><span class='ocrx_word' id='word_1_384' title='bbox 355 4781 451 4821; x_wconf 93' lang='lat' dir='ltr'><strong>nes</strong></span> <span class='ocrx_word' id='word_1_385' title='bbox 477 4764 523 4819; x_wconf 90' lang='lat' dir='ltr'><strong>si</strong></span> <span class='ocrx_word' id='word_1_386' title='bbox 551 4763 757 4834; x_wconf 86' lang='lat' dir='ltr'><strong>negatis</strong></span> <span class='ocrx_word' id='word_1_387' title='bbox 775 4805 790 4828; x_wconf 95' lang='lat'><strong>,</strong></span> <span class='ocrx_word' id='word_1_388' title='bbox 820 4761 908 4815; x_wconf 91' lang='lat' dir='ltr'><strong>ubi</strong></span> <span class='ocrx_word' id='word_1_389' title='bbox 935 4771 1017 4816; x_wconf 91' lang='lat' dir='ltr'><strong>est</strong></span> <span class='ocrx_word' id='word_1_390' title='bbox 1042 4759 1190 4815; x_wconf 89' lang='lat' dir='ltr'><strong>frons</strong></span> <span class='ocrx_word' id='word_1_391' title='bbox 1217 4762 1434 4816; x_wconf 89' lang='lat' dir='ltr'><strong>vestra?</strong></span> <span class='ocrx_word' id='word_1_392' title='bbox 1462 4761 1506 4815; x_wconf 92' lang='lat' dir='ltr'><strong>si</strong></span> <span class='ocrx_word' id='word_1_393' title='bbox 1536 4759 1774 4816; x_wconf 89' lang='lat' dir='ltr'><strong>fatemini</strong></span> <span class='ocrx_word' id='word_1_394' title='bbox 1797 4802 1813 4826; x_wconf 87' lang='lat'><strong>,</strong></span> <span class='ocrx_word' id='word_1_395' title='bbox 1846 4763 1934 4817; x_wconf 90' lang='lat' dir='ltr'><strong>ubi</strong></span> 
     </span>
    </p>
   </div>
   <div class='ocr_carea' id='block_1_50' title="bbox 357 4836 1936 4913">
    <p class='ocr_par' dir='ltr' id='par_1_50' title="bbox 357 4836 1936 4913">
     <span class='ocr_line' id='line_1_50' title="bbox 357 4836 1936 4913; baseline -0.003 0"><span class='ocrx_word' id='word_1_396' title='bbox 357 4836 439 4913; x_wconf 78' lang='lat' dir='ltr'><strong>est</strong></span> <span class='ocrx_word' id='word_1_397' title='bbox 467 4855 689 4911; x_wconf 66' lang='lat' dir='ltr'><strong>hmrcsis</strong></span> <span class='ocrx_word' id='word_1_398' title='bbox 719 4856 935 4908; x_wconf 84' lang='lat' dir='ltr'><strong>vestra?</strong></span> <span class='ocrx_word' id='word_1_399' title='bbox 961 4853 1066 4910; x_wconf 91' lang='lat' dir='ltr'><strong>Sed</strong></span> <span class='ocrx_word' id='word_1_400' title='bbox 1089 4853 1223 4908; x_wconf 91' lang='lat' dir='ltr'><strong>mala</strong></span> <span class='ocrx_word' id='word_1_401' title='bbox 1247 4854 1346 4908; x_wconf 89' lang='lat' dir='ltr'><strong>ista</strong></span> <span class='ocrx_word' id='word_1_402' title='bbox 1372 4868 1477 4908; x_wconf 91' lang='lat' dir='ltr'><strong>non</strong></span> <span class='ocrx_word' id='word_1_403' title='bbox 1499 4867 1618 4908; x_wconf 89' lang='lat' dir='ltr'><strong>esse</strong></span> <span class='ocrx_word' id='word_1_404' title='bbox 1643 4854 1780 4908; x_wconf 91' lang='lat' dir='ltr'><strong>mala</strong></span> <span class='ocrx_word' id='word_1_405' title='bbox 1806 4869 1936 4910; x_wconf 87' lang='lat' dir='ltr'><strong>con-</strong></span> 
     </span>
    </p>
   </div>
   <div class='ocr_carea' id='block_1_51' title="bbox 347 4945 1936 5018">
    <p class='ocr_par' dir='ltr' id='par_1_51' title="bbox 347 4945 1936 5018">
     <span class='ocr_line' id='line_1_51' title="bbox 347 4945 1936 5018; baseline -0.003 -11"><span class='ocrx_word' id='word_1_406' title='bbox 347 4952 583 5017; x_wconf 91' lang='lat' dir='ltr'><strong>tendite,</strong></span> <span class='ocrx_word' id='word_1_407' title='bbox 613 4959 666 5004; x_wconf 90' lang='lat' dir='ltr'><strong>et</strong></span> <span class='ocrx_word' id='word_1_408' title='bbox 700 4949 1000 5018; x_wconf 88' lang='lat' dir='ltr'><strong>paradisqu</strong></span> <span class='ocrx_word' id='word_1_409' title='bbox 1037 4963 1142 5002; x_wconf 93' lang='lat' dir='ltr'><strong>non</strong></span> <span class='ocrx_word' id='word_1_410' title='bbox 1180 4962 1360 5002; x_wconf 82' lang='lat' dir='ltr'><strong>verum</strong></span> <span class='ocrx_word' id='word_1_411' title='bbox 1383 4988 1398 5014; x_wconf 89' lang='lat'><strong>,</strong></span> <span class='ocrx_word' id='word_1_412' title='bbox 1428 4945 1523 5001; x_wconf 91' lang='lat' dir='ltr'><strong>sed</strong></span> <span class='ocrx_word' id='word_1_413' title='bbox 1549 4956 1785 5002; x_wconf 88' lang='lat' dir='ltr'><strong>vestrum</strong></span> <span class='ocrx_word' id='word_1_414' title='bbox 1807 4988 1822 5013; x_wconf 93' lang='lat'><strong>,</strong></span> <span class='ocrx_word' id='word_1_415' title='bbox 1861 4947 1936 5003; x_wconf 80' lang='lat' dir='ltr'><strong>la-</strong></span> 
     </span>
    </p>
   </div>
   <div class='ocr_carea' id='block_1_52' title="bbox 349 5036 1931 5108">
    <p class='ocr_par' dir='ltr' id='par_1_52' title="bbox 349 5036 1931 5108">
     <span class='ocr_line' id='line_1_52' title="bbox 349 5036 1931 5108; baseline -0.001 -13"><span class='ocrx_word' id='word_1_416' title='bbox 349 5042 600 5107; x_wconf 83' lang='lat' dir='ltr'><strong>boribus,</strong></span> <span class='ocrx_word' id='word_1_417' title='bbox 642 5039 946 5103; x_wconf 88' lang='lat' dir='ltr'><strong>doloribus,</strong></span> <span class='ocrx_word' id='word_1_418' title='bbox 987 5037 1288 5105; x_wconf 89' lang='lat' dir='ltr'><strong>erroribus,</strong></span> <span class='ocrx_word' id='word_1_419' title='bbox 1330 5037 1646 5108; x_wconf 82' lang='lat' dir='ltr'><strong>gemitibus,</strong></span> <span class='ocrx_word' id='word_1_420' title='bbox 1690 5036 1931 5104; x_wconf 82' lang='lat' dir='ltr'><strong>fletibus,</strong></span> 
     </span>
    </p>
   </div>
   <div class='ocr_carea' id='block_1_53' title="bbox 348 5127 1934 5200">
    <p class='ocr_par' dir='ltr' id='par_1_53' title="bbox 348 5127 1934 5200">
     <span class='ocr_line' id='line_1_53' title="bbox 348 5127 1934 5200; baseline -0.004 -12"><span class='ocrx_word' id='word_1_421' title='bbox 348 5132 597 5195; x_wconf 85' lang='lat' dir='ltr'><strong>luctibus,</strong></span> <span class='ocrx_word' id='word_1_422' title='bbox 637 5131 843 5185; x_wconf 92' lang='lat' dir='ltr'><strong>etiamsi</strong></span> <span class='ocrx_word' id='word_1_423' title='bbox 881 5145 1040 5185; x_wconf 91' lang='lat' dir='ltr'><strong>nemo</strong></span> <span class='ocrx_word' id='word_1_424' title='bbox 1078 5138 1389 5200; x_wconf 90' lang='lat' dir='ltr'><strong>peccasset,</strong></span> <span class='ocrx_word' id='word_1_425' title='bbox 1432 5127 1672 5197; x_wconf 83' lang='lat' dir='ltr'><strong>implete.</strong></span> <span class='ocrx_word' id='word_1_426' title='bbox 1709 5127 1860 5194; x_wconf 88' lang='lat' dir='ltr'><strong>Quod</strong></span> <span class='ocrx_word' id='word_1_427' title='bbox 1888 5129 1934 5184; x_wconf 93' lang='lat' dir='ltr'><strong>si</strong></span> 
     </span>
    </p>
   </div>
   <div class='ocr_carea' id='block_1_54' title="bbox 351 5218 1931 5291">
    <p class='ocr_par' dir='ltr' id='par_1_54' title="bbox 351 5218 1931 5291">
     <span class='ocr_line' id='line_1_54' title="bbox 351 5218 1931 5291; baseline -0.004 -13"><span class='ocrx_word' id='word_1_428' title='bbox 351 5238 454 5278; x_wconf 91' lang='lat' dir='ltr'><strong>non</strong></span> <span class='ocrx_word' id='word_1_429' title='bbox 493 5221 720 5286; x_wconf 86' lang='lat' dir='ltr'><strong>audetis,</strong></span> <span class='ocrx_word' id='word_1_430' title='bbox 753 5236 820 5276; x_wconf 91' lang='lat' dir='ltr'><strong>ne</strong></span> <span class='ocrx_word' id='word_1_431' title='bbox 859 5221 926 5275; x_wconf 93' lang='lat' dir='ltr'><strong>ab</strong></span> <span class='ocrx_word' id='word_1_432' title='bbox 967 5221 1094 5290; x_wconf 91' lang='lat' dir='ltr'><strong>ipsis</strong></span> <span class='ocrx_word' id='word_1_433' title='bbox 1127 5235 1337 5291; x_wconf 89' lang='lat' dir='ltr'><strong>quoque</strong></span> <span class='ocrx_word' id='word_1_434' title='bbox 1365 5218 1600 5289; x_wconf 91' lang='lat' dir='ltr'><strong>puerulis</strong></span> <span class='ocrx_word' id='word_1_435' title='bbox 1627 5218 1931 5286; x_wconf 90' lang='lat' dir='ltr'><strong>rideamini,</strong></span> 
     </span>
    </p>
   </div>
   <div class='ocr_carea' id='block_1_55' title="bbox 345 5302 1934 5379">
    <p class='ocr_par' dir='ltr' id='par_1_55' title="bbox 345 5302 1934 5379">
     <span class='ocr_line' id='line_1_55' title="bbox 345 5302 1934 5379; baseline -0.001 -13"><span class='ocrx_word' id='word_1_436' title='bbox 345 5302 403 5368; x_wconf 79' lang='lat' dir='ltr'><strong>et</strong></span> <span class='ocrx_word' id='word_1_437' title='bbox 439 5310 758 5368; x_wconf 89' lang='lat' dir='ltr'><strong>emendandi</strong></span> <span class='ocrx_word' id='word_1_438' title='bbox 789 5310 973 5364; x_wconf 88' lang='lat' dir='ltr'><strong>ferulis</strong></span> <span class='ocrx_word' id='word_1_439' title='bbox 994 5310 1304 5379; x_wconf 88' lang='lat' dir='ltr'><strong>judieemini</strong></span> <span class='ocrx_word' id='word_1_440' title='bbox 1331 5327 1344 5373; x_wconf 91' lang='lat'><strong>;</strong></span> <span class='ocrx_word' id='word_1_441' title='bbox 1378 5309 1645 5364; x_wconf 87' lang='lat' dir='ltr'><strong>concludit</strong></span> <span class='ocrx_word' id='word_1_442' title='bbox 1675 5309 1934 5365; x_wconf 83' lang='lat' dir='ltr'><strong>adversus</strong></span> 
     </span>
    </p>
   </div>
   <div class='ocr_carea' id='block_1_56' title="bbox 351 5398 1935 5471">
    <p class='ocr_par' dir='ltr' id='par_1_56' title="bbox 351 5398 1935 5471">
     <span class='ocr_line' id='line_1_56' title="bbox 351 5398 1935 5471; baseline -0.001 -16"><span class='ocrx_word' id='word_1_443' title='bbox 351 5419 444 5459; x_wconf 80' lang='lat' dir='ltr'><strong>ros</strong></span> <span class='ocrx_word' id='word_1_444' title='bbox 481 5400 824 5464; x_wconf 70' lang='lat' dir='ltr'><strong>Manichazus,</strong></span> <span class='ocrx_word' id='word_1_445' title='bbox 856 5399 972 5455; x_wconf 72' lang='lat' dir='ltr'><strong>haec</strong></span> <span class='ocrx_word' id='word_1_446' title='bbox 1006 5401 1166 5464; x_wconf 79' lang='lat' dir='ltr'><strong>mala,</strong></span> <span class='ocrx_word' id='word_1_447' title='bbox 1198 5415 1318 5471; x_wconf 73' lang='lat' dir='ltr'><strong>qua:</strong></span> <span class='ocrx_word' id='word_1_448' title='bbox 1357 5400 1426 5455; x_wconf 87' lang='lat' dir='ltr'><strong>de</strong></span> <span class='ocrx_word' id='word_1_449' title='bbox 1455 5400 1634 5454; x_wconf 81' lang='lat' dir='ltr'><strong>vitiata</strong></span> <span class='ocrx_word' id='word_1_450' title='bbox 1667 5398 1804 5455; x_wconf 87' lang='lat' dir='ltr'><strong>bona</strong></span> <span class='ocrx_word' id='word_1_451' title='bbox 1839 5415 1935 5454; x_wconf 85' lang='lat' dir='ltr'><strong>na-</strong></span> 
     </span>
    </p>
   </div>
   <div class='ocr_carea' id='block_1_57' title="bbox 350 5491 1933 5565">
    <p class='ocr_par' dir='ltr' id='par_1_57' title="bbox 350 5491 1933 5565">
     <span class='ocr_line' id='line_1_57' title="bbox 350 5491 1933 5565; baseline -0.003 -12"><span class='ocrx_word' id='word_1_452' title='bbox 350 5509 463 5554; x_wconf 90' lang='lat' dir='ltr'><strong>tura</strong></span> <span class='ocrx_word' id='word_1_453' title='bbox 486 5513 605 5554; x_wconf 89' lang='lat' dir='ltr'><strong>esse</strong></span> <span class='ocrx_word' id='word_1_454' title='bbox 627 5511 730 5551; x_wconf 93' lang='lat' dir='ltr'><strong>non</strong></span> <span class='ocrx_word' id='word_1_455' title='bbox 754 5494 930 5558; x_wconf 87' lang='lat' dir='ltr'><strong>vultis,</strong></span> <span class='ocrx_word' id='word_1_456' title='bbox 960 5494 1027 5549; x_wconf 90' lang='lat' dir='ltr'><strong>de</strong></span> <span class='ocrx_word' id='word_1_457' title='bbox 1051 5495 1431 5550; x_wconf 81' lang='lat' dir='ltr'><strong>commixtione</strong></span> <span class='ocrx_word' id='word_1_458' title='bbox 1456 5495 1582 5549; x_wconf 90' lang='lat' dir='ltr'><strong>mali</strong></span> <span class='ocrx_word' id='word_1_459' title='bbox 1607 5509 1726 5550; x_wconf 88' lang='lat' dir='ltr'><strong>esse</strong></span> <span class='ocrx_word' id='word_1_460' title='bbox 1752 5511 1766 5548; x_wconf 89' lang='lat'><strong>:</strong></span> <span class='ocrx_word' id='word_1_461' title='bbox 1791 5491 1933 5565; x_wconf 91' lang='lat' dir='ltr'><strong>quod</strong></span> 
     </span>
    </p>
   </div>
   <div class='ocr_carea' id='block_1_58' title="bbox 349 5587 1930 5658">
    <p class='ocr_par' dir='ltr' id='par_1_58' title="bbox 349 5587 1930 5658">
     <span class='ocr_line' id='line_1_58' title="bbox 349 5587 1930 5658; baseline -0.003 -11"><span class='ocrx_word' id='word_1_462' title='bbox 349 5591 546 5648; x_wconf 88' lang='lat' dir='ltr'><strong>malum</strong></span> <span class='ocrx_word' id='word_1_463' title='bbox 573 5589 704 5645; x_wconf 92' lang='lat' dir='ltr'><strong>dicit</strong></span> <span class='ocrx_word' id='word_1_464' title='bbox 728 5603 848 5644; x_wconf 87' lang='lat' dir='ltr'><strong>esse</strong></span> <span class='ocrx_word' id='word_1_465' title='bbox 875 5595 1117 5640; x_wconf 88' lang='lat' dir='ltr'><strong>naturam</strong></span> <span class='ocrx_word' id='word_1_466' title='bbox 1145 5597 1466 5641; x_wconf 77' lang='lat' dir='ltr'><strong>eoaeternam</strong></span> <span class='ocrx_word' id='word_1_467' title='bbox 1490 5587 1602 5642; x_wconf 90' lang='lat' dir='ltr'><strong>Deo</strong></span> <span class='ocrx_word' id='word_1_468' title='bbox 1623 5597 1783 5658; x_wconf 89' lang='lat' dir='ltr'><strong>atque</strong></span> <span class='ocrx_word' id='word_1_469' title='bbox 1803 5602 1930 5642; x_wconf 87' lang='lat' dir='ltr'><strong>con-</strong></span> 
     </span>
    </p>
   </div>
   <div class='ocr_carea' id='block_1_59' title="bbox 350 5678 1928 5752">
    <p class='ocr_par' dir='ltr' id='par_1_59' title="bbox 350 5678 1928 5752">
     <span class='ocr_line' id='line_1_59' title="bbox 350 5678 1928 5752; baseline -0.004 -12"><span class='ocrx_word' id='word_1_470' title='bbox 350 5685 590 5740; x_wconf 89' lang='lat' dir='ltr'><strong>trariam.</strong></span> <span class='ocrx_word' id='word_1_471' title='bbox 628 5683 705 5738; x_wconf 83' lang='lat' dir='ltr'><strong>Ac</strong></span> <span class='ocrx_word' id='word_1_472' title='bbox 741 5696 838 5752; x_wconf 90' lang='lat' dir='ltr'><strong>per</strong></span> <span class='ocrx_word' id='word_1_473' title='bbox 871 5679 972 5734; x_wconf 91' lang='lat' dir='ltr'><strong>hoc</strong></span> <span class='ocrx_word' id='word_1_474' title='bbox 999 5678 1089 5732; x_wconf 88' lang='lat' dir='ltr'><strong>ubi</strong></span> <span class='ocrx_word' id='word_1_475' title='bbox 1115 5678 1651 5739; x_wconf 59' lang='lat' dir='ltr'><strong>Manichr-eoxonaris</strong></span> <span class='ocrx_word' id='word_1_476' title='bbox 1688 5694 1808 5734; x_wconf 89' lang='lat' dir='ltr'><strong>esse</strong></span> <span class='ocrx_word' id='word_1_477' title='bbox 1843 5695 1928 5734; x_wconf 90' lang='lat' dir='ltr'><strong>rc-</strong></span> 
     </span>
    </p>
   </div>
   <div class='ocr_carea' id='block_1_60' title="bbox 347 5768 1324 5842">
    <p class='ocr_par' dir='ltr' id='par_1_60' title="bbox 347 5768 1324 5842">
     <span class='ocr_line' id='line_1_60' title="bbox 347 5768 1324 5842; baseline -0.009 -11"><span class='ocrx_word' id='word_1_478' title='bbox 347 5777 560 5842; x_wconf 84' lang='lat' dir='ltr'><strong>motior,</strong></span> <span class='ocrx_word' id='word_1_479' title='bbox 593 5774 666 5829; x_wconf 83' lang='lat' dir='ltr'><strong>illi</strong></span> <span class='ocrx_word' id='word_1_480' title='bbox 696 5771 924 5828; x_wconf 75' lang='lat' dir='ltr'><strong>cmt‘cris</strong></span> <span class='ocrx_word' id='word_1_481' title='bbox 953 5769 1068 5839; x_wconf 74' lang='lat' dir='ltr'><strong>ejus</strong></span> <span class='ocrx_word' id='word_1_482' title='bbox 1097 5768 1324 5839; x_wconf 80' lang='lat' dir='ltr'><strong>adjutor.</strong></span> 
     </span>
    </p>
   </div>
   <div class='ocr_carea' id='block_1_61' title="bbox 1703 357 2225 416">
    <p class='ocr_par' dir='ltr' id='par_1_61' title="bbox 1703 357 2225 416">
     <span class='ocr_line' id='line_1_61' title="bbox 1703 357 2225 416; baseline 0.004 -2"><span class='ocrx_word' id='word_1_483' title='bbox 1703 359 1900 415; x_wconf 69' lang='lat' dir='ltr'><strong>LlliER</strong></span> <span class='ocrx_word' id='word_1_484' title='bbox 1939 357 2225 416; x_wconf 76' lang='lat' dir='ltr'><strong>SEXTUS.</strong></span> 
     </span>
    </p>
   </div>
   <div class='ocr_carea' id='block_1_62' title="bbox 3511 375 3645 430">
    <p class='ocr_par' dir='ltr' id='par_1_62' title="bbox 3511 375 3645 430">
     <span class='ocr_line' id='line_1_62' title="bbox 3511 375 3645 430; baseline -0.015 -1"><span class='ocrx_word' id='word_1_485' title='bbox 3511 375 3645 430; x_wconf 60' lang='grc' dir='ltr'><strong>Ιῆίῦ</strong></span> 
     </span>
    </p>
   </div>
   <div class='ocr_carea' id='block_1_63' title="bbox 2125 473 3642 559">
    <p class='ocr_par' dir='ltr' id='par_1_63' title="bbox 2125 473 3642 559">
     <span class='ocr_line' id='line_1_63' title="bbox 2125 473 3642 559; baseline 0.01 -31"><span class='ocrx_word' id='word_1_486' title='bbox 2125 473 2212 529; x_wconf 79' lang='lat' dir='ltr'><strong>Vl.</strong></span> <span class='ocrx_word' id='word_1_487' title='bbox 2240 474 2359 530; x_wconf 77' lang='lat' dir='ltr'><strong>JUL.</strong></span> <span class='ocrx_word' id='word_1_488' title='bbox 2386 475 2501 531; x_wconf 82' lang='lat' dir='ltr'><strong>Jaut</strong></span> <span class='ocrx_word' id='word_1_489' title='bbox 2530 493 2656 534; x_wconf 81' lang='lat' dir='ltr'><strong>vero</strong></span> <span class='ocrx_word' id='word_1_490' title='bbox 2684 479 2732 533; x_wconf 92' lang='lat' dir='ltr'><strong>iu</strong></span> <span class='ocrx_word' id='word_1_491' title='bbox 2761 481 2933 556; x_wconf 85' lang='lat' dir='ltr'><strong>ipsum</strong></span> <span class='ocrx_word' id='word_1_492' title='bbox 2962 483 3148 551; x_wconf 90' lang='lat' dir='ltr'><strong>Deum,</strong></span> <span class='ocrx_word' id='word_1_493' title='bbox 3182 485 3293 554; x_wconf 90' lang='lat' dir='ltr'><strong>pari</strong></span> <span class='ocrx_word' id='word_1_494' title='bbox 3325 487 3451 554; x_wconf 90' lang='lat' dir='ltr'><strong>fine,</strong></span> <span class='ocrx_word' id='word_1_495' title='bbox 3481 488 3642 559; x_wconf 87' lang='lat' dir='ltr'><strong>impa-</strong></span> 
     </span>
    </p>
   </div>
   <div class='ocr_carea' id='block_1_64' title="bbox 2049 562 3642 640">
    <p class='ocr_par' dir='ltr' id='par_1_64' title="bbox 2049 562 3642 640">
     <span class='ocr_line' id='line_1_64' title="bbox 2049 562 3642 640; baseline 0.013 -24"><span class='ocrx_word' id='word_1_496' title='bbox 2049 562 2093 616; x_wconf 93' lang='lat' dir='ltr'><strong>ri</strong></span> <span class='ocrx_word' id='word_1_497' title='bbox 2137 565 2388 632; x_wconf 85' lang='lat' dir='ltr'><strong>exordio,</strong></span> <span class='ocrx_word' id='word_1_498' title='bbox 2417 570 2818 624; x_wconf 90' lang='lat' dir='ltr'><strong>accusationum</strong></span> <span class='ocrx_word' id='word_1_499' title='bbox 2848 573 2950 626; x_wconf 90' lang='lat' dir='ltr'><strong>tela</strong></span> <span class='ocrx_word' id='word_1_500' title='bbox 2971 574 3293 640; x_wconf 89' lang='lat' dir='ltr'><strong>jaculantur.</strong></span> <span class='ocrx_word' id='word_1_501' title='bbox 3320 576 3642 636; x_wconf 64' lang='lat' dir='ltr'><strong>Manicha&#39;us</strong></span> 
     </span>
    </p>
   </div>
   <div class='ocr_carea' id='block_1_65' title="bbox 2048 657 3640 727">
    <p class='ocr_par' dir='ltr' id='par_1_65' title="bbox 2048 657 3640 727">
     <span class='ocr_line' id='line_1_65' title="bbox 2048 657 3640 727; baseline 0.011 -19"><span class='ocrx_word' id='word_1_502' title='bbox 2048 657 2243 727; x_wconf 89' lang='lat' dir='ltr'><strong>quippe</strong></span> <span class='ocrx_word' id='word_1_503' title='bbox 2269 657 2418 722; x_wconf 89' lang='lat' dir='ltr'><strong>dicit,</strong></span> <span class='ocrx_word' id='word_1_504' title='bbox 2451 661 2587 716; x_wconf 87' lang='lat' dir='ltr'><strong>Dens</strong></span> <span class='ocrx_word' id='word_1_505' title='bbox 2617 663 2788 718; x_wconf 88' lang='lat' dir='ltr'><strong>bonus</strong></span> <span class='ocrx_word' id='word_1_506' title='bbox 2815 665 3009 718; x_wconf 88' lang='lat' dir='ltr'><strong>malum</strong></span> <span class='ocrx_word' id='word_1_507' title='bbox 3039 681 3147 722; x_wconf 92' lang='lat' dir='ltr'><strong>non</strong></span> <span class='ocrx_word' id='word_1_508' title='bbox 3173 667 3298 723; x_wconf 87' lang='lat' dir='ltr'><strong>facit</strong></span> <span class='ocrx_word' id='word_1_509' title='bbox 3328 687 3340 723; x_wconf 94' lang='lat'>:</span> <span class='ocrx_word' id='word_1_510' title='bbox 3369 671 3462 724; x_wconf 86' lang='lat' dir='ltr'><strong>sed</strong></span> <span class='ocrx_word' id='word_1_511' title='bbox 3491 670 3640 725; x_wconf 87' lang='lat' dir='ltr'><strong>addit</strong></span> 
     </span>
    </p>
   </div>
   <div class='ocr_carea' id='block_1_66' title="bbox 2047 747 3638 824">
    <p class='ocr_par' dir='ltr' id='par_1_66' title="bbox 2047 747 3638 824">
     <span class='ocr_line' id='line_1_66' title="bbox 2047 747 3638 824; baseline 0.011 -27"><span class='ocrx_word' id='word_1_512' title='bbox 2047 747 2169 816; x_wconf 88' lang='lat' dir='ltr'><strong>quia</strong></span> <span class='ocrx_word' id='word_1_513' title='bbox 2214 763 2308 817; x_wconf 91' lang='lat' dir='ltr'><strong>pro</strong></span> <span class='ocrx_word' id='word_1_514' title='bbox 2349 752 2677 807; x_wconf 88' lang='lat' dir='ltr'><strong>naturalibus</strong></span> <span class='ocrx_word' id='word_1_515' title='bbox 2719 753 2892 824; x_wconf 90' lang='lat' dir='ltr'><strong>culpis</strong></span> <span class='ocrx_word' id='word_1_516' title='bbox 2921 765 3125 810; x_wconf 70' lang='lat' dir='ltr'><strong>mterno</strong></span> <span class='ocrx_word' id='word_1_517' title='bbox 3156 757 3401 813; x_wconf 92' lang='lat' dir='ltr'><strong>incendio</strong></span> <span class='ocrx_word' id='word_1_518' title='bbox 3431 761 3638 815; x_wconf 89' lang='lat' dir='ltr'><strong>animas</strong></span> 
     </span>
    </p>
   </div>
   <div class='ocr_carea' id='block_1_67' title="bbox 2046 837 3642 920">
    <p class='ocr_par' dir='ltr' id='par_1_67' title="bbox 2046 837 3642 920">
     <span class='ocr_line' id='line_1_67' title="bbox 2046 837 3642 920; baseline 0.008 -28"><span class='ocrx_word' id='word_1_519' title='bbox 2046 837 2321 906; x_wconf 90' lang='lat' dir='ltr'><strong>destinet;</strong></span> <span class='ocrx_word' id='word_1_520' title='bbox 2366 841 2509 912; x_wconf 91' lang='lat' dir='ltr'><strong>quod</strong></span> <span class='ocrx_word' id='word_1_521' title='bbox 2554 845 2849 914; x_wconf 66' lang='lat' dir='ltr'><strong>perspicua:</strong></span> <span class='ocrx_word' id='word_1_522' title='bbox 2893 846 3242 902; x_wconf 87' lang='lat' dir='ltr'><strong>immanitatis</strong></span> <span class='ocrx_word' id='word_1_523' title='bbox 3289 859 3371 903; x_wconf 91' lang='lat' dir='ltr'><strong>est</strong></span> <span class='ocrx_word' id='word_1_524' title='bbox 3401 868 3415 904; x_wconf 90' lang='lat'><strong>:</strong></span> <span class='ocrx_word' id='word_1_525' title='bbox 3443 865 3505 904; x_wconf 91' lang='lat' dir='ltr'><strong>ac</strong></span> <span class='ocrx_word' id='word_1_526' title='bbox 3547 867 3642 920; x_wconf 74' lang='lat' dir='ltr'><strong>per</strong></span> 
     </span>
    </p>
   </div>
   <div class='ocr_carea' id='block_1_68' title="bbox 2045 928 3638 1006">
    <p class='ocr_par' dir='ltr' id='par_1_68' title="bbox 2045 928 3638 1006">
     <span class='ocr_line' id='line_1_68' title="bbox 2045 928 3638 1006; baseline 0.006 -22"><span class='ocrx_word' id='word_1_527' title='bbox 2045 928 2168 994; x_wconf 86' lang='lat' dir='ltr'><strong>hoc,</strong></span> <span class='ocrx_word' id='word_1_528' title='bbox 2211 931 2316 986; x_wconf 86' lang='lat' dir='ltr'><strong>fine</strong></span> <span class='ocrx_word' id='word_1_529' title='bbox 2353 934 2616 1002; x_wconf 85' lang='lat' dir='ltr'><strong>opinionis</strong></span> <span class='ocrx_word' id='word_1_530' title='bbox 2649 949 2779 1002; x_wconf 75' lang='lat' dir='ltr'><strong>sum,</strong></span> <span class='ocrx_word' id='word_1_531' title='bbox 2820 952 2978 1006; x_wconf 90' lang='lat' dir='ltr'><strong>quem</strong></span> <span class='ocrx_word' id='word_1_532' title='bbox 3007 937 3204 992; x_wconf 92' lang='lat' dir='ltr'><strong>bonum</strong></span> <span class='ocrx_word' id='word_1_533' title='bbox 3235 939 3462 1006; x_wconf 78' lang='lat' dir='ltr'><strong>dixerat,</strong></span> <span class='ocrx_word' id='word_1_534' title='bbox 3495 942 3638 994; x_wconf 86' lang='lat' dir='ltr'><strong>clara</strong></span> 
     </span>
    </p>
   </div>
   <div class='ocr_carea' id='block_1_69' title="bbox 2047 1021 3638 1100">
    <p class='ocr_par' dir='ltr' id='par_1_69' title="bbox 2047 1021 3638 1100">
     <span class='ocr_line' id='line_1_69' title="bbox 2047 1021 3638 1100; baseline 0.007 -24"><span class='ocrx_word' id='word_1_535' title='bbox 2047 1021 2326 1092; x_wconf 90' lang='lat' dir='ltr'><strong>iniquitate</strong></span> <span class='ocrx_word' id='word_1_536' title='bbox 2367 1027 2714 1081; x_wconf 87' lang='lat' dir='ltr'><strong>contaminat.</strong></span> <span class='ocrx_word' id='word_1_537' title='bbox 2760 1027 2928 1083; x_wconf 85' lang='lat' dir='ltr'><strong>Porro</strong></span> <span class='ocrx_word' id='word_1_538' title='bbox 2954 1029 3284 1098; x_wconf 84' lang='lat' dir='ltr'><strong>Augustinus</strong></span> <span class='ocrx_word' id='word_1_539' title='bbox 3313 1032 3466 1100; x_wconf 90' lang='lat' dir='ltr'><strong>quasi</strong></span> <span class='ocrx_word' id='word_1_540' title='bbox 3493 1032 3540 1086; x_wconf 92' lang='lat' dir='ltr'><strong>ei</strong></span> <span class='ocrx_word' id='word_1_541' title='bbox 3572 1033 3638 1087; x_wconf 89' lang='lat' dir='ltr'><strong>ad</strong></span> 
     </span>
    </p>
   </div>
   <div class='ocr_carea' id='block_1_70' title="bbox 2046 1115 3644 1193">
    <p class='ocr_par' dir='ltr' id='par_1_70' title="bbox 2046 1115 3644 1193">
     <span class='ocr_line' id='line_1_70' title="bbox 2046 1115 3644 1193; baseline 0.008 -29"><span class='ocrx_word' id='word_1_542' title='bbox 2046 1128 2204 1184; x_wconf 89' lang='lat' dir='ltr'><strong>quem</strong></span> <span class='ocrx_word' id='word_1_543' title='bbox 2233 1115 2437 1181; x_wconf 88' lang='lat' dir='ltr'><strong>scribit,</strong></span> <span class='ocrx_word' id='word_1_544' title='bbox 2473 1116 2641 1172; x_wconf 85' lang='lat' dir='ltr'><strong>fidens</strong></span> <span class='ocrx_word' id='word_1_545' title='bbox 2667 1128 2913 1188; x_wconf 91' lang='lat' dir='ltr'><strong>patrono,</strong></span> <span class='ocrx_word' id='word_1_546' title='bbox 2943 1135 3076 1175; x_wconf 87' lang='lat' dir='ltr'><strong>ausu</strong></span> <span class='ocrx_word' id='word_1_547' title='bbox 3099 1121 3388 1190; x_wconf 86' lang='lat' dir='ltr'><strong>grandiore</strong></span> <span class='ocrx_word' id='word_1_548' title='bbox 3413 1122 3644 1193; x_wconf 91' lang='lat' dir='ltr'><strong>despicit</strong></span> 
     </span>
    </p>
   </div>
   <div class='ocr_carea' id='block_1_71' title="bbox 2052 1205 3642 1284">
    <p class='ocr_par' dir='ltr' id='par_1_71' title="bbox 2052 1205 3642 1284">
     <span class='ocr_line' id='line_1_71' title="bbox 2052 1205 3642 1284; baseline 0.005 -26"><span class='ocrx_word' id='word_1_549' title='bbox 2052 1205 2460 1274; x_wconf 87' lang='lat' dir='ltr'><strong>trepidationem</strong></span> <span class='ocrx_word' id='word_1_550' title='bbox 2483 1209 2741 1279; x_wconf 88' lang='lat' dir='ltr'><strong>magistri,</strong></span> <span class='ocrx_word' id='word_1_551' title='bbox 2765 1225 2866 1266; x_wconf 89' lang='lat' dir='ltr'><strong>nec</strong></span> <span class='ocrx_word' id='word_1_552' title='bbox 2884 1211 3093 1266; x_wconf 87' lang='lat' dir='ltr'><strong>dubitat</strong></span> <span class='ocrx_word' id='word_1_553' title='bbox 3114 1211 3236 1267; x_wconf 93' lang='lat' dir='ltr'><strong>inde</strong></span> <span class='ocrx_word' id='word_1_554' title='bbox 3259 1213 3510 1282; x_wconf 90' lang='lat' dir='ltr'><strong>incipere,</strong></span> <span class='ocrx_word' id='word_1_555' title='bbox 3535 1229 3642 1284; x_wconf 87' lang='lat' dir='ltr'><strong>quo</strong></span> 
     </span>
    </p>
   </div>
   <div class='ocr_carea' id='block_1_72' title="bbox 2044 1295 3639 1374">
    <p class='ocr_par' dir='ltr' id='par_1_72' title="bbox 2044 1295 3639 1374">
     <span class='ocr_line' id='line_1_72' title="bbox 2044 1295 3639 1374; baseline 0.006 -24"><span class='ocrx_word' id='word_1_556' title='bbox 2044 1295 2364 1354; x_wconf 63' lang='lat' dir='ltr'><strong>Manichmus</strong></span> <span class='ocrx_word' id='word_1_557' title='bbox 2398 1301 2671 1368; x_wconf 84' lang='lat' dir='ltr'><strong>pervenit;</strong></span> <span class='ocrx_word' id='word_1_558' title='bbox 2710 1303 3122 1374; x_wconf 86' lang='lat' dir='ltr'><strong>pronuntiatque</strong></span> <span class='ocrx_word' id='word_1_559' title='bbox 3156 1303 3298 1373; x_wconf 87' lang='lat' dir='ltr'><strong>quod</strong></span> <span class='ocrx_word' id='word_1_560' title='bbox 3333 1305 3552 1369; x_wconf 88' lang='lat' dir='ltr'><strong>malum,</strong></span> <span class='ocrx_word' id='word_1_561' title='bbox 3588 1307 3639 1360; x_wconf 93' lang='lat' dir='ltr'><strong>id</strong></span> 
     </span>
    </p>
   </div>
   <div class='ocr_carea' id='block_1_73' title="bbox 2046 1388 3640 1462">
    <p class='ocr_par' dir='ltr' id='par_1_73' title="bbox 2046 1388 3640 1462">
     <span class='ocr_line' id='line_1_73' title="bbox 2046 1388 3640 1462; baseline 0.004 -20"><span class='ocrx_word' id='word_1_562' title='bbox 2046 1396 2124 1442; x_wconf 89' lang='lat' dir='ltr'><strong>est</strong></span> <span class='ocrx_word' id='word_1_563' title='bbox 2154 1397 2455 1459; x_wconf 91' lang='lat' dir='ltr'><strong>peccatum,</strong></span> <span class='ocrx_word' id='word_1_564' title='bbox 2486 1388 2644 1446; x_wconf 88' lang='lat' dir='ltr'><strong>faciat</strong></span> <span class='ocrx_word' id='word_1_565' title='bbox 2671 1391 2815 1447; x_wconf 89' lang='lat' dir='ltr'><strong>Deus</strong></span> <span class='ocrx_word' id='word_1_566' title='bbox 2840 1402 2893 1449; x_wconf 90' lang='lat' dir='ltr'><strong>et</strong></span> <span class='ocrx_word' id='word_1_567' title='bbox 2918 1403 3086 1460; x_wconf 88' lang='lat' dir='ltr'><strong>creet,</strong></span> <span class='ocrx_word' id='word_1_568' title='bbox 3113 1409 3270 1462; x_wconf 90' lang='lat' dir='ltr'><strong>quem</strong></span> <span class='ocrx_word' id='word_1_569' title='bbox 3298 1404 3504 1450; x_wconf 88' lang='lat' dir='ltr'><strong>constat</strong></span> <span class='ocrx_word' id='word_1_570' title='bbox 3534 1411 3640 1449; x_wconf 95' lang='lat' dir='ltr'><strong>non</strong></span> 
     </span>
    </p>
   </div>
   <div class='ocr_carea' id='block_1_74' title="bbox 2044 1480 3638 1552">
    <p class='ocr_par' dir='ltr' id='par_1_74' title="bbox 2044 1480 3638 1552">
     <span class='ocr_line' id='line_1_74' title="bbox 2044 1480 3638 1552; baseline 0.005 -19"><span class='ocrx_word' id='word_1_571' title='bbox 2044 1480 2332 1534; x_wconf 85' lang='lat' dir='ltr'><strong>convenire</strong></span> <span class='ocrx_word' id='word_1_572' title='bbox 2357 1480 2406 1535; x_wconf 95' lang='lat' dir='ltr'><strong>ei</strong></span> <span class='ocrx_word' id='word_1_573' title='bbox 2431 1481 2557 1547; x_wconf 86' lang='lat' dir='ltr'><strong>Deo,</strong></span> <span class='ocrx_word' id='word_1_574' title='bbox 2585 1496 2742 1552; x_wconf 91' lang='lat' dir='ltr'><strong>quem</strong></span> <span class='ocrx_word' id='word_1_575' title='bbox 2767 1483 3162 1538; x_wconf 88' lang='lat' dir='ltr'><strong>Catholicorum</strong></span> <span class='ocrx_word' id='word_1_576' title='bbox 3188 1484 3322 1540; x_wconf 85' lang='lat' dir='ltr'><strong>fides</strong></span> <span class='ocrx_word' id='word_1_577' title='bbox 3347 1487 3492 1540; x_wconf 91' lang='lat' dir='ltr'><strong>colit.</strong></span> <span class='ocrx_word' id='word_1_578' title='bbox 3525 1485 3638 1541; x_wconf 84' lang='lat' dir='ltr'><strong>lloe</strong></span> 
     </span>
    </p>
   </div>
   <div class='ocr_carea' id='block_1_75' title="bbox 2043 1570 3638 1646">
    <p class='ocr_par' dir='ltr' id='par_1_75' title="bbox 2043 1570 3638 1646">
     <span class='ocr_line' id='line_1_75' title="bbox 2043 1570 3638 1646; baseline 0.003 -22"><span class='ocrx_word' id='word_1_579' title='bbox 2043 1570 2382 1640; x_wconf 91' lang='lat' dir='ltr'><strong>potissimum</strong></span> <span class='ocrx_word' id='word_1_580' title='bbox 2423 1573 2602 1628; x_wconf 88' lang='lat' dir='ltr'><strong>animo</strong></span> <span class='ocrx_word' id='word_1_581' title='bbox 2641 1573 2858 1629; x_wconf 90' lang='lat' dir='ltr'><strong>lectoris</strong></span> <span class='ocrx_word' id='word_1_582' title='bbox 2897 1574 3114 1640; x_wconf 92' lang='lat' dir='ltr'><strong>insidat,</strong></span> <span class='ocrx_word' id='word_1_583' title='bbox 3151 1583 3206 1630; x_wconf 91' lang='lat' dir='ltr'><strong>et</strong></span> <span class='ocrx_word' id='word_1_584' title='bbox 3237 1577 3368 1629; x_wconf 88' lang='lat' dir='ltr'><strong>nulli</strong></span> <span class='ocrx_word' id='word_1_585' title='bbox 3406 1591 3638 1646; x_wconf 87' lang='lat' dir='ltr'><strong>unquam</strong></span> 
     </span>
    </p>
   </div>
   <div class='ocr_carea' id='block_1_76' title="bbox 2047 1661 3640 1738">
    <p class='ocr_par' dir='ltr' id='par_1_76' title="bbox 2047 1661 3640 1738">
     <span class='ocr_line' id='line_1_76' title="bbox 2047 1661 3640 1738; baseline 0.004 -24"><span class='ocrx_word' id='word_1_586' title='bbox 2047 1661 2281 1717; x_wconf 89' lang='lat' dir='ltr'><strong>fidelium</strong></span> <span class='ocrx_word' id='word_1_587' title='bbox 2305 1663 2562 1733; x_wconf 80' lang='lat' dir='ltr'><strong>majorem</strong></span> <span class='ocrx_word' id='word_1_588' title='bbox 2584 1679 2799 1738; x_wconf 90' lang='lat' dir='ltr'><strong>causam</strong></span> <span class='ocrx_word' id='word_1_589' title='bbox 2825 1681 2986 1735; x_wconf 90' lang='lat' dir='ltr'><strong>quam</strong></span> <span class='ocrx_word' id='word_1_590' title='bbox 3010 1666 3164 1720; x_wconf 85' lang='lat' dir='ltr'><strong>nobis</strong></span> <span class='ocrx_word' id='word_1_591' title='bbox 3187 1666 3491 1721; x_wconf 90' lang='lat' dir='ltr'><strong>incubuisse</strong></span> <span class='ocrx_word' id='word_1_592' title='bbox 3511 1681 3640 1722; x_wconf 85' lang='lat' dir='ltr'><strong>con-</strong></span> 
     </span>
    </p>
   </div>
   <div class='ocr_carea' id='block_1_77' title="bbox 2043 1747 3634 1822">
    <p class='ocr_par' dir='ltr' id='par_1_77' title="bbox 2043 1747 3634 1822">
     <span class='ocr_line' id='line_1_77' title="bbox 2043 1747 3634 1822; baseline 0.005 -20"><span class='ocrx_word' id='word_1_593' title='bbox 2043 1747 2254 1813; x_wconf 90' lang='lat' dir='ltr'><strong>flictus,</strong></span> <span class='ocrx_word' id='word_1_594' title='bbox 2301 1758 2353 1804; x_wconf 93' lang='lat' dir='ltr'><strong>et</strong></span> <span class='ocrx_word' id='word_1_595' title='bbox 2391 1765 2604 1805; x_wconf 90' lang='lat' dir='ltr'><strong>onmem</strong></span> <span class='ocrx_word' id='word_1_596' title='bbox 2635 1752 2726 1822; x_wconf 89' lang='lat' dir='ltr'><strong>qui</strong></span> <span class='ocrx_word' id='word_1_597' title='bbox 2767 1761 3012 1807; x_wconf 88' lang='lat' dir='ltr'><strong>naturam</strong></span> <span class='ocrx_word' id='word_1_598' title='bbox 3059 1753 3226 1822; x_wconf 89' lang='lat' dir='ltr'><strong>ipsam</strong></span> <span class='ocrx_word' id='word_1_599' title='bbox 3259 1755 3634 1810; x_wconf 90' lang='lat' dir='ltr'><strong>necessitatem</strong></span> 
     </span>
    </p>
   </div>
   <div class='ocr_carea' id='block_1_78' title="bbox 2042 1840 3632 1909">
    <p class='ocr_par' dir='ltr' id='par_1_78' title="bbox 2042 1840 3632 1909">
     <span class='ocr_line' id='line_1_78' title="bbox 2042 1840 3632 1909; baseline 0.003 -13"><span class='ocrx_word' id='word_1_600' title='bbox 2042 1841 2282 1896; x_wconf 87' lang='lat' dir='ltr'><strong>criminis</strong></span> <span class='ocrx_word' id='word_1_601' title='bbox 2309 1841 2634 1909; x_wconf 85' lang='lat' dir='ltr'><strong>arbitratur,</strong></span> <span class='ocrx_word' id='word_1_602' title='bbox 2681 1844 2737 1898; x_wconf 90' lang='lat' dir='ltr'><strong>in</strong></span> <span class='ocrx_word' id='word_1_603' title='bbox 2777 1844 2867 1897; x_wconf 92' lang='lat' dir='ltr'><strong>Dei</strong></span> <span class='ocrx_word' id='word_1_604' title='bbox 2897 1840 3319 1899; x_wconf 89' lang='lat' dir='ltr'><strong>Christianorum</strong></span> <span class='ocrx_word' id='word_1_605' title='bbox 3351 1846 3497 1900; x_wconf 92' lang='lat' dir='ltr'><strong>cultu</strong></span> <span class='ocrx_word' id='word_1_606' title='bbox 3528 1861 3632 1900; x_wconf 89' lang='lat' dir='ltr'><strong>non</strong></span> 
     </span>
    </p>
   </div>
   <div class='ocr_carea' id='block_1_79' title="bbox 2046 1932 3629 2009">
    <p class='ocr_par' dir='ltr' id='par_1_79' title="bbox 2046 1932 3629 2009">
     <span class='ocr_line' id='line_1_79' title="bbox 2046 1932 3629 2009; baseline 0.006 -24"><span class='ocrx_word' id='word_1_607' title='bbox 2046 1932 2244 1989; x_wconf 89' lang='lat' dir='ltr'><strong>habere</strong></span> <span class='ocrx_word' id='word_1_608' title='bbox 2277 1935 2602 1990; x_wconf 91' lang='lat' dir='ltr'><strong>consortium</strong></span> <span class='ocrx_word' id='word_1_609' title='bbox 2638 1953 2652 1990; x_wconf 91' lang='lat'><strong>:</strong></span> <span class='ocrx_word' id='word_1_610' title='bbox 2678 1936 2818 2007; x_wconf 92' lang='lat' dir='ltr'><strong>quod</strong></span> <span class='ocrx_word' id='word_1_611' title='bbox 2848 1937 3097 2006; x_wconf 88' lang='lat' dir='ltr'><strong>quoniam</strong></span> <span class='ocrx_word' id='word_1_612' title='bbox 3128 1937 3434 2009; x_wconf 90' lang='lat' dir='ltr'><strong>frequenter</strong></span> <span class='ocrx_word' id='word_1_613' title='bbox 3464 1939 3629 1994; x_wconf 84' lang='lat' dir='ltr'><strong>incul-</strong></span> 
     </span>
    </p>
   </div>
   <div class='ocr_carea' id='block_1_80' title="bbox 2044 2026 3633 2100">
    <p class='ocr_par' dir='ltr' id='par_1_80' title="bbox 2044 2026 3633 2100">
     <span class='ocr_line' id='line_1_80' title="bbox 2044 2026 3633 2100; baseline 0.003 -20"><span class='ocrx_word' id='word_1_614' title='bbox 2044 2033 2222 2081; x_wconf 90' lang='lat' dir='ltr'><strong>catum</strong></span> <span class='ocrx_word' id='word_1_615' title='bbox 2249 2035 2368 2090; x_wconf 90' lang='lat' dir='ltr'><strong>est;</strong></span> <span class='ocrx_word' id='word_1_616' title='bbox 2409 2026 2746 2083; x_wconf 87' lang='lat' dir='ltr'><strong>iterationem</strong></span> <span class='ocrx_word' id='word_1_617' title='bbox 2775 2029 2975 2099; x_wconf 90' lang='lat' dir='ltr'><strong>quippe</strong></span> <span class='ocrx_word' id='word_1_618' title='bbox 3004 2029 3202 2083; x_wconf 89' lang='lat' dir='ltr'><strong>utilitas</strong></span> <span class='ocrx_word' id='word_1_619' title='bbox 3230 2045 3405 2085; x_wconf 77' lang='lat' dir='ltr'><strong>causa:</strong></span> <span class='ocrx_word' id='word_1_620' title='bbox 3436 2030 3633 2100; x_wconf 86' lang='lat' dir='ltr'><strong>princi-</strong></span> 
     </span>
    </p>
   </div>
   <div class='ocr_carea' id='block_1_81' title="bbox 2042 2107 3634 2190">
    <p class='ocr_par' dir='ltr' id='par_1_81' title="bbox 2042 2107 3634 2190">
     <span class='ocr_line' id='line_1_81' title="bbox 2042 2107 3634 2190; baseline 0.004 -22"><span class='ocrx_word' id='word_1_621' title='bbox 2042 2116 2176 2186; x_wconf 87' lang='lat' dir='ltr'><strong>palis</strong></span> <span class='ocrx_word' id='word_1_622' title='bbox 2214 2119 2426 2188; x_wconf 80' lang='lat' dir='ltr'><strong>exegit;</strong></span> <span class='ocrx_word' id='word_1_623' title='bbox 2459 2119 2734 2172; x_wconf 89' lang='lat' dir='ltr'><strong>veniamus</strong></span> <span class='ocrx_word' id='word_1_624' title='bbox 2763 2118 2874 2188; x_wconf 90' lang='lat' dir='ltr'><strong>jam</strong></span> <span class='ocrx_word' id='word_1_625' title='bbox 2908 2107 2972 2172; x_wconf 79' lang='lat' dir='ltr'><strong>ad</strong></span> <span class='ocrx_word' id='word_1_626' title='bbox 2999 2118 3387 2175; x_wconf 87' lang='lat' dir='ltr'><strong>discussionem</strong></span> <span class='ocrx_word' id='word_1_627' title='bbox 3430 2120 3634 2190; x_wconf 82' lang='lat' dir='ltr'><strong>primo-</strong></span> 
     </span>
    </p>
   </div>
   <div class='ocr_carea' id='block_1_82' title="bbox 2040 2209 3632 2280">
    <p class='ocr_par' dir='ltr' id='par_1_82' title="bbox 2040 2209 3632 2280">
     <span class='ocr_line' id='line_1_82' title="bbox 2040 2209 3632 2280; baseline 0.003 -18"><span class='ocrx_word' id='word_1_628' title='bbox 2040 2225 2158 2263; x_wconf 91' lang='lat' dir='ltr'><strong>rum</strong></span> <span class='ocrx_word' id='word_1_629' title='bbox 2183 2209 2480 2275; x_wconf 92' lang='lat' dir='ltr'><strong>hominum,</strong></span> <span class='ocrx_word' id='word_1_630' title='bbox 2504 2226 2728 2280; x_wconf 91' lang='lat' dir='ltr'><strong>quorum</strong></span> <span class='ocrx_word' id='word_1_631' title='bbox 2759 2211 3025 2265; x_wconf 81' lang='lat' dir='ltr'><strong>taxatione</strong></span> <span class='ocrx_word' id='word_1_632' title='bbox 3044 2210 3176 2265; x_wconf 91' lang='lat' dir='ltr'><strong>aciei</strong></span> <span class='ocrx_word' id='word_1_633' title='bbox 3193 2221 3388 2265; x_wconf 75' lang='lat' dir='ltr'><strong>nosme</strong></span> <span class='ocrx_word' id='word_1_634' title='bbox 3406 2210 3632 2267; x_wconf 83' lang='lat' dir='ltr'><strong>Numida</strong></span> 
     </span>
    </p>
   </div>
   <div class='ocr_carea' id='block_1_83' title="bbox 2039 2299 2743 2370">
    <p class='ocr_par' dir='ltr' id='par_1_83' title="bbox 2039 2299 2743 2370">
     <span class='ocr_line' id='line_1_83' title="bbox 2039 2299 2743 2370; baseline 0.004 -20"><span class='ocrx_word' id='word_1_635' title='bbox 2039 2299 2190 2370; x_wconf 89' lang='lat' dir='ltr'><strong>quasi</strong></span> <span class='ocrx_word' id='word_1_636' title='bbox 2219 2308 2460 2355; x_wconf 91' lang='lat' dir='ltr'><strong>cetratus</strong></span> <span class='ocrx_word' id='word_1_637' title='bbox 2491 2301 2743 2354; x_wconf 92' lang='lat' dir='ltr'><strong>occurrit.</strong></span> 
     </span>
    </p>
   </div>
   <div class='ocr_carea' id='block_1_84' title="bbox 2021 2389 3628 2458">
    <p class='ocr_par' dir='ltr' id='par_1_84' title="bbox 2021 2389 3628 2458">
     <span class='ocr_line' id='line_1_84' title="bbox 2021 2389 3628 2458; baseline 0.002 -15"><span class='ocrx_word' id='word_1_638' title='bbox 2021 2399 2038 2416; x_wconf 60' lang='grc' dir='ltr'><em>ί</em></span> <span class='ocrx_word' id='word_1_639' title='bbox 2112 2391 2244 2446; x_wconf 80' lang='lat' dir='ltr'><strong>Anc.</strong></span> <span class='ocrx_word' id='word_1_640' title='bbox 2284 2389 2422 2458; x_wconf 86' lang='lat' dir='ltr'><strong>Quid</strong></span> <span class='ocrx_word' id='word_1_641' title='bbox 2447 2389 2766 2445; x_wconf 79' lang='lat' dir='ltr'><strong>Manichacus</strong></span> <span class='ocrx_word' id='word_1_642' title='bbox 2795 2390 2936 2446; x_wconf 85' lang='lat' dir='ltr'><strong>dicat</strong></span> <span class='ocrx_word' id='word_1_643' title='bbox 2967 2389 3034 2446; x_wconf 90' lang='lat' dir='ltr'><strong>de</strong></span> <span class='ocrx_word' id='word_1_644' title='bbox 3061 2390 3444 2446; x_wconf 91' lang='lat' dir='ltr'><strong>commixtione</strong></span> <span class='ocrx_word' id='word_1_645' title='bbox 3471 2391 3628 2447; x_wconf 72' lang='lat' dir='ltr'><strong>bonte</strong></span> 
     </span>
    </p>
   </div>
   <div class='ocr_carea' id='block_1_85' title="bbox 2047 2480 3633 2545">
    <p class='ocr_par' dir='ltr' id='par_1_85' title="bbox 2047 2480 3633 2545">
     <span class='ocr_line' id='line_1_85' title="bbox 2047 2480 3633 2545; baseline 0.003 -11"><span class='ocrx_word' id='word_1_646' title='bbox 2047 2489 2102 2534; x_wconf 92' lang='lat' dir='ltr'><strong>et</strong></span> <span class='ocrx_word' id='word_1_647' title='bbox 2123 2481 2276 2535; x_wconf 80' lang='lat' dir='ltr'><strong>mala:</strong></span> <span class='ocrx_word' id='word_1_648' title='bbox 2297 2480 2627 2544; x_wconf 56' lang='lat' dir='ltr'><strong>substantiae,</strong></span> <span class='ocrx_word' id='word_1_649' title='bbox 2653 2485 2858 2536; x_wconf 91' lang='lat' dir='ltr'><strong>nescire</strong></span> <span class='ocrx_word' id='word_1_650' title='bbox 2882 2489 2934 2535; x_wconf 92' lang='lat' dir='ltr'><strong>te</strong></span> <span class='ocrx_word' id='word_1_651' title='bbox 2955 2480 3252 2545; x_wconf 90' lang='lat' dir='ltr'><strong>crederem,</strong></span> <span class='ocrx_word' id='word_1_652' title='bbox 3280 2481 3381 2536; x_wconf 76' lang='lat' dir='ltr'><strong>nisi</strong></span> <span class='ocrx_word' id='word_1_653' title='bbox 3405 2495 3466 2536; x_wconf 91' lang='lat' dir='ltr'><strong>ea</strong></span> <span class='ocrx_word' id='word_1_654' title='bbox 3487 2491 3633 2539; x_wconf 89' lang='lat' dir='ltr'><strong>certe</strong></span> 
     </span>
    </p>
   </div>
   <div class='ocr_carea' id='block_1_86' title="bbox 2039 2570 3633 2643">
    <p class='ocr_par' dir='ltr' id='par_1_86' title="bbox 2039 2570 3633 2643">
     <span class='ocr_line' id='line_1_86' title="bbox 2039 2570 3633 2643; baseline 0.003 -20"><span class='ocrx_word' id='word_1_655' title='bbox 2039 2586 2159 2640; x_wconf 65' lang='lat' dir='ltr'><strong>qua:</strong></span> <span class='ocrx_word' id='word_1_656' title='bbox 2187 2570 2446 2626; x_wconf 79' lang='lat' dir='ltr'><strong>adversus</strong></span> <span class='ocrx_word' id='word_1_657' title='bbox 2482 2571 2727 2626; x_wconf 78' lang='lat' dir='ltr'><strong>eumdem</strong></span> <span class='ocrx_word' id='word_1_658' title='bbox 2778 2587 3017 2627; x_wconf 90' lang='lat' dir='ltr'><strong>errorem</strong></span> <span class='ocrx_word' id='word_1_659' title='bbox 3057 2571 3401 2642; x_wconf 89' lang='lat' dir='ltr'><strong>scripsimus,</strong></span> <span class='ocrx_word' id='word_1_660' title='bbox 3438 2573 3633 2643; x_wconf 85' lang='lat' dir='ltr'><strong>legisse</strong></span> 
     </span>
    </p>
   </div>
   <div class='ocr_carea' id='block_1_87' title="bbox 2041 2662 3630 2734">
    <p class='ocr_par' dir='ltr' id='par_1_87' title="bbox 2041 2662 3630 2734">
     <span class='ocr_line' id='line_1_87' title="bbox 2041 2662 3630 2734; baseline 0.001 -18"><span class='ocrx_word' id='word_1_661' title='bbox 2041 2670 2092 2716; x_wconf 89' lang='lat' dir='ltr'><strong>te</strong></span> <span class='ocrx_word' id='word_1_662' title='bbox 2131 2662 2324 2716; x_wconf 90' lang='lat' dir='ltr'><strong>scirem</strong></span> <span class='ocrx_word' id='word_1_663' title='bbox 2354 2678 2370 2716; x_wconf 92' lang='lat'><strong>:</strong></span> <span class='ocrx_word' id='word_1_664' title='bbox 2397 2679 2520 2717; x_wconf 90' lang='lat' dir='ltr'><strong>nam</strong></span> <span class='ocrx_word' id='word_1_665' title='bbox 2559 2678 2624 2717; x_wconf 90' lang='lat' dir='ltr'><strong>ex</strong></span> <span class='ocrx_word' id='word_1_666' title='bbox 2657 2663 2792 2717; x_wconf 88' lang='lat' dir='ltr'><strong>libro</strong></span> <span class='ocrx_word' id='word_1_667' title='bbox 2813 2703 2829 2728; x_wconf 94' lang='lat'><strong>,</strong></span> <span class='ocrx_word' id='word_1_668' title='bbox 2864 2663 2917 2718; x_wconf 87' lang='lat' dir='ltr'><strong>in</strong></span> <span class='ocrx_word' id='word_1_669' title='bbox 2946 2677 3052 2734; x_wconf 92' lang='lat' dir='ltr'><strong>quo</strong></span> <span class='ocrx_word' id='word_1_670' title='bbox 3079 2663 3302 2717; x_wconf 91' lang='lat' dir='ltr'><strong>duarum</strong></span> <span class='ocrx_word' id='word_1_671' title='bbox 3332 2663 3630 2718; x_wconf 87' lang='lat' dir='ltr'><strong>animarum</strong></span> 
     </span>
    </p>
   </div>
   <div class='ocr_carea' id='block_1_88' title="bbox 2041 2751 3629 2823">
    <p class='ocr_par' dir='ltr' id='par_1_88' title="bbox 2041 2751 3629 2823">
     <span class='ocr_line' id='line_1_88' title="bbox 2041 2751 3629 2823; baseline 0.001 -18"><span class='ocrx_word' id='word_1_672' title='bbox 2041 2752 2093 2805; x_wconf 94' lang='lat' dir='ltr'><strong>in</strong></span> <span class='ocrx_word' id='word_1_673' title='bbox 2139 2751 2356 2808; x_wconf 91' lang='lat' dir='ltr'><strong>homine</strong></span> <span class='ocrx_word' id='word_1_674' title='bbox 2399 2753 2829 2820; x_wconf 85' lang='lat' dir='ltr'><strong>constitutamm,</strong></span> <span class='ocrx_word' id='word_1_675' title='bbox 2873 2768 3098 2823; x_wconf 92' lang='lat' dir='ltr'><strong>quarum</strong></span> <span class='ocrx_word' id='word_1_676' title='bbox 3138 2761 3280 2809; x_wconf 89' lang='lat' dir='ltr'><strong>esset</strong></span> <span class='ocrx_word' id='word_1_677' title='bbox 3319 2769 3421 2808; x_wconf 92' lang='lat' dir='ltr'><strong>una</strong></span> <span class='ocrx_word' id='word_1_678' title='bbox 3461 2753 3629 2819; x_wconf 86' lang='lat' dir='ltr'><strong>bona,</strong></span> 
     </span>
    </p>
   </div>
   <div class='ocr_carea' id='block_1_89' title="bbox 2037 2841 3630 2916">
    <p class='ocr_par' dir='ltr' id='par_1_89' title="bbox 2037 2841 3630 2916">
     <span class='ocr_line' id='line_1_89' title="bbox 2037 2841 3630 2916; baseline 0.003 -20"><span class='ocrx_word' id='word_1_679' title='bbox 2037 2841 2205 2897; x_wconf 90' lang='lat' dir='ltr'><strong>altera</strong></span> <span class='ocrx_word' id='word_1_680' title='bbox 2247 2843 2388 2898; x_wconf 91' lang='lat' dir='ltr'><strong>mala</strong></span> <span class='ocrx_word' id='word_1_681' title='bbox 2443 2859 2652 2907; x_wconf 90' lang='lat' dir='ltr'><strong>,eornm</strong></span> <span class='ocrx_word' id='word_1_682' title='bbox 2697 2844 3001 2913; x_wconf 83' lang='lat' dir='ltr'><strong>Opinionem</strong></span> <span class='ocrx_word' id='word_1_683' title='bbox 3038 2843 3282 2914; x_wconf 88' lang='lat' dir='ltr'><strong>redargui</strong></span> <span class='ocrx_word' id='word_1_684' title='bbox 3318 2844 3418 2916; x_wconf 81' lang='lat' dir='ltr'><strong>(De</strong></span> <span class='ocrx_word' id='word_1_685' title='bbox 3460 2843 3630 2901; x_wconf 83' lang='lat' dir='ltr'><strong>Duab.</strong></span> 
     </span>
    </p>
   </div>
   <div class='ocr_carea' id='block_1_90' title="bbox 2038 2933 3630 3007">
    <p class='ocr_par' dir='ltr' id='par_1_90' title="bbox 2038 2933 3630 3007">
     <span class='ocr_line' id='line_1_90' title="bbox 2038 2933 3630 3007; baseline 0.002 -20"><span class='ocrx_word' id='word_1_686' title='bbox 2038 2933 2298 2999; x_wconf 80' lang='lat' dir='ltr'><strong>Animab.,</strong></span> <span class='ocrx_word' id='word_1_687' title='bbox 2330 2951 2384 2987; x_wconf 82' lang='grc' dir='ltr'><strong>η.</strong></span> <span class='ocrx_word' id='word_1_688' title='bbox 2412 2933 2521 3007; x_wconf 78' lang='grc'><strong>15),</strong></span> <span class='ocrx_word' id='word_1_689' title='bbox 2556 2934 2801 3004; x_wconf 70' lang='lat' dir='ltr'><strong>qumdam</strong></span> <span class='ocrx_word' id='word_1_690' title='bbox 2832 2944 3022 2988; x_wconf 90' lang='lat' dir='ltr'><strong>contra</strong></span> <span class='ocrx_word' id='word_1_691' title='bbox 3052 2949 3141 2989; x_wconf 89' lang='lat' dir='ltr'><strong>me</strong></span> <span class='ocrx_word' id='word_1_692' title='bbox 3169 2935 3339 3004; x_wconf 90' lang='lat' dir='ltr'><strong>ipsum</strong></span> <span class='ocrx_word' id='word_1_693' title='bbox 3366 2950 3486 2991; x_wconf 90' lang='lat' dir='ltr'><strong>esse</strong></span> <span class='ocrx_word' id='word_1_694' title='bbox 3513 2937 3630 2990; x_wconf 83' lang='lat' dir='ltr'><strong>exi-</strong></span> 
     </span>
    </p>
   </div>
   <div class='ocr_carea' id='block_1_91' title="bbox 2037 3026 3632 3097">
    <p class='ocr_par' dir='ltr' id='par_1_91' title="bbox 2037 3026 3632 3097">
     <span class='ocr_line' id='line_1_91' title="bbox 2037 3026 3632 3097; baseline 0.002 -17"><span class='ocrx_word' id='word_1_695' title='bbox 2037 3026 2262 3081; x_wconf 89' lang='lat' dir='ltr'><strong>stimans</strong></span> <span class='ocrx_word' id='word_1_696' title='bbox 2309 3027 2606 3081; x_wconf 88' lang='lat' dir='ltr'><strong>testimonia</strong></span> <span class='ocrx_word' id='word_1_697' title='bbox 2653 3026 2942 3096; x_wconf 88' lang='lat' dir='ltr'><strong>protulisti.</strong></span> <span class='ocrx_word' id='word_1_698' title='bbox 2975 3026 3300 3082; x_wconf 73' lang='lat' dir='ltr'><strong>Manichmus</strong></span> <span class='ocrx_word' id='word_1_699' title='bbox 3328 3042 3458 3097; x_wconf 88' lang='lat' dir='ltr'><strong>ergo</strong></span> <span class='ocrx_word' id='word_1_700' title='bbox 3495 3026 3632 3083; x_wconf 86' lang='lat' dir='ltr'><strong>duas</strong></span> 
     </span>
    </p>
   </div>
   <div class='ocr_carea' id='block_1_92' title="bbox 2035 3116 3627 3187">
    <p class='ocr_par' dir='ltr' id='par_1_92' title="bbox 2035 3116 3627 3187">
     <span class='ocr_line' id='line_1_92' title="bbox 2035 3116 3627 3187; baseline -0.001 -15"><span class='ocrx_word' id='word_1_701' title='bbox 2035 3119 2264 3184; x_wconf 89' lang='lat' dir='ltr'><strong>animas,</strong></span> <span class='ocrx_word' id='word_1_702' title='bbox 2305 3116 2418 3172; x_wconf 79' lang='lat' dir='ltr'><strong>sive</strong></span> <span class='ocrx_word' id='word_1_703' title='bbox 2458 3117 2695 3186; x_wconf 89' lang='lat' dir='ltr'><strong>spiritus,</strong></span> <span class='ocrx_word' id='word_1_704' title='bbox 2735 3118 2850 3171; x_wconf 77' lang='lat' dir='ltr'><strong>sive</strong></span> <span class='ocrx_word' id='word_1_705' title='bbox 2886 3125 3114 3182; x_wconf 89' lang='lat' dir='ltr'><strong>mentes,</strong></span> <span class='ocrx_word' id='word_1_706' title='bbox 3158 3132 3319 3170; x_wconf 86' lang='lat' dir='ltr'><strong>unam</strong></span> <span class='ocrx_word' id='word_1_707' title='bbox 3356 3117 3627 3187; x_wconf 90' lang='lat' dir='ltr'><strong>propriam</strong></span> 
     </span>
    </p>
   </div>
   <div class='ocr_carea' id='block_1_93' title="bbox 2036 3208 3628 3278">
    <p class='ocr_par' dir='ltr' id='par_1_93' title="bbox 2036 3208 3628 3278">
     <span class='ocr_line' id='line_1_93' title="bbox 2036 3208 3628 3278; baseline -0.001 -14"><span class='ocrx_word' id='word_1_708' title='bbox 2036 3209 2233 3276; x_wconf 88' lang='lat' dir='ltr'><strong>carnis,</strong></span> <span class='ocrx_word' id='word_1_709' title='bbox 2262 3208 2610 3278; x_wconf 90' lang='lat' dir='ltr'><strong>eamdemque</strong></span> <span class='ocrx_word' id='word_1_710' title='bbox 2638 3224 2744 3263; x_wconf 92' lang='lat' dir='ltr'><strong>non</strong></span> <span class='ocrx_word' id='word_1_711' title='bbox 2775 3209 3050 3264; x_wconf 89' lang='lat' dir='ltr'><strong>accidente</strong></span> <span class='ocrx_word' id='word_1_712' title='bbox 3087 3208 3241 3273; x_wconf 88' lang='lat' dir='ltr'><strong>vitio,</strong></span> <span class='ocrx_word' id='word_1_713' title='bbox 3275 3210 3368 3263; x_wconf 91' lang='lat' dir='ltr'><strong>sed</strong></span> <span class='ocrx_word' id='word_1_714' title='bbox 3398 3217 3628 3263; x_wconf 55' lang='lat' dir='ltr'><strong>coaeter-</strong></span> 
     </span>
    </p>
   </div>
   <div class='ocr_carea' id='block_1_94' title="bbox 2037 3298 3624 3361">
    <p class='ocr_par' dir='ltr' id='par_1_94' title="bbox 2037 3298 3624 3361">
     <span class='ocr_line' id='line_1_94' title="bbox 2037 3298 3624 3361; baseline 0 -7"><span class='ocrx_word' id='word_1_715' title='bbox 2037 3315 2159 3354; x_wconf 92' lang='lat' dir='ltr'><strong>nam</strong></span> <span class='ocrx_word' id='word_1_716' title='bbox 2179 3300 2289 3354; x_wconf 91' lang='lat' dir='ltr'><strong>Deo</strong></span> <span class='ocrx_word' id='word_1_717' title='bbox 2311 3308 2496 3354; x_wconf 90' lang='lat' dir='ltr'><strong>natura</strong></span> <span class='ocrx_word' id='word_1_718' title='bbox 2527 3299 2742 3361; x_wconf 90' lang='lat' dir='ltr'><strong>malam,</strong></span> <span class='ocrx_word' id='word_1_719' title='bbox 2764 3298 2985 3353; x_wconf 88' lang='lat' dir='ltr'><strong>alteram</strong></span> <span class='ocrx_word' id='word_1_720' title='bbox 3017 3314 3144 3355; x_wconf 80' lang='lat' dir='ltr'><strong>vero</strong></span> <span class='ocrx_word' id='word_1_721' title='bbox 3173 3307 3360 3354; x_wconf 90' lang='lat' dir='ltr'><strong>natura</strong></span> <span class='ocrx_word' id='word_1_722' title='bbox 3394 3301 3584 3354; x_wconf 89' lang='lat' dir='ltr'><strong>bonam</strong></span> <span class='ocrx_word' id='word_1_723' title='bbox 3606 3301 3624 3332; x_wconf 77' lang='grc'>⁸</span> 
     </span>
    </p>
   </div>
   <div class='ocr_carea' id='block_1_95' title="bbox 2037 3391 3632 3462">
    <p class='ocr_par' dir='ltr' id='par_1_95' title="bbox 2037 3391 3632 3462">
     <span class='ocr_line' id='line_1_95' title="bbox 2037 3391 3632 3462; baseline 0.001 -16"><span class='ocrx_word' id='word_1_724' title='bbox 2037 3400 2286 3462; x_wconf 90' lang='lat' dir='ltr'><strong>tanquam</strong></span> <span class='ocrx_word' id='word_1_725' title='bbox 2304 3392 2396 3447; x_wconf 92' lang='lat' dir='ltr'><strong>Dei</strong></span> <span class='ocrx_word' id='word_1_726' title='bbox 2429 3391 2763 3462; x_wconf 90' lang='lat' dir='ltr'><strong>particulam,</strong></span> <span class='ocrx_word' id='word_1_727' title='bbox 2812 3391 2906 3446; x_wconf 91' lang='lat' dir='ltr'><strong>sed</strong></span> <span class='ocrx_word' id='word_1_728' title='bbox 2937 3391 3078 3446; x_wconf 92' lang='lat' dir='ltr'><strong>illius</strong></span> <span class='ocrx_word' id='word_1_729' title='bbox 3097 3392 3252 3446; x_wconf 73' lang='lat' dir='ltr'><strong>malae</strong></span> <span class='ocrx_word' id='word_1_730' title='bbox 3279 3392 3632 3460; x_wconf 88' lang='lat' dir='ltr'><strong>permixtione</strong></span> 
     </span>
    </p>
   </div>
   <div class='ocr_carea' id='block_1_96' title="bbox 2036 3481 3631 3547">
    <p class='ocr_par' dir='ltr' id='par_1_96' title="bbox 2036 3481 3631 3547">
     <span class='ocr_line' id='line_1_96' title="bbox 2036 3481 3631 3547; baseline 0.001 -10"><span class='ocrx_word' id='word_1_731' title='bbox 2036 3484 2372 3547; x_wconf 92' lang='lat' dir='ltr'><strong>maculatam,</strong></span> <span class='ocrx_word' id='word_1_732' title='bbox 2414 3483 2465 3537; x_wconf 93' lang='lat' dir='ltr'><strong>in</strong></span> <span class='ocrx_word' id='word_1_733' title='bbox 2509 3481 2728 3538; x_wconf 88' lang='lat' dir='ltr'><strong>homine</strong></span> <span class='ocrx_word' id='word_1_734' title='bbox 2765 3497 2873 3536; x_wconf 91' lang='lat' dir='ltr'><strong>uno</strong></span> <span class='ocrx_word' id='word_1_735' title='bbox 2917 3496 3037 3538; x_wconf 89' lang='lat' dir='ltr'><strong>esse</strong></span> <span class='ocrx_word' id='word_1_736' title='bbox 3075 3483 3354 3537; x_wconf 91' lang='lat' dir='ltr'><strong>contendit</strong></span> <span class='ocrx_word' id='word_1_737' title='bbox 3383 3500 3397 3536; x_wconf 91' lang='lat'><strong>:</strong></span> <span class='ocrx_word' id='word_1_738' title='bbox 3423 3491 3478 3538; x_wconf 91' lang='lat' dir='ltr'><strong>et</strong></span> <span class='ocrx_word' id='word_1_739' title='bbox 3506 3482 3631 3538; x_wconf 91' lang='lat' dir='ltr'><strong>hinc</strong></span> 
     </span>
    </p>
   </div>
   <div class='ocr_carea' id='block_1_97' title="bbox 2037 3573 3632 3644">
    <p class='ocr_par' dir='ltr' id='par_1_97' title="bbox 2037 3573 3632 3644">
     <span class='ocr_line' id='line_1_97' title="bbox 2037 3573 3632 3644; baseline 0 -15"><span class='ocrx_word' id='word_1_740' title='bbox 2037 3575 2149 3629; x_wconf 90' lang='lat' dir='ltr'><strong>vult</strong></span> <span class='ocrx_word' id='word_1_741' title='bbox 2175 3573 2311 3640; x_wconf 88' lang='lat' dir='ltr'><strong>fieri,</strong></span> <span class='ocrx_word' id='word_1_742' title='bbox 2342 3583 2400 3629; x_wconf 95' lang='lat' dir='ltr'><strong>ut</strong></span> <span class='ocrx_word' id='word_1_743' title='bbox 2423 3589 2550 3630; x_wconf 88' lang='lat' dir='ltr'><strong>caro</strong></span> <span class='ocrx_word' id='word_1_744' title='bbox 2578 3575 2922 3644; x_wconf 78' lang='lat' dir='ltr'><strong>concupiscat</strong></span> <span class='ocrx_word' id='word_1_745' title='bbox 2947 3574 3204 3629; x_wconf 89' lang='lat' dir='ltr'><strong>adversus</strong></span> <span class='ocrx_word' id='word_1_746' title='bbox 3229 3575 3496 3643; x_wconf 79' lang='lat' dir='ltr'><strong>Spiritum,</strong></span> <span class='ocrx_word' id='word_1_747' title='bbox 3529 3576 3632 3630; x_wconf 84' lang='lat' dir='ltr'><strong>uti-</strong></span> 
     </span>
    </p>
   </div>
   <div class='ocr_carea' id='block_1_98' title="bbox 2036 3667 3634 3738">
    <p class='ocr_par' dir='ltr' id='par_1_98' title="bbox 2036 3667 3634 3738">
     <span class='ocr_line' id='line_1_98' title="bbox 2036 3667 3634 3738; baseline 0.001 -17"><span class='ocrx_word' id='word_1_748' title='bbox 2036 3683 2141 3738; x_wconf 88' lang='lat' dir='ltr'><strong>que</strong></span> <span class='ocrx_word' id='word_1_749' title='bbox 2167 3668 2387 3736; x_wconf 88' lang='lat' dir='ltr'><strong>bonum,</strong></span> <span class='ocrx_word' id='word_1_750' title='bbox 2419 3683 2515 3738; x_wconf 92' lang='lat' dir='ltr'><strong>per</strong></span> <span class='ocrx_word' id='word_1_751' title='bbox 2539 3669 2769 3722; x_wconf 88' lang='lat' dir='ltr'><strong>animam</strong></span> <span class='ocrx_word' id='word_1_752' title='bbox 2798 3683 2947 3723; x_wconf 88' lang='lat' dir='ltr'><strong>suam</strong></span> <span class='ocrx_word' id='word_1_753' title='bbox 2973 3667 3189 3732; x_wconf 89' lang='lat' dir='ltr'><strong>malam,</strong></span> <span class='ocrx_word' id='word_1_754' title='bbox 3220 3676 3277 3722; x_wconf 93' lang='lat' dir='ltr'><strong>ut</strong></span> <span class='ocrx_word' id='word_1_755' title='bbox 3305 3683 3425 3722; x_wconf 91' lang='lat' dir='ltr'><strong>eum</strong></span> <span class='ocrx_word' id='word_1_756' title='bbox 3454 3677 3634 3723; x_wconf 91' lang='lat' dir='ltr'><strong>teneat</strong></span> 
     </span>
    </p>
   </div>
   <div class='ocr_carea' id='block_1_99' title="bbox 2039 3760 3634 3831">
    <p class='ocr_par' dir='ltr' id='par_1_99' title="bbox 2039 3760 3634 3831">
     <span class='ocr_line' id='line_1_99' title="bbox 2039 3760 3634 3831; baseline -0.001 -16"><span class='ocrx_word' id='word_1_757' title='bbox 2039 3761 2366 3831; x_wconf 89' lang='lat' dir='ltr'><strong>implicatum</strong></span> <span class='ocrx_word' id='word_1_758' title='bbox 2392 3777 2407 3826; x_wconf 94' lang='lat'><strong>;</strong></span> <span class='ocrx_word' id='word_1_759' title='bbox 2445 3761 2664 3830; x_wconf 91' lang='lat' dir='ltr'><strong>spiritus</strong></span> <span class='ocrx_word' id='word_1_760' title='bbox 2691 3769 2870 3815; x_wconf 90' lang='lat' dir='ltr'><strong>autem</strong></span> <span class='ocrx_word' id='word_1_761' title='bbox 2899 3760 3157 3814; x_wconf 84' lang='lat' dir='ltr'><strong>adversus</strong></span> <span class='ocrx_word' id='word_1_762' title='bbox 3186 3775 3404 3815; x_wconf 90' lang='lat' dir='ltr'><strong>carnem</strong></span> <span class='ocrx_word' id='word_1_763' title='bbox 3433 3802 3448 3825; x_wconf 94' lang='lat'><strong>,</strong></span> <span class='ocrx_word' id='word_1_764' title='bbox 3481 3769 3538 3814; x_wconf 92' lang='lat' dir='ltr'><strong>ut</strong></span> <span class='ocrx_word' id='word_1_765' title='bbox 3566 3761 3634 3814; x_wconf 86' lang='lat' dir='ltr'><strong>ab</strong></span> 
     </span>
    </p>
   </div>
   <div class='ocr_carea' id='block_1_100' title="bbox 2040 3848 3625 3917">
    <p class='ocr_par' dir='ltr' id='par_1_100' title="bbox 2040 3848 3625 3917">
     <span class='ocr_line' id='line_1_100' title="bbox 2040 3848 3625 3917; baseline -0.002 -11"><span class='ocrx_word' id='word_1_766' title='bbox 2040 3850 2130 3906; x_wconf 92' lang='lat' dir='ltr'><strong>illa</strong></span> <span class='ocrx_word' id='word_1_767' title='bbox 2153 3850 2531 3905; x_wconf 84' lang='lat' dir='ltr'><strong>commixtione</strong></span> <span class='ocrx_word' id='word_1_768' title='bbox 2553 3849 2831 3905; x_wconf 88' lang='lat' dir='ltr'><strong>liberetur.</strong></span> <span class='ocrx_word' id='word_1_769' title='bbox 2858 3848 3009 3917; x_wconf 85' lang='lat' dir='ltr'><strong>Quod</strong></span> <span class='ocrx_word' id='word_1_770' title='bbox 3035 3849 3077 3903; x_wconf 92' lang='lat' dir='ltr'><strong>si</strong></span> <span class='ocrx_word' id='word_1_771' title='bbox 3105 3863 3205 3903; x_wconf 85' lang='lat' dir='ltr'><strong>nec</strong></span> <span class='ocrx_word' id='word_1_772' title='bbox 3230 3848 3414 3903; x_wconf 92' lang='lat' dir='ltr'><strong>ultima</strong></span> <span class='ocrx_word' id='word_1_773' title='bbox 3441 3849 3625 3904; x_wconf 91' lang='lat' dir='ltr'><strong>mundi</strong></span> 
     </span>
    </p>
   </div>
   <div class='ocr_carea' id='block_1_101' title="bbox 2038 3938 3638 4011">
    <p class='ocr_par' dir='ltr' id='par_1_101' title="bbox 2038 3938 3638 4011">
     <span class='ocr_line' id='line_1_101' title="bbox 2038 3938 3638 4011; baseline -0.003 -14"><span class='ocrx_word' id='word_1_774' title='bbox 2038 3941 2454 4011; x_wconf 88' lang='lat' dir='ltr'><strong>conflagratione</strong></span> <span class='ocrx_word' id='word_1_775' title='bbox 2478 3940 2727 4011; x_wconf 88' lang='lat' dir='ltr'><strong>potuerit,</strong></span> <span class='ocrx_word' id='word_1_776' title='bbox 2758 3948 2884 3996; x_wconf 89' lang='lat' dir='ltr'><strong>tunc</strong></span> <span class='ocrx_word' id='word_1_777' title='bbox 2908 3955 3033 3996; x_wconf 90' lang='lat' dir='ltr'><strong>eum</strong></span> <span class='ocrx_word' id='word_1_778' title='bbox 3062 3939 3190 3994; x_wconf 91' lang='lat' dir='ltr'><strong>dicit</strong></span> <span class='ocrx_word' id='word_1_779' title='bbox 3213 3938 3355 4008; x_wconf 82' lang='lat' dir='ltr'><strong>affigi</strong></span> <span class='ocrx_word' id='word_1_780' title='bbox 3388 3940 3638 3993; x_wconf 84' lang='lat' dir='ltr'><strong>tenebra-</strong></span> 
     </span>
    </p>
   </div>
   <div class='ocr_carea' id='block_1_102' title="bbox 2039 4032 3632 4106">
    <p class='ocr_par' dir='ltr' id='par_1_102' title="bbox 2039 4032 3632 4106">
     <span class='ocr_line' id='line_1_102' title="bbox 2039 4032 3632 4106; baseline -0.001 -17"><span class='ocrx_word' id='word_1_781' title='bbox 2039 4050 2158 4089; x_wconf 89' lang='lat' dir='ltr'><strong>rum</strong></span> <span class='ocrx_word' id='word_1_782' title='bbox 2188 4034 2367 4104; x_wconf 89' lang='lat' dir='ltr'><strong>globo,</strong></span> <span class='ocrx_word' id='word_1_783' title='bbox 2399 4043 2560 4106; x_wconf 89' lang='lat' dir='ltr'><strong>atque</strong></span> <span class='ocrx_word' id='word_1_784' title='bbox 2589 4034 2640 4089; x_wconf 94' lang='lat' dir='ltr'><strong>in</strong></span> <span class='ocrx_word' id='word_1_785' title='bbox 2672 4042 2934 4089; x_wconf 81' lang='lat' dir='ltr'><strong>:cternuin</strong></span> <span class='ocrx_word' id='word_1_786' title='bbox 2967 4034 3060 4088; x_wconf 90' lang='lat' dir='ltr'><strong>tali</strong></span> <span class='ocrx_word' id='word_1_787' title='bbox 3091 4033 3355 4104; x_wconf 89' lang='lat' dir='ltr'><strong>supplicio</strong></span> <span class='ocrx_word' id='word_1_788' title='bbox 3382 4032 3632 4090; x_wconf 89' lang='lat' dir='ltr'><strong>detineri.</strong></span> 
     </span>
    </p>
   </div>
   <div class='ocr_carea' id='block_1_103' title="bbox 2040 4124 3636 4196">
    <p class='ocr_par' dir='ltr' id='par_1_103' title="bbox 2040 4124 3636 4196">
     <span class='ocr_line' id='line_1_103' title="bbox 2040 4124 3636 4196; baseline 0 -16"><span class='ocrx_word' id='word_1_789' title='bbox 2040 4124 2158 4180; x_wconf 86' lang='lat' dir='ltr'><strong>Non</strong></span> <span class='ocrx_word' id='word_1_790' title='bbox 2183 4126 2381 4196; x_wconf 88' lang='lat' dir='ltr'><strong>itaque,</strong></span> <span class='ocrx_word' id='word_1_791' title='bbox 2409 4134 2468 4180; x_wconf 91' lang='lat' dir='ltr'><strong>ut</strong></span> <span class='ocrx_word' id='word_1_792' title='bbox 2489 4125 2641 4189; x_wconf 87' lang='lat' dir='ltr'><strong>dicis,</strong></span> <span class='ocrx_word' id='word_1_793' title='bbox 2670 4125 2943 4180; x_wconf 74' lang='lat' dir='ltr'><strong>Manicbtei</strong></span> <span class='ocrx_word' id='word_1_794' title='bbox 2972 4127 3110 4180; x_wconf 91' lang='lat' dir='ltr'><strong>Deus</strong></span> <span class='ocrx_word' id='word_1_795' title='bbox 3139 4143 3158 4176; x_wconf 70' lang='grc' dir='ltr'><strong><em>ι</em></strong></span> <span class='ocrx_word' id='word_1_796' title='bbox 3190 4141 3285 4194; x_wconf 90' lang='lat' dir='ltr'><strong>pro</strong></span> <span class='ocrx_word' id='word_1_797' title='bbox 3305 4125 3636 4180; x_wconf 89' lang='lat' dir='ltr'><strong>naturalibus</strong></span> 
     </span>
    </p>
   </div>
   <div class='ocr_carea' id='block_1_104' title="bbox 2042 4215 3632 4289">
    <p class='ocr_par' dir='ltr' id='par_1_104' title="bbox 2042 4215 3632 4289">
     <span class='ocr_line' id='line_1_104' title="bbox 2042 4215 3632 4289; baseline 0 -18"><span class='ocrx_word' id='word_1_798' title='bbox 2042 4217 2213 4289; x_wconf 90' lang='lat' dir='ltr'><strong>culpis</strong></span> <span class='ocrx_word' id='word_1_799' title='bbox 2241 4227 2442 4271; x_wconf 73' lang='lat' dir='ltr'><strong>:eterno</strong></span> <span class='ocrx_word' id='word_1_800' title='bbox 2467 4216 2716 4272; x_wconf 89' lang='lat' dir='ltr'><strong>incendio</strong></span> <span class='ocrx_word' id='word_1_801' title='bbox 2738 4217 2946 4270; x_wconf 90' lang='lat' dir='ltr'><strong>animas</strong></span> <span class='ocrx_word' id='word_1_802' title='bbox 2974 4215 3205 4270; x_wconf 86' lang='lat' dir='ltr'><strong>destinat</strong></span> <span class='ocrx_word' id='word_1_803' title='bbox 3229 4233 3243 4269; x_wconf 90' lang='lat'>:</span> <span class='ocrx_word' id='word_1_804' title='bbox 3279 4236 3298 4269; x_wconf 72' lang='grc' dir='ltr'><strong>ι</strong></span> <span class='ocrx_word' id='word_1_805' title='bbox 3323 4215 3418 4271; x_wconf 92' lang='lat' dir='ltr'><strong>sed</strong></span> <span class='ocrx_word' id='word_1_806' title='bbox 3445 4227 3632 4271; x_wconf 89' lang='lat' dir='ltr'><strong>natura</strong></span> 
     </span>
    </p>
   </div>
   <div class='ocr_carea' id='block_1_105' title="bbox 2041 4305 3632 4377">
    <p class='ocr_par' dir='ltr' id='par_1_105' title="bbox 2041 4305 3632 4377">
     <span class='ocr_line' id='line_1_105' title="bbox 2041 4305 3632 4377; baseline -0.001 -14"><span class='ocrx_word' id='word_1_807' title='bbox 2041 4308 2208 4363; x_wconf 89' lang='lat' dir='ltr'><strong>bonas</strong></span> <span class='ocrx_word' id='word_1_808' title='bbox 2236 4306 2442 4362; x_wconf 89' lang='lat' dir='ltr'><strong>animas</strong></span> <span class='ocrx_word' id='word_1_809' title='bbox 2473 4321 2569 4377; x_wconf 89' lang='lat' dir='ltr'><strong>pro</strong></span> <span class='ocrx_word' id='word_1_810' title='bbox 2598 4305 2786 4362; x_wconf 69' lang='lat' dir='ltr'><strong>aliena:</strong></span> <span class='ocrx_word' id='word_1_811' title='bbox 2826 4307 2979 4362; x_wconf 74' lang='lat' dir='ltr'><strong>mala:</strong></span> <span class='ocrx_word' id='word_1_812' title='bbox 3019 4316 3223 4362; x_wconf 74' lang='lat' dir='ltr'><strong>natura:</strong></span> <span class='ocrx_word' id='word_1_813' title='bbox 3251 4308 3632 4362; x_wconf 85' lang='lat' dir='ltr'><strong>commixtione</strong></span> 
     </span>
    </p>
   </div>
   <div class='ocr_carea' id='block_1_106' title="bbox 2041 4399 3632 4472">
    <p class='ocr_par' dir='ltr' id='par_1_106' title="bbox 2041 4399 3632 4472">
     <span class='ocr_line' id='line_1_106' title="bbox 2041 4399 3632 4472; baseline -0.003 -14"><span class='ocrx_word' id='word_1_814' title='bbox 2041 4401 2125 4458; x_wconf 91' lang='lat' dir='ltr'><strong>cui</strong></span> <span class='ocrx_word' id='word_1_815' title='bbox 2153 4401 2296 4456; x_wconf 91' lang='lat' dir='ltr'><strong>malo</strong></span> <span class='ocrx_word' id='word_1_816' title='bbox 2320 4416 2416 4456; x_wconf 89' lang='lat' dir='ltr'><strong>eas</strong></span> <span class='ocrx_word' id='word_1_817' title='bbox 2443 4400 2557 4471; x_wconf 91' lang='lat' dir='ltr'><strong>ipse</strong></span> <span class='ocrx_word' id='word_1_818' title='bbox 2582 4399 2938 4466; x_wconf 86' lang='lat' dir='ltr'><strong>commiscuit,</strong></span> <span class='ocrx_word' id='word_1_819' title='bbox 2968 4415 3103 4472; x_wconf 90' lang='lat' dir='ltr'><strong>quas</strong></span> <span class='ocrx_word' id='word_1_820' title='bbox 3128 4400 3251 4455; x_wconf 91' lang='lat' dir='ltr'><strong>inde</strong></span> <span class='ocrx_word' id='word_1_821' title='bbox 3273 4415 3377 4455; x_wconf 87' lang='lat' dir='ltr'><strong>non</strong></span> <span class='ocrx_word' id='word_1_822' title='bbox 3401 4400 3632 4471; x_wconf 90' lang='lat' dir='ltr'><strong>potuerit</strong></span> 
     </span>
    </p>
   </div>
   <div class='ocr_carea' id='block_1_107' title="bbox 2043 4491 3633 4558">
    <p class='ocr_par' dir='ltr' id='par_1_107' title="bbox 2043 4491 3633 4558">
     <span class='ocr_line' id='line_1_107' title="bbox 2043 4491 3633 4558; baseline -0.003 -10"><span class='ocrx_word' id='word_1_823' title='bbox 2043 4493 2292 4558; x_wconf 89' lang='lat' dir='ltr'><strong>liberare,</strong></span> <span class='ocrx_word' id='word_1_824' title='bbox 2320 4508 2425 4547; x_wconf 93' lang='lat' dir='ltr'><strong>non</strong></span> <span class='ocrx_word' id='word_1_825' title='bbox 2453 4491 2700 4548; x_wconf 91' lang='lat' dir='ltr'><strong>incendio</strong></span> <span class='ocrx_word' id='word_1_826' title='bbox 2725 4501 2964 4557; x_wconf 75' lang='lat' dir='ltr'><strong>teterno;</strong></span> <span class='ocrx_word' id='word_1_827' title='bbox 2993 4508 3113 4546; x_wconf 91' lang='lat' dir='ltr'><strong>nam</strong></span> <span class='ocrx_word' id='word_1_828' title='bbox 3142 4491 3346 4546; x_wconf 92' lang='lat' dir='ltr'><strong>nullum</strong></span> <span class='ocrx_word' id='word_1_829' title='bbox 3369 4502 3633 4546; x_wconf 80' lang='lat' dir='ltr'><strong>:eternum</strong></span> 
     </span>
    </p>
   </div>
   <div class='ocr_carea' id='block_1_108' title="bbox 2041 4578 3630 4652">
    <p class='ocr_par' dir='ltr' id='par_1_108' title="bbox 2041 4578 3630 4652">
     <span class='ocr_line' id='line_1_108' title="bbox 2041 4578 3630 4652; baseline -0.004 -14"><span class='ocrx_word' id='word_1_830' title='bbox 2041 4583 2366 4638; x_wconf 69' lang='lat' dir='ltr'><strong>Manichacus</strong></span> <span class='ocrx_word' id='word_1_831' title='bbox 2393 4583 2643 4652; x_wconf 89' lang='lat' dir='ltr'><strong>opinatur</strong></span> <span class='ocrx_word' id='word_1_832' title='bbox 2669 4581 2970 4637; x_wconf 89' lang='lat' dir='ltr'><strong>incendium</strong></span> <span class='ocrx_word' id='word_1_833' title='bbox 2993 4599 3008 4644; x_wconf 91' lang='lat'><strong>;</strong></span> <span class='ocrx_word' id='word_1_834' title='bbox 3040 4583 3133 4636; x_wconf 90' lang='lat' dir='ltr'><strong>sed</strong></span> <span class='ocrx_word' id='word_1_835' title='bbox 3160 4589 3382 4646; x_wconf 76' lang='lat' dir='ltr'><strong>teterno,</strong></span> <span class='ocrx_word' id='word_1_836' title='bbox 3411 4590 3471 4635; x_wconf 91' lang='lat' dir='ltr'><strong>ut</strong></span> <span class='ocrx_word' id='word_1_837' title='bbox 3496 4578 3630 4647; x_wconf 85' lang='lat' dir='ltr'><strong>dixi,</strong></span> 
     </span>
    </p>
   </div>
   <div class='ocr_carea' id='block_1_109' title="bbox 2041 4670 3627 4741">
    <p class='ocr_par' dir='ltr' id='par_1_109' title="bbox 2041 4670 3627 4741">
     <span class='ocr_line' id='line_1_109' title="bbox 2041 4670 3627 4741; baseline -0.003 -14"><span class='ocrx_word' id='word_1_838' title='bbox 2041 4673 2384 4728; x_wconf 88' lang='lat' dir='ltr'><strong>tenebrarum</strong></span> <span class='ocrx_word' id='word_1_839' title='bbox 2414 4672 2593 4741; x_wconf 84' lang='lat' dir='ltr'><strong>globo,</strong></span> <span class='ocrx_word' id='word_1_840' title='bbox 2625 4687 2732 4741; x_wconf 86' lang='lat' dir='ltr'><strong>quo</strong></span> <span class='ocrx_word' id='word_1_841' title='bbox 2758 4687 2911 4726; x_wconf 91' lang='lat' dir='ltr'><strong>mens</strong></span> <span class='ocrx_word' id='word_1_842' title='bbox 2938 4671 3276 4725; x_wconf 89' lang='lat' dir='ltr'><strong>tenebrarum</strong></span> <span class='ocrx_word' id='word_1_843' title='bbox 3306 4670 3627 4734; x_wconf 86' lang='lat' dir='ltr'><strong>includetur,</strong></span> 
     </span>
    </p>
   </div>
   <div class='ocr_carea' id='block_1_110' title="bbox 2041 4759 3638 4834">
    <p class='ocr_par' dir='ltr' id='par_1_110' title="bbox 2041 4759 3638 4834">
     <span class='ocr_line' id='line_1_110' title="bbox 2041 4759 3638 4834; baseline -0.001 -18"><span class='ocrx_word' id='word_1_844' title='bbox 2041 4763 2242 4834; x_wconf 88' lang='lat' dir='ltr'><strong>affiget.</strong></span> <span class='ocrx_word' id='word_1_845' title='bbox 2274 4761 2547 4817; x_wconf 89' lang='lat' dir='ltr'><strong>Catholica</strong></span> <span class='ocrx_word' id='word_1_846' title='bbox 2574 4777 2701 4815; x_wconf 80' lang='lat' dir='ltr'><strong>vero</strong></span> <span class='ocrx_word' id='word_1_847' title='bbox 2728 4760 2878 4824; x_wconf 84' lang='lat' dir='ltr'><strong>fides,</strong></span> <span class='ocrx_word' id='word_1_848' title='bbox 2910 4777 3068 4832; x_wconf 90' lang='lat' dir='ltr'><strong>quam</strong></span> <span class='ocrx_word' id='word_1_849' title='bbox 3097 4759 3410 4830; x_wconf 89' lang='lat' dir='ltr'><strong>reliquistis,</strong></span> <span class='ocrx_word' id='word_1_850' title='bbox 3439 4770 3495 4814; x_wconf 92' lang='lat' dir='ltr'><strong>ut</strong></span> <span class='ocrx_word' id='word_1_851' title='bbox 3524 4760 3638 4814; x_wconf 79' lang='lat' dir='ltr'><strong>Ma-</strong></span> 
     </span>
    </p>
   </div>
   <div class='ocr_carea' id='block_1_111' title="bbox 2041 4850 3636 4922">
    <p class='ocr_par' dir='ltr' id='par_1_111' title="bbox 2041 4850 3636 4922">
     <span class='ocr_line' id='line_1_111' title="bbox 2041 4850 3636 4922; baseline -0.001 -14"><span class='ocrx_word' id='word_1_852' title='bbox 2041 4853 2392 4919; x_wconf 78' lang='lat' dir='ltr'><strong>nichznorum,</strong></span> <span class='ocrx_word' id='word_1_853' title='bbox 2444 4867 2548 4906; x_wconf 91' lang='lat' dir='ltr'><strong>non</strong></span> <span class='ocrx_word' id='word_1_854' title='bbox 2594 4851 2772 4921; x_wconf 86' lang='lat' dir='ltr'><strong>plane,</strong></span> <span class='ocrx_word' id='word_1_855' title='bbox 2812 4850 3263 4922; x_wconf 88' lang='lat' dir='ltr'><strong>quemadmodum</strong></span> <span class='ocrx_word' id='word_1_856' title='bbox 3307 4851 3504 4921; x_wconf 87' lang='lat' dir='ltr'><strong>putatis</strong></span> <span class='ocrx_word' id='word_1_857' title='bbox 3543 4860 3636 4907; x_wconf 81' lang='lat' dir='ltr'><strong>aut</strong></span> 
     </span>
    </p>
   </div>
   <div class='ocr_carea' id='block_1_112' title="bbox 2042 4941 3636 5016">
    <p class='ocr_par' dir='ltr' id='par_1_112' title="bbox 2042 4941 3636 5016">
     <span class='ocr_line' id='line_1_112' title="bbox 2042 4941 3636 5016; baseline -0.001 -16"><span class='ocrx_word' id='word_1_858' title='bbox 2042 4944 2258 5016; x_wconf 88' lang='lat' dir='ltr'><strong>fingitis,</strong></span> <span class='ocrx_word' id='word_1_859' title='bbox 2285 4945 2742 5016; x_wconf 87' lang='lat' dir='ltr'><strong>oppugnatrieem,</strong></span> <span class='ocrx_word' id='word_1_860' title='bbox 2771 4943 2864 4998; x_wconf 90' lang='lat' dir='ltr'><strong>sed</strong></span> <span class='ocrx_word' id='word_1_861' title='bbox 2893 4943 3067 5013; x_wconf 83' lang='lat' dir='ltr'><strong>potius</strong></span> <span class='ocrx_word' id='word_1_862' title='bbox 3093 4941 3406 5012; x_wconf 89' lang='lat' dir='ltr'><strong>adjntricem</strong></span> <span class='ocrx_word' id='word_1_863' title='bbox 3433 4953 3636 4998; x_wconf 87' lang='lat' dir='ltr'><strong>sectam</strong></span> 
     </span>
    </p>
   </div>
   <div class='ocr_carea' id='block_1_113' title="bbox 2043 5035 3636 5108">
    <p class='ocr_par' dir='ltr' id='par_1_113' title="bbox 2043 5035 3636 5108">
     <span class='ocr_line' id='line_1_113' title="bbox 2043 5035 3636 5108; baseline -0.001 -14"><span class='ocrx_word' id='word_1_864' title='bbox 2043 5039 2294 5094; x_wconf 87' lang='lat' dir='ltr'><strong>novitiam</strong></span> <span class='ocrx_word' id='word_1_865' title='bbox 2317 5037 2639 5099; x_wconf 89' lang='lat' dir='ltr'><strong>eonderetis,</strong></span> <span class='ocrx_word' id='word_1_866' title='bbox 2663 5051 2785 5091; x_wconf 92' lang='lat' dir='ltr'><strong>cum</strong></span> <span class='ocrx_word' id='word_1_867' title='bbox 2807 5035 2954 5091; x_wconf 90' lang='lat' dir='ltr'><strong>audit</strong></span> <span class='ocrx_word' id='word_1_868' title='bbox 2975 5045 3066 5091; x_wconf 90' lang='lat' dir='ltr'><strong>aut</strong></span> <span class='ocrx_word' id='word_1_869' title='bbox 3088 5035 3215 5106; x_wconf 90' lang='lat' dir='ltr'><strong>legit</strong></span> <span class='ocrx_word' id='word_1_870' title='bbox 3234 5035 3373 5106; x_wconf 92' lang='lat' dir='ltr'><strong>quod</strong></span> <span class='ocrx_word' id='word_1_871' title='bbox 3396 5037 3470 5091; x_wconf 91' lang='lat' dir='ltr'><strong>ait</strong></span> <span class='ocrx_word' id='word_1_872' title='bbox 3492 5038 3636 5108; x_wconf 83' lang='lat' dir='ltr'><strong>Apo-</strong></span> 
     </span>
    </p>
   </div>
   <div class='ocr_carea' id='block_1_114' title="bbox 2041 5129 3635 5202">
    <p class='ocr_par' dir='ltr' id='par_1_114' title="bbox 2041 5129 3635 5202">
     <span class='ocr_line' id='line_1_114' title="bbox 2041 5129 3635 5202; baseline -0.001 -16"><span class='ocrx_word' id='word_1_873' title='bbox 2041 5133 2234 5198; x_wconf 87' lang='lat' dir='ltr'><strong>stolus,</strong></span> <span class='ocrx_word' id='word_1_874' title='bbox 2264 5131 2396 5186; x_wconf 86' lang='lat' dir='ltr'><strong>Caro</strong></span> <span class='ocrx_word' id='word_1_875' title='bbox 2422 5130 2729 5202; x_wconf 80' lang='lat' dir='ltr'><strong>concupiscit</strong></span> <span class='ocrx_word' id='word_1_876' title='bbox 2757 5130 2994 5184; x_wconf 77' lang='lat' dir='ltr'><strong>adversus</strong></span> <span class='ocrx_word' id='word_1_877' title='bbox 3020 5129 3275 5197; x_wconf 72' lang='lat' dir='ltr'><strong>spiritum,</strong></span> <span class='ocrx_word' id='word_1_878' title='bbox 3307 5129 3514 5200; x_wconf 76' lang='lat' dir='ltr'><strong>spiritus</strong></span> <span class='ocrx_word' id='word_1_879' title='bbox 3540 5146 3635 5184; x_wconf 74' lang='lat' dir='ltr'><strong>au-</strong></span> 
     </span>
    </p>
   </div>
   <div class='ocr_carea' id='block_1_115' title="bbox 2042 5221 3642 5289">
    <p class='ocr_par' dir='ltr' id='par_1_115' title="bbox 2042 5221 3642 5289">
     <span class='ocr_line' id='line_1_115' title="bbox 2042 5221 3642 5289; baseline -0.001 -12"><span class='ocrx_word' id='word_1_880' title='bbox 2042 5233 2138 5278; x_wconf 84' lang='lat' dir='ltr'><strong>tem</strong></span> <span class='ocrx_word' id='word_1_881' title='bbox 2167 5225 2409 5277; x_wconf 77' lang='lat' dir='ltr'><strong>adversus</strong></span> <span class='ocrx_word' id='word_1_882' title='bbox 2434 5241 2636 5277; x_wconf 83' lang='lat' dir='ltr'><strong>carnem</strong></span> <span class='ocrx_word' id='word_1_883' title='bbox 2667 5240 2687 5277; x_wconf 91' lang='lat'><strong><em>:</em></strong></span> <span class='ocrx_word' id='word_1_884' title='bbox 2726 5223 2833 5277; x_wconf 71' lang='lat' dir='ltr'><strong>lucc</strong></span> <span class='ocrx_word' id='word_1_885' title='bbox 2861 5223 2996 5276; x_wconf 84' lang='lat' dir='ltr'><strong>enim</strong></span> <span class='ocrx_word' id='word_1_886' title='bbox 3027 5221 3239 5276; x_wconf 79' lang='lat' dir='ltr'><strong>invicem</strong></span> <span class='ocrx_word' id='word_1_887' title='bbox 3268 5222 3642 5289; x_wconf 82' lang='lat' dir='ltr'><strong>adversantur;</strong></span> 
     </span>
    </p>
   </div>
   <div class='ocr_carea' id='block_1_116' title="bbox 2042 5311 3637 5385">
    <p class='ocr_par' dir='ltr' id='par_1_116' title="bbox 2042 5311 3637 5385">
     <span class='ocr_line' id='line_1_116' title="bbox 2042 5311 3637 5385; baseline 0 -18"><span class='ocrx_word' id='word_1_888' title='bbox 2042 5325 2096 5368; x_wconf 81' lang='lat' dir='ltr'><strong>ut</strong></span> <span class='ocrx_word' id='word_1_889' title='bbox 2123 5332 2222 5369; x_wconf 82' lang='lat' dir='ltr'><strong>non</strong></span> <span class='ocrx_word' id='word_1_890' title='bbox 2252 5331 2312 5368; x_wconf 86' lang='lat' dir='ltr'><strong>ea</strong></span> <span class='ocrx_word' id='word_1_891' title='bbox 2339 5330 2450 5385; x_wconf 72' lang='lat' dir='ltr'><strong>qua:</strong></span> <span class='ocrx_word' id='word_1_892' title='bbox 2477 5315 2624 5369; x_wconf 77' lang='lat' dir='ltr'><strong>vultis</strong></span> <span class='ocrx_word' id='word_1_893' title='bbox 2645 5357 2658 5378; x_wconf 87' lang='lat'><strong>,</strong></span> <span class='ocrx_word' id='word_1_894' title='bbox 2689 5313 2888 5383; x_wconf 75' lang='lat' dir='ltr'><strong>faciatis</strong></span> <span class='ocrx_word' id='word_1_895' title='bbox 2919 5311 3114 5383; x_wconf 77' lang='lat' dir='ltr'><strong>(Calai.</strong></span> <span class='ocrx_word' id='word_1_896' title='bbox 3146 5327 3179 5365; x_wconf 86' lang='lat' dir='ltr'><strong>v</strong></span> <span class='ocrx_word' id='word_1_897' title='bbox 3197 5354 3212 5378; x_wconf 93' lang='lat'><strong>,</strong></span> <span class='ocrx_word' id='word_1_898' title='bbox 3248 5311 3341 5382; x_wconf 81' lang='lat' dir='ltr'><strong>l7)</strong></span> <span class='ocrx_word' id='word_1_899' title='bbox 3365 5329 3378 5364; x_wconf 87' lang='lat'><strong>:</strong></span> <span class='ocrx_word' id='word_1_900' title='bbox 3405 5327 3510 5367; x_wconf 87' lang='lat' dir='ltr'><strong>non</strong></span> <span class='ocrx_word' id='word_1_901' title='bbox 3538 5328 3637 5367; x_wconf 75' lang='lat' dir='ltr'><strong>na-</strong></span> 
     </span>
    </p>
   </div>
   <div class='ocr_carea' id='block_1_117' title="bbox 2041 5405 3647 5472">
    <p class='ocr_par' dir='ltr' id='par_1_117' title="bbox 2041 5405 3647 5472">
     <span class='ocr_line' id='line_1_117' title="bbox 2041 5405 3647 5472; baseline -0.001 -12"><span class='ocrx_word' id='word_1_902' title='bbox 2041 5415 2187 5460; x_wconf 89' lang='lat' dir='ltr'><strong>turas</strong></span> <span class='ocrx_word' id='word_1_903' title='bbox 2207 5405 2361 5472; x_wconf 85' lang='lat' dir='ltr'><strong>duas,</strong></span> <span class='ocrx_word' id='word_1_904' title='bbox 2388 5405 2509 5460; x_wconf 88' lang='lat' dir='ltr'><strong>boni</strong></span> <span class='ocrx_word' id='word_1_905' title='bbox 2537 5406 2741 5460; x_wconf 90' lang='lat' dir='ltr'><strong>scilicet</strong></span> <span class='ocrx_word' id='word_1_906' title='bbox 2759 5414 2812 5460; x_wconf 91' lang='lat' dir='ltr'><strong>et</strong></span> <span class='ocrx_word' id='word_1_907' title='bbox 2835 5405 2981 5472; x_wconf 90' lang='lat' dir='ltr'><strong>mali,</strong></span> <span class='ocrx_word' id='word_1_908' title='bbox 3012 5405 3149 5460; x_wconf 91' lang='lat' dir='ltr'><strong>inter</strong></span> <span class='ocrx_word' id='word_1_909' title='bbox 3171 5421 3228 5459; x_wconf 85' lang='lat' dir='ltr'><strong>se</strong></span> <span class='ocrx_word' id='word_1_910' title='bbox 3249 5405 3315 5459; x_wconf 91' lang='lat' dir='ltr'><strong>ab</strong></span> <span class='ocrx_word' id='word_1_911' title='bbox 3337 5405 3647 5460; x_wconf 79' lang='lat' dir='ltr'><strong>:eternitate</strong></span> 
     </span>
    </p>
   </div>
   <div class='ocr_carea' id='block_1_118' title="bbox 2041 5485 3645 5567">
    <p class='ocr_par' dir='ltr' id='par_1_118' title="bbox 2041 5485 3645 5567">
     <span class='ocr_line' id='line_1_118' title="bbox 2041 5485 3645 5567; baseline -0.001 -15"><span class='ocrx_word' id='word_1_912' title='bbox 2041 5497 2357 5561; x_wconf 88' lang='lat' dir='ltr'><strong>contrarias,</strong></span> <span class='ocrx_word' id='word_1_913' title='bbox 2381 5509 2434 5553; x_wconf 90' lang='lat' dir='ltr'><strong>et</strong></span> <span class='ocrx_word' id='word_1_914' title='bbox 2463 5496 2603 5552; x_wconf 90' lang='lat' dir='ltr'><strong>bello</strong></span> <span class='ocrx_word' id='word_1_915' title='bbox 2626 5497 2922 5567; x_wconf 88' lang='lat' dir='ltr'><strong>posteriore</strong></span> <span class='ocrx_word' id='word_1_916' title='bbox 2943 5485 3282 5561; x_wconf 42' lang='lat' dir='ltr'><strong>c&#39;ommixtas,</strong></span> <span class='ocrx_word' id='word_1_917' title='bbox 3307 5496 3446 5552; x_wconf 90' lang='lat' dir='ltr'><strong>sicut</strong></span> <span class='ocrx_word' id='word_1_918' title='bbox 3467 5496 3645 5550; x_wconf 51' lang='lat' dir='ltr'><strong>Manib-</strong></span> 
     </span>
    </p>
   </div>
   <div class='ocr_carea' id='block_1_119' title="bbox 2104 5697 3632 5766">
    <p class='ocr_par' dir='ltr' id='par_1_119' title="bbox 2104 5697 3632 5766">
     <span class='ocr_line' id='line_1_119' title="bbox 2104 5697 3632 5766; baseline -0.008 -7"><span class='ocrx_word' id='word_1_919' title='bbox 2104 5713 2121 5744; x_wconf 76' lang='grc' dir='ltr'>ι</span> <span class='ocrx_word' id='word_1_920' title='bbox 2145 5711 2217 5761; x_wconf 82' lang='lat' dir='ltr'><strong>sic</strong></span> <span class='ocrx_word' id='word_1_921' title='bbox 2235 5717 2380 5759; x_wconf 87' lang='lat' dir='ltr'><strong>vetus</strong></span> <span class='ocrx_word' id='word_1_922' title='bbox 2398 5709 2552 5758; x_wconf 80' lang='lat' dir='ltr'><strong>codex</strong></span> <span class='ocrx_word' id='word_1_923' title='bbox 2566 5717 2826 5757; x_wconf 76' lang='lat' dir='ltr'><strong>Portarum.</strong></span> <span class='ocrx_word' id='word_1_924' title='bbox 2845 5705 2958 5758; x_wconf 66' lang='lat' dir='ltr'><strong>aditi</strong></span> <span class='ocrx_word' id='word_1_925' title='bbox 2985 5715 3168 5766; x_wconf 87' lang='lat' dir='ltr'><strong>autem,</strong></span> <span class='ocrx_word' id='word_1_926' title='bbox 3185 5710 3406 5754; x_wconf 77' lang='lat' dir='ltr'><strong>naturam</strong></span> <span class='ocrx_word' id='word_1_927' title='bbox 3427 5697 3632 5759; x_wconf 70' lang='lat' dir='ltr'><strong>ntalem,</strong></span> 
     </span>
    </p>
   </div>
   <div class='ocr_carea' id='block_1_120' title="bbox 2039 5772 2826 5824">
    <p class='ocr_par' dir='ltr' id='par_1_120' title="bbox 2039 5772 2826 5824">
     <span class='ocr_line' id='line_1_120' title="bbox 2039 5772 2826 5824; baseline -0.008 0"><span class='ocrx_word' id='word_1_928' title='bbox 2039 5773 2240 5824; x_wconf 68' lang='lat' dir='ltr'><strong>alterum</strong></span> <span class='ocrx_word' id='word_1_929' title='bbox 2265 5785 2374 5822; x_wconf 68' lang='lat' dir='ltr'><strong>vero</strong></span> <span class='ocrx_word' id='word_1_930' title='bbox 2393 5779 2614 5822; x_wconf 81' lang='lat' dir='ltr'><strong>naturam</strong></span> <span class='ocrx_word' id='word_1_931' title='bbox 2639 5772 2826 5820; x_wconf 80' lang='lat' dir='ltr'><strong>bonum.</strong></span> 
     </span>
    </p>
   </div>
  </div>
