4150 6494
507 334 640 390 NH

504 450 687 504 ιιιωιιε
709 442 991 500 Iitcrcticus
1010 439 1289 509 Opinatur;
1315 436 1410 492 sed
1432 436 1571 491 sicut
1590 432 1887 489 catholicus
1906 429 2096 485 doctor

507 538 825 595 Ambrosius
851 534 988 607 (Lib.
1019 536 1052 589 7
1081 534 1135 587 in
1164 531 1292 585 Luc.
1320 546 1417 593 xu,
1446 529 1558 597 55),
1593 528 1745 582 istam
1774 523 2094 579 discordiam

507 629 687 685 carnis
710 638 766 683 et
788 626 1006 696 spiritus
1034 639 1099 679 ex
1130 620 1569 693 praevaricatione
1595 616 1750 688 primi
1776 613 2008 671 hominis
2040 613 2094 668 in

506 729 752 775 naturam
782 716 1012 773 vertisse
1043 711 1357 783 cognoscit;
1389 718 1447 764 ut
1475 724 1581 764 non
1621 705 1943 777 intelligatur
1981 703 2097 759 haec

504 819 693 865 natura
735 806 968 862 hominis
1011 804 1255 875 primitus
1299 801 1565 865 instituti,
1607 798 1703 855 sed
1750 798 1804 853 in
1849 807 2093 852 naturam

505 914 659 956 versa
692 912 849 968 poena
878 883 1136 951 damnati.
1170 893 1294 948 Ilzec
1324 891 1456 946 ﬁdes
1490 904 1596 945 non
1626 896 1709 943 est
1735 896 1880 944 cetra
1911 884 2096 941 Numi-

502 989 644 1053 dica,
673 988 742 1043 de
766 1002 868 1058 qua
900 986 1054 1041 nobis
1081 984 1230 1039 velut
1256 982 1458 1037 facetus
1486 979 1747 1043 insultas;
1774 976 1871 1033 sed
1895 985 1979 1033 est
2003 991 2097 1032 ve-

509 1080 734 1135 ridicum
755 1087 984 1142 scutum,
1009 1078 1063 1131 in
1083 1090 1189 1146 quo
1204 1088 1390 1128 omnes
1412 1072 1630 1142 sagittas
1646 1070 1837 1140 ignitae
1855 1066 2094 1139 maligni,

502 1174 641 1228 sicut
662 1173 901 1226 hortatur
921 1167 1227 1239 Apostolus,
1241 1165 1632 1235 exstinguimus
1652 1160 1869 1232 (Ephes.
1888 1176 1964 1227 vn,
1982 1158 2092 1231 {6).

505 1263 619 1318 Hoc
649 1260 988 1317 muniebatur
1016 1266 1198 1324 scuto,
1226 1256 1440 1327 quando
1465 1254 1615 1309 vobis
1646 1252 1835 1307 futuris
1857 1250 1968 1320 jam
1999 1264 2094 1304 oc-

503 1354 755 1409 currebat
790 1358 1029 1406 armatus
1050 1390 1067 1415 ,
1106 1363 1214 1404 non
1248 1346 1462 1417 quidem
1487 1343 1713 1399 Numida
1738 1383 1754 1408 ,
1794 1341 1890 1398 sed
1917 1350 2095 1396 tamen

507 1444 709 1501 Penus
739 1443 829 1497 ille
857 1440 1178 1513 Cyprianus,
1203 1453 1312 1508 quo
1341 1449 1526 1492 rursus
1552 1434 1768 1489 nomine
1794 1441 1882 1488 tua
1912 1432 1967 1486 in
1997 1447 2095 1487 nos

503 1538 671 1593 insilit
698 1551 830 1590 vana
860 1532 1191 1604 loquacitas;
1225 1532 1356 1596 hoc,
1392 1531 1640 1599 inquam,
1674 1536 1828 1581 scuto
1856 1532 2094 1579 armatus

505 1618 704 1685 Poenus
732 1627 819 1682 ille
846 1624 1057 1681 dicebat
1086 1624 1139 1678 in
1166 1623 1303 1677 libro
1330 1621 1398 1677 de
1422 1620 1676 1676 Oratione
1704 1616 1975 1672 Dominica
1992 1655 2007 1679 ,
2041 1615 2093 1670 id

502 1736 603 1776 nos
644 1734 820 1784 orare,
862 1732 984 1771 cum
1025 1714 1275 1782 dicimus,
1324 1713 1444 1768 Fiat
1484 1713 1718 1767 uoluntas
1743 1719 1831 1763 tua
1868 1708 1999 1763 sicut
2038 1708 2094 1763 in

501 1810 628 1865 calo
653 1820 699 1865 et
730 1810 781 1863 in
810 1818 941 1862 terra
971 1806 1183 1878 (Matth.
1216 1821 1298 1868 γι,
1330 1802 1460 1877 I0),
1488 1812 1549 1857 ut
1574 1803 1712 1856 inter
1741 1801 1848 1856 duo
1874 1799 1974 1854 ista
1993 1839 2009 1866 ,
2039 1798 2092 1853 id

499 1910 583 1956 est
600 1915 816 1956 carnem
842 1908 896 1953 et
921 1896 1188 1967 spirituum,
1217 1898 1308 1949 liat
1334 1896 1443 1950 Deo
1466 1893 1761 1964 opitulante
1781 1889 2088 1965 concordia.

501 1993 602 2050 Ubi
630 1992 828 2048 Christi
863 1992 1018 2046 miles
1054 1990 1301 2060 egregius
1326 1996 1379 2043 et
1406 2002 1436 2041 a
1465 1984 1769 2041 Manicltzcis
1798 1992 1852 2039 ct
1880 1999 1911 2037 a
1942 1983 2091 2038 vobis

504 2084 747 2154 conjecta
772 2082 936 2154 ignita
955 2080 1168 2151 maligni
1188 2080 1363 2150 jacula
1387 2078 1732 2147 exstinguit‘:
1751 2076 1835 2131 cui
1858 2074 2092 2144 maligno

505 2177 734 2231 militant
752 2189 939 2230 omnes
965 2172 1222 2237 hzrretici,
1249 2179 1304 2226 et
1327 2169 1477 2239 cujus
1517 2180 1688 2224 castra
1732 2166 1977 2221 tirocinio
2002 2179 2094 2220 ve-

498 2279 615 2324 stro
634 2268 831 2337 putatis
853 2264 1118 2336 augenda.
1135 2263 1267 2318 Nam
1285 2262 1503 2332 spiritus
1525 2270 1579 2315 et
1602 2258 1779 2315 carnis
1801 2254 2092 2328 qumrendo

498 2356 840 2412 concordiam
867 2396 883 2422 ,
916 2365 1101 2410 contra
1132 2352 1452 2407 Manichacus
1479 2348 1658 2415 docet,
1689 2347 1875 2402 ambas
1899 2345 2092 2415 quibus

497 2457 808 2503 constamus
836 2446 1005 2500 bonas
1039 2459 1160 2500 esse
1188 2453 1406 2497 naturas
1430 2482 1445 2506 ,
1490 2440 1536 2494 si
1576 2437 1856 2494 discordiae
1893 2435 2091 2490 malum

501 2539 684 2594 divina
710 2536 1054 2593 miseratione
1073 2542 1328 2590 sanetur:
1351 2532 1502 2587 vobis
1521 2540 1698 2586 autem
1722 2528 1945 2593 resistit,
1967 2526 2093 2597 quia

506 2630 685 2687 carnis
708 2626 1195 2697 concupiscentiam
1220 2624 1394 2680 dicitis
1414 2623 1607 2679 bonam
1623 2622 1645 2653 ⁸
1667 2661 1683 2687 ,
1711 2634 1815 2690 qua
1840 2617 2095 2674 infestan-

509 2731 568 2776 te
593 2718 774 2775 existit
803 2718 903 2772 ista
932 2714 1198 2771 discordia
1218 2754 1235 2780 ,
1260 2729 1420 2785 quam
1458 2712 1631 2784 poscit
1665 2711 1755 2766 ille
1782 2709 1958 2765 sanari
1981 2724 2003 2774 ;
2038 2715 2094 2763 et

509 2821 637 2868 tunc
660 2809 839 2867 existit
862 2806 1075 2879 quando
1100 2805 1238 2863 bene
1258 2806 1484 2877 agimus,
1515 2812 1574 2859 ut
1598 2801 1871 2858 infestanti
1896 2815 2095 2856 concu-

510 2904 784 2977 piscentia:
809 2902 1017 2967 carnis,
1058 2908 1243 2955 contra
1273 2898 1683 2969 concupiscente
1710 2895 1899 2965 spiritu
1928 2908 2091 2963 repu-

502 3012 746 3069 gnemus.
775 2994 907 3051 Nam
935 2994 982 3050 si
1015 2993 1400 3060 consentimus,
1429 3007 1534 3047 non
1562 2989 1832 3060 optabilis,
1859 2986 1951 3043 sed
1978 2985 2092 3042 cul-

500 3091 711 3162 pabilis,
752 3089 835 3145 vel
872 3090 1035 3145 etiam
1075 3086 1393 3143 damnabilis
1429 3084 1489 3139 Iit
1522 3083 1732 3155 spiritui
1769 3097 1890 3137 cum
1921 3094 2090 3135 carne

498 3181 809 3237 concordia.
848 3179 1047 3235 Contra
1086 3193 1183 3232 vos
1220 3187 1304 3233 est
1342 3176 1504 3231 etiam
1527 3217 1543 3242 ,
1583 3172 1708 3244 quia
1750 3172 1918 3227 libero
1955 3170 2091 3225 datis

506 3272 728 3329 arbitrio
748 3272 770 3304 ³
793 3313 808 3338 ,
831 3271 972 3342 quod
998 3271 1089 3326 ille
1113 3280 1168 3325 ut
1193 3268 1285 3324 ﬁat
1308 3268 1362 3323 in
1390 3266 1626 3332 homine,
1652 3280 1682 3319 a
1710 3265 1821 3319 Deo
1847 3261 2094 3331 intelligit

505 3378 627 3420 esse
649 3362 992 3439 poscendum.
1017 3361 1097 3417 Tu
1118 3370 1296 3415 autem
1316 3359 1407 3429 qui
1426 3357 1668 3413 nesciens
1688 3354 1814 3426 quid
1837 3352 2089 3424 loquaris,

504 3454 694 3525 objicis
732 3454 859 3509 mihi
886 3454 1029 3525 quod
1057 3452 1231 3508 dicam
1260 3453 1426 3507 Deum
1452 3464 1637 3505 creare
1664 3455 1938 3518 peccatum
1957 3486 1974 3512 ,
2002 3459 2091 3499 re-

505 3545 637 3601 siste
663 3545 956 3600 Manichaee
981 3544 1180 3600 dicenti
1213 3544 1267 3598 in
1295 3541 1562 3597 discordia
1590 3540 1766 3595 carnis
1794 3549 1851 3594 et
1876 3526 2093 3609 spiritus

504 3636 639 3691 duas
670 3636 809 3692 inter
835 3651 895 3692 se
918 3636 1214 3692 contrarias
1249 3634 1372 3689 mali
1400 3642 1453 3689 et
1480 3631 1605 3687 boni
1638 3644 1897 3700 apparere
1934 3636 2092 3683 natu-

499 3742 610 3782 ras.
636 3727 810 3783 Unum
831 3726 1079 3805 estenim
1103 3726 1243 3796 quod
1268 3723 1709 3795 respondeamus.
1733 3729 1790 3775 ut
1810 3720 1975 3790 pestis
1994 3718 2094 3773 ista

499 3819 783 3885 vincatur;
816 3818 957 3874 hanc
983 3818 1193 3873 scilicet
1215 3816 1539 3872 discordiam
1568 3829 1666 3885 per
1694 3811 2091 3884 prmvaricatio-

503 3926 631 3966 nem
655 3910 810 3981 primi
833 3910 1067 3966 hominis
1090 3910 1143 3964 in
1166 3917 1401 3964 nostram
1422 3908 1642 3963 vertisse
1658 3916 1898 3961 naturam
1921 3904 2095 3974 :quod

509 4010 565 4054 tu
594 3998 839 4070 negando
865 3999 1075 4054 conaris
1108 4006 1165 4053 ut
1200 3997 1451 4061 vincant;
1479 3997 1715 4067 satisque
1740 4012 1792 4050 m
1813 3994 2096 4051 unifestaris

506 4088 670 4145 falsus
696 4089 1107 4145 Manichaeorum
1139 4096 1498 4159 oppugnator,
1529 4102 1690 4143 verus
1718 4086 1950 4155 adiutor.

578 4178 688 4235 VII.
727 4179 845 4235 JUL.
887 4177 1084 4250 Ingerit
1108 4180 1305 4251 quippe
1342 4178 1592 4233 omnibus
1629 4176 1906 4247 scripturis
1951 4175 2093 4242 suis,

505 4272 676 4329 Adam
720 4282 881 4343 atque
933 4272 1098 4327 Evam
1144 4270 1315 4326 bonos
1357 4276 1561 4325 tantum
1604 4283 1637 4323 a
1682 4269 1791 4325 Deo
1827 4267 2094 4334 conditos,

510 4363 562 4418 id
612 4372 733 4430 est,
782 4363 911 4418 nulli
964 4362 1190 4417 naturali
1227 4360 1440 4416 crimini
1498 4358 1864 4429 mancipatos,
1896 4372 2097 4428 eosque

508 4453 675 4509 libera
722 4453 995 4508 voluntate
1046 4466 1334 4522 peccasse,
1391 4447 1487 4505 sed
1535 4448 1608 4504 ita
1663 4448 1977 4519 granditer,
2037 4458 2097 4502 ut

506 4545 685 4600 omnia
715 4544 768 4599 in
798 4553 983 4599 natura
1010 4558 1103 4597 sua
1135 4540 1229 4596 Dei
1259 4539 1497 4595 instituta
1527 4528 1867 4594 subruerent.
1908 4555 1927 4590 ι
1961 4537 2095 4592 Illud

507 4637 689 4702 enim,
740 4653 762 4688 ι
812 4635 1021 4705 inquit,
1087 4650 1109 4687 ι
1164 4641 1442 4705 peccatum
1494 4631 1649 4688 Valde
1697 4630 1869 4701 majus
1933 4639 2097 4702 atque

505 4726 664 4782 altius
687 4724 930 4781 diabolus
955 4724 1146 4792 inﬁxit,
1173 4738 1333 4794 quam
1363 4730 1489 4778 sunt
1514 4720 1614 4778 ista
1650 4720 1952 4776 hominibus
1973 4729 2097 4776 nota

507 4831 745 4891 peccata.
780 4817 930 4875 Unde
956 4818 1048 4873 illo
1072 4831 1266 4887 magno
1292 4816 1448 4888 primi
1472 4815 1704 4870 hominis
1734 4822 1975 4885 peccato,
2004 4829 2100 4868 na-

509 4919 626 4965 tura
675 4908 748 4965 ibi
796 4918 977 4964 nostra
1026 4908 1078 4963 in
1108 4906 1345 4963 deterius
1383 4915 1731 4971 commutata,
1777 4922 1884 4960 non
1924 4904 2098 4960 solum

510 4999 647 5055 facta
673 5008 758 5056 est
782 4999 1070 5072 peccatrix,
1096 5013 1283 5055 verum
1312 4998 1473 5055 etiam
1499 5005 1722 5069 generat
1746 5007 2093 5069 peccatores;

508 5102 564 5147 et
606 5099 784 5147 tamen
806 5091 922 5161 ipse
948 5091 1189 5162 languor,
1228 5104 1335 5161 quo
1364 5089 1502 5145 bene
1525 5087 1738 5143 vivendi
1768 5088 1941 5143 virtus
1975 5102 2098 5158 per-

512 5181 607 5250 iit,
640 5198 745 5238 non
774 5191 859 5238 est
886 5191 1093 5249 natura,
1126 5180 1222 5238 sed
1251 5181 1461 5237 vitium.
1487 5179 1621 5236 Illud
1645 5193 1776 5249 ergo
1799 5188 2098 5250 peccatum,

511 5270 658 5343 quod
688 5272 859 5344 ipsum
902 5272 1172 5327 hominem
1202 5272 1257 5326 in
1301 5269 1548 5342 paradiso
1578 5271 1803 5326 mutavit
1840 5270 1891 5324 in
1926 5270 2097 5341 pejus,

578 5451 596 5482 ι
625 5448 925 5521 _\'Ignlerius,
949 5445 1100 5521 ignita
1129 5445 1332 5521 motigni
1360 5445 1650 5512 exstinguit;
1688 5446 1885 5509 omisso,
1912 5447 2100 5511 jacula,

510 5510 639 5576 quod
665 5510 728 5561 e'x
754 5510 1091 5576 tnanuscriptis
1110 5510 1403 5559 restituitur.

576 5576 594 5606 ⁸
629 5580 675 5621 tn
700 5579 826 5629 Mss,
850 5570 1037 5621 bonum.

564 5636 596 5707 .3
631 5634 762 5707 I-idili,
784 5640 968 5707 potura
995 5646 1074 5707 vos
1102 5632 1267 5707 etiam,
1299 5630 1412 5694 quia
1442 5629 1591 5682 libero
1622 5632 1864 5707 arbitrio;
1900 5642 2106 5705 νήπιοι·-

694 5697 875 5757 verbis,
898 5702 987 5757 est,
1012 5703 1082 5750 et.
1107 5697 1251 5755 datis,
1271 5707 1380 5757 quae
1405 5706 1468 5743 ex
1490 5697 1825 5758 manuscriptis
1839 5700 2105 5746 restituun-

1184 319 1430 379 OPERIS
1468 315 1877 375 IMPERFECTI
1916 311 2190 370 CONTRA
2232 310 2588 381 JULIANUM,
2624 312 2685 369 S.
2728 308 3091 369 AUGUSTINI

3647 315 3783 371 1519.

2203 429 2325 499 quia
2374 429 2539 485 multo
2567 438 2649 485 est
2690 428 2945 500 grandius
2986 443 3142 499 quam
3179 424 3421 496 judicare
3458 441 3556 482 nos
3595 442 3789 497 possu—

2203 534 2344 585 mus,
2367 519 2434 573 ab
2454 519 2599 574 omni
2624 528 2872 575 nascente
2893 515 3257 586 trahituriwe
3284 514 3492 588 Nuptiis
3517 528 3563 571 et
3591 517 3791 572 Concu-

2201 611 2478 682 piscentia,
2529 611 2618 665 lib.
2658 610 2727 676 2,
2776 627 2863 664 nn.
2911 610 3015 676 57,
3054 607 3166 678 58).
3219 608 3353 662 Ecce
3390 623 3550 677 quam
3600 616 3789 678 aperte

2200 700 2327 772 quid
2356 702 2578 758 sentiret
2619 701 2904 771 exposuit:
2938 700 3135 766 Primi,
3181 698 3383 768 inquit,
3426 698 3500 752 illi
3545 698 3790 755 homines

2200 791 2395 848 bonam
2426 791 2657 847 habuere
2686 801 2949 859 naturam,
2977 790 3072 847 sed
3096 799 3369 861 peccatum
3400 799 3506 844 tam
3528 790 3786 855 immane,

2203 892 2312 940 tam
2342 884 2718 941 inaestimabile
2762 891 3154 957 perpetrarunt,
3194 892 3251 938 ut
3274 883 3523 938 virtutem
3551 882 3688 938 bene
3712 882 3791 936 vi-

2200 978 2358 1035 vendi
2412 980 2796 1044 interimerent,
2830 977 2991 1059 liberi]
3020 977 3225 1032 arbitrii
3264 977 3441 1032 lumen
3484 976 3791 1045 exstingue-

2200 1077 2340 1135 rent,
2368 1069 2605 1125 Iacerent
2631 1069 2682 1123 in
2712 1068 2971 1139 reliquum
2994 1065 3247 1137 peccandi
3276 1064 3683 1130 necessitatem;
3714 1080 3785 1120 ne

2199 1162 2287 1216 cui
2312 1170 2455 1216 esset
2478 1160 2729 1231 possibile
2756 1159 2823 1214 de
2842 1174 3025 1214 eorum
3052 1159 3217 1227 stirpe
3241 1157 3501 1221 nascenti,
3535 1157 3588 1210 in
3618 1155 3787 1209 virtu~

2200 1258 2312 1305 tum
2335 1251 2528 1307 decora
2558 1251 2762 1318 conari,
2794 1258 2847 1307 et
2864 1248 3144 1306 declinatis
3172 1247 3314 1303 vitiis
3338 1255 3641 1318 compotem
3666 1246 3782 1303 ﬁeri

2199 1342 2516 1399 sanctitatis.

2272 1438 2406 1493 Auc.
2445 1434 2659 1491 Videris
2688 1432 2802 1500 tibi,
2832 1432 2920 1490 vel
2946 1432 3106 1489 etiam
3132 1430 3471 1488 consortibus
3491 1430 3597 1485 tuis
3623 1428 3779 1485 Pela-

2197 1525 2368 1597 gianis
2390 1524 2589 1596 aliquid
2619 1524 2800 1580 dicere
2818 1565 2835 1591 ,
2869 1538 2991 1578 cum
3021 1522 3204 1578 relicta
3233 1520 3553 1576 auctoritate
3575 1518 3779 1586 divina,

2199 1616 2427 1671 humana
2458 1614 2691 1670 vanitate
2713 1613 2969 1684 jactaris,
3001 1622 3056 1668 et
3079 1609 3628 1683 argumentationibus
3663 1624 3785 1664 cor-

2195 1705 2281 1761 dis
2309 1705 2382 1760 tui
2408 1714 2711 1760 sanctarum
2743 1702 3137 1774 Scripturarum
3163 1700 3370 1756 veritati
3401 1698 3701 1755 adversaris
3724 1707 3784 1754 et

2195 1797 2479 1867 obstrepis.
2524 1795 2655 1851 Nam
2698 1796 2879 1865 utique
2908 1795 2951 1849 si
2991 1794 3283 1849 christiano
3325 1801 3485 1862 atque
3517 1791 3784 1846 cathohco

2195 1890 2375 1945 animo
2399 1888 2703 1944 attenderes
2730 1886 2870 1958 quod
2896 1886 2971 1940 ait
2996 1884 3282 1955 Apostolus
3304 1924 3319 1948 ,
3358 1882 3555 1953 Corpus
3578 1882 3782 1951 quidem

2195 1992 2449 2036 mortuum
2474 1989 2548 2033 est
2590 1987 2796 2051 propter
2825 1987 3119 2048 peccatum;
3164 1975 3403 2045 profecto
3449 1973 3779 2044 intelligeres

2197 2081 2302 2127 tam
2327 2070 2600 2142 granditer
2625 2083 2875 2140 peccasse
2902 2068 3130 2138 primum
3152 2066 3445 2132 hominem,
3477 2074 3534 2119 ut
3561 2080 3626 2119 eo
3655 2078 3780 2133 pec-

2193 2174 2332 2229 aito,
2365 2179 2470 2219 non
2514 2162 2671 2218 unius
2698 2160 2949 2227 hominis,
2980 2158 3077 2215 sed
3115 2158 3280 2213 totius
3307 2157 3522 2228 generis
3562 2154 3783 2211 humani

2195 2267 2396 2314 mutata
2436 2266 2622 2312 natura
2667 2270 2733 2310 ex
2774 2252 3125 2324 possibilitate
3164 2248 3577 2306 immortalitatis
3605 2246 3660 2302 in
3686 2262 3784 2302 ne-

2194 2351 2496 2408 cessitatem
2523 2348 2707 2404 mortis
2740 2347 2885 2417 lapsa
2916 2344 3179 2401 corruerit
3204 2360 3219 2398 :
3271 2343 3340 2398 ita
3370 2352 3427 2397 ut
3454 2341 3615 2397 etiam
3647 2342 3664 2373 ⁸
3690 2340 3783 2412 qui

2193 2447 2581 2496 convertuntur
2607 2436 2673 2492 ad
2699 2436 2891 2502 Deum,
2941 2449 3036 2504 per
3080 2448 3243 2487 unum
3286 2431 3377 2486 Dei
3422 2439 3476 2486 et
3506 2430 3782 2485 hominum

2194 2528 2543 2586 mediatorem
2573 2527 2842 2582 hominem
2859 2524 3127 2581 Christum
3157 2522 3364 2586 Iesum,
3394 2537 3499 2577 non
3529 2520 3785 2575 continuo

2194 2621 2647 2677 immortalitatem
2692 2618 2939 2687 corporis
2986 2623 3230 2682 sumant;
3260 2614 3354 2670 sed
3380 2614 3459 2670 eis
3489 2629 3584 2685 per
3611 2613 3783 2683 Spiri-

2194 2718 2308 2766 tum
2340 2709 2453 2775 Dei,
2496 2723 2604 2780 quo
2629 2722 2768 2764 nunc
2805 2707 3192 2773 inhabitantur,
3214 2705 3388 2761 danda
3417 2714 3600 2775 postea
3643 2719 3785 2758 nunc

2194 2803 2552 2873 promittatur.
2583 2799 2736 2868 Quod
2768 2799 2909 2856 idem
2932 2798 3210 2869 apostolus
3237 2796 3428 2853 eodem
3455 2796 3575 2851 loco
3597 2796 3675 2850 sic
3697 2810 3786 2850 ex-

2194 2893 2355 2965 plicat
2378 2910 2393 2947 :
2427 2892 2489 2948 Si
2516 2893 2646 2963 quis,
2676 2890 2865 2961 inquit,
2891 2889 3144 2960 Spiritum
3169 2888 3357 2943 Christi
3384 2903 3484 2941 non
3506 2887 3670 2949 habet,
3701 2886 3785 2939 hic

2193 3003 2295 3041 non
2322 2997 2393 3041 est
2418 2986 2547 3057 ejus.
2594 2982 2656 3039 Si
2695 2992 2864 3037 autem
2907 2981 3140 3037 Christus
3176 2980 3232 3034 in
3274 2979 3413 3034 vobis
3451 2988 3545 3043 est,
3596 2993 3785 3047 corpus

2192 3078 2394 3147 quidem
2432 3084 2687 3130 mortuum
2724 3083 2795 3127 est
2823 3081 3031 3143 propter
3060 3080 3345 3143 peccatum,
3374 3069 3581 3139 spiritus
3615 3077 3785 3121 autem

2193 3169 2294 3224 vita
2309 3179 2382 3223 est
2402 3176 2605 3238 propter
2610 3166 2886 3238 justitiam.
2912 3165 2971 3220 Si
2991 3181 3111 3235 ergo
3131 3163 3357 3235 Spiritus
3382 3163 3493 3233 ejus
3520 3161 3606 3233 qui
3624 3162 3786 3215 susci-

2194 3261 2315 3316 tavit
2348 3260 2525 3318 Iesum
2547 3276 2611 3314 ea:
2635 3258 2845 3313 mortuis
2864 3298 2879 3323 ,
2910 3256 3103 3311 habitat
3132 3256 3186 3309 in
3215 3255 3389 3318 vobis;
3415 3254 3501 3323 qui
3520 3253 3783 3307 suscitavit

2198 3351 2378 3407 Iesum
2413 3349 2671 3406 Christum
2704 3366 2737 3402 o
2772 3347 3005 3413 mortuis,
3037 3343 3305 3415 viviﬁcabit
3342 3354 3389 3399 et
3414 3343 3651 3398 mortalia
3674 3360 3803 3396 cor-.

2195 3459 2322 3514 pora
2366 3450 2529 3496 uestra
2571 3456 2661 3511 per
2704 3438 3066 3493 inhabitantem
3106 3434 3359 3505 Spiritum
3395 3434 3508 3504 eius
3553 3434 3606 3487 in
3650 3432 3788 3487 vobis

2196 3532 2374 3604 (Rom.
2401 3546 2516 3597 vtn,
2547 3526 2721 3603 9—H).
2748 3529 2961 3599 Corpus
2984 3541 3114 3599 ergo
3152 3536 3421 3581 mortuum
3458 3534 3541 3580 est
3568 3532 3788 3594 propter

2196 3632 2503 3692 peccatum;
2530 3620 2780 3691 quoniam
2818 3616 3190 3673 necessitatem
3218 3615 3407 3670 mortis
3433 3614 3593 3668 etiam
3624 3615 3678 3667 in
3706 3613 3787 3667 vi-

2195 3712 2443 3768 ventibus
2469 3711 2649 3765 habet.
2676 3708 2827 3778 Quod
2857 3717 3036 3763 autem
3064 3714 3363 3776 peccatum,
3385 3705 3486 3759 nisi
3507 3703 3663 3774 primi
3695 3704 3789 3756 ho-

2196 3804 2395 3860 minis?
2418 3801 2857 3873 Quandoquidem
2881 3816 2975 3871 per
2995 3800 3256 3869 justitiam
3281 3797 3501 3854 secundi
3528 3796 3783 3862 hominis,

2198 3896 2252 3952 id
2302 3906 2387 3951 est
2428 3894 2651 3959 Christi,
2690 3892 2865 3947 eidem
2907 3891 3120 3961 corpori
3152 3889 3295 3960 quod
3338 3904 3479 3943 nunc
3517 3897 3785 3942 mortuum

2196 3987 2414 4052 dicitur,
2439 3984 2720 4040 viviﬁcatio
2751 3985 2902 4038 beata
2934 3992 3157 4039 ventura
3183 3989 3287 4036 est.
3334 3978 3487 4037 Unde
3511 3990 3566 4033 et
3590 3994 3787 4034 secun-

2197 4079 2298 4135 dus
2322 4078 2485 4134 homo
2509 4086 2564 4132 et
2588 4076 2852 4132 secundus
2872 4075 3042 4131 Adam
3065 4074 3239 4130 dictus
3260 4082 3343 4129 est
3362 4072 3605 4127 Christus
3630 4086 3785 4126 :cum

2199 4172 2338 4228 inter
2370 4171 2539 4227 Adam
2580 4169 2850 4225 hominem
2879 4168 3098 4234 factum,
3134 4178 3189 4222 et
3219 4166 3487 4222 Christum
3517 4165 3785 4221 hominem

2200 4274 2405 4331 natum,
2437 4273 2514 4319 tot
2548 4262 2922 4334 generationes
2971 4260 3247 4316 hominum
3286 4259 3563 4314 transiisse
3602 4256 3789 4313 videa-

2201 4370 2320 4412 mus
2348 4396 2364 4423 ,
2412 4370 2513 4411 nec
2562 4355 2616 4409 in
2668 4368 2855 4409 earum
2899 4352 3090 4409 ordine
3147 4351 3314 4423 possit
3368 4350 3471 4405 diei
3522 4349 3791 4405 secundus

2202 4448 2384 4513 homo,
2423 4447 2525 4502 nisi
2563 4445 2731 4501 Cain:
2760 4444 2854 4499 sed
2883 4444 3004 4515 quia
3036 4443 3207 4514 prima
3237 4451 3321 4497 est
3348 4456 3497 4496 mors
3521 4439 3783 4508 corporis,

2200 4557 2321 4613 quae
2351 4540 2485 4596 facta
2510 4548 2595 4595 est
2618 4546 2838 4609 propter
2858 4546 3136 4607 peceatum
3164 4534 3315 4599 Adae,
3343 4533 3396 4588 in
3427 4547 3531 4604 qua
3552 4531 3791 4587 decurrit

2203 4633 2306 4689 hoc
2343 4632 2632 4696 saeculum;
2678 4629 2911 4685 secunda
2954 4629 3059 4682 vita
3105 4635 3189 4681 est
3224 4626 3488 4695 corporis,
3533 4641 3654 4696 qua:
3698 4624 3794 4679 lict

2194 4720 2421 4796 prepter
2442 4724 2701 4794 justitiam
2740 4720 2961 4785 Christi,
2987 4728 3043 4776 et
3086 4719 3227 4775 facta
3270 4728 3355 4775 est
3394 4719 3447 4773 in
3478 4733 3641 4773 carne
3678 4717 3790 4787 jam

2202 4818 2442 4883 Christi,
2478 4817 2529 4872 in
2561 4831 2664 4887 qua
2693 4816 2799 4870 vita
2847 4814 3084 4869 futurum
3130 4813 3384 4868 saeculum
3423 4810 3793 4881 permanebit;

2204 4909 2326 4966 ideo
2355 4909 2442 4964 ille
2470 4908 2669 4978 primus
2697 4907 2781 4963 vel
2811 4904 2980 4960 Adam
3010 4905 3091 4959 vel
3125 4904 3285 4958 homo
3306 4945 3321 4966 ,
3358 4903 3457 4958 iste
3484 4914 3661 4956 autem
3704 4916 3795 4955 se-

2204 4998 2409 5056 cundus
2436 5008 2519 5055 est
2544 4999 2736 5054 dictus.
2774 4997 2843 5052 Et
2872 5012 2977 5052 non
3010 4997 3090 5051 vis
3119 4996 3415 5067 intelligere
3452 5004 3558 5049 tam
3587 4992 3794 5065 grande

2206 5092 2351 5147 illius
2374 5089 2540 5147 fuisse
2565 5100 2866 5161 peccatum,
2910 5097 2966 5143 ut
2992 5087 3295 5142 mortalium
3326 5085 3605 5151 saeculum,
3636 5082 3797 5154 hujus

2207 5199 2337 5240 vero
2376 5192 2482 5238 tam
2510 5181 2767 5252 grandem
2791 5180 3083 5251 justitiam.
3121 5187 3178 5234 nt
3205 5178 3585 5233 immortalium
3627 5193 3799 5232 δωρη-

2207 5276 2318 5331 lum
2345 5273 2698 5346 propagaret?
2724 5273 2790 5329 Et
2819 5271 2947 5327 mihi
2975 5270 3166 5341 objiris
3196 5270 3396 5339 peccati
3429 5269 3587 5339 primi
3619 5268 3804 5323 homi-

2208 5366 2293 5421 nis
2325 5364 2700 5436 granditatem,
2742 5378 2862 5433 quae
2905 5363 3035 5417 tanti
3077 5361 3200 5415 mali
3247 5360 3523 5415 hominum
3551 5361 3793 5435 omnium

2209 5432 2415 5512 exstitit
2439 5469 2597 5509 causa
2621 5495 2635 5519 ,
2666 5432 2815 5524 quasi
2858 5452 2961 5507 hoc
2989 5467 3089 5523 ego
3114 5452 3261 5507 solus
3291 5451 3373 5505 vel
3412 5450 3617 5520 primus
3640 5432 3801 5505 dixe-

2212 5546 2352 5602 rim?
2373 5546 2507 5600 Audi
2529 5545 2786 5600 Joannem
2813 5543 3457 5613 Constantinopolitanum
3480 5539 3803 5596 excellentis

2213 5699 2618 5812 “aurigoierius,
2642 5695 2711 5749 ita
2742 5701 2792 5747 ut
2835 5707 2957 5746 eam.
2984 5701 3074 5744 Nos
3117 5706 3179 5743 ex
3227 5699 3308 5741 Ns.
3333 5698 3598 5754 Portarum,
3632 5689 3704 5740 ita
3749 5700 3807 5743 ut
