4150 6468
318 297 460 363 1313

313 419 505 493 gloria!
530 414 901 475 sacerdotem:
939 433 957 469 t
988 414 1262 483 Peccavit,
1303 433 1322 469 ι
1353 414 1541 487 inquit,
1576 431 1594 466 ι
1632 414 1802 470 Adam
1837 414 1904 471 il-

316 510 405 566 lud
450 508 654 581 grande
700 518 997 580 peceatum,
1038 518 1096 564 et
1129 523 1289 565 omne
1330 521 1499 579 genus
1545 504 1823 561 hominum
1853 503 1909 560 in

308 615 600 658 commune
642 598 917 655 damnavit
950 617 970 653 ι
1015 584 1207 674 (Epist.
1236 590 1305 653 ad
1335 587 1740 669 Olympiadem).
1769 593 1909 653 Audi

308 692 479 749 etiam
515 692 569 748 in
597 687 784 748 Lazari
824 692 1233 765 resuscitatione
1259 681 1384 763 quid
1409 690 1590 757 dicat,
1622 698 1683 747 ut
1709 688 1909 745 intelli-

310 790 411 860 gas
434 786 594 840 etiam
616 784 862 856 corporis
889 793 1116 842 mortem
1138 785 1204 842 de
1231 785 1321 841 illo
1345 782 1532 856 grandi
1559 782 1771 839 venisse
1786 796 1912 854 pec-

318 886 439 934 cato
481 894 497 933 :
540 895 561 931 ι
596 868 820 947 Flebat,
856 896 877 932 ι
915 877 1125 950 inquit,
1163 896 1182 932 ι
1218 877 1486 941 Christus.
1526 876 1670 949 quod
1698 891 1794 935 eos
1819 876 1910 947 qui

320 967 652 1025 immortales
692 984 814 1025 esse
851 978 1161 1040 potuerunt,
1193 969 1439 1025 diabolus
1465 968 1593 1024 fecit
1617 982 1739 1026 esse
1765 983 1911 1023 mor-

320 1058 456 1114 tales
506 1078 526 1112 ι
561 1050 785 1131 (flandi.
815 1052 881 1116 de
909 1060 1105 1115 Lazaro
1132 1058 1467 1132 resuscilalo).
1512 1059 1648 1126 libi,
1688 1060 1912 1115 obsecro

320 1159 395 1216 te,
424 1142 668 1206 diabolus
692 1166 884 1207 omnes
925 1152 1168 1207 homines
1205 1151 1329 1207 fecit
1354 1165 1476 1208 esse
1500 1152 1778 1229 mortales,
1810 1150 1911 1206 nisi

321 1243 372 1297 in
406 1234 504 1297 illo
528 1238 614 1298 cui
658 1244 1111 1313 prmvaricationis
1135 1244 1327 1299 inflixit
1356 1254 1462 1299 tam
1498 1244 1701 1316 grande
1726 1258 1917 1315 pceca-
1946 1252 1949 1254 '

322 1347 457 1397 tum,
483 1346 592 1407 quo
619 1353 682 1393 ex
718 1338 943 1407 paradisi
966 1337 1292 1393 beatitudine
1317 1337 1368 1392 in
1392 1345 1591 1392 tantam
1618 1336 1910 1402 miseriam,

320 1443 482 1497 quam
529 1422 772 1484 videmus
811 1438 972 1500 atque
1016 1430 1297 1494 sentimus,
1346 1442 1518 1500 genus
1564 1427 1915 1498 proiiceretnr

323 1516 670 1575 humanum?
731 1519 887 1587 Quod
950 1535 1057 1575 non
1126 1520 1240 1575 sola
1294 1533 1442 1575 mors
1486 1517 1768 1588 corporis,
1820 1517 1912 1573 sed

325 1608 493 1679 ipsius
537 1625 747 1682 quoque
789 1611 1017 1678 animm,
1065 1626 1223 1681 quam
1275 1610 1621 1682 corruptibile
1665 1618 1914 1681 aggravet

323 1709 521 1771 corpus
548 1739 569 1767 ,
632 1699 771 1755 mala
820 1709 906 1758 tot
956 1709 1011 1757 et
1068 1709 1211 1757 tanta
1280 1708 1581 1767 testantur,
1647 1710 1703 1756 et
1752 1714 1917 1770 grave

320 1791 510 1864 iugum
547 1807 713 1863 super
749 1784 887 1848 ﬁlios
912 1791 1082 1848 Adam
1108 1808 1140 1847 a
1174 1791 1263 1849 die
1291 1792 1464 1848 exitus
1497 1791 1565 1847 de
1590 1800 1776 1848 ventre
1803 1806 1915 1846 ma-

326 1887 423 1942 tris
446 1898 631 1942 eorum
663 1905 677 1941 :
718 1879 818 1941 sub
852 1901 958 1957 quo
983 1885 1112 1957 iugo
1134 1894 1220 1941 est
1246 1886 1410 1941 etiam
1438 1883 1580 1955 quod
1610 1885 1662 1939 in
1705 1885 1917 1945 Psath

326 1978 549 2049 legitur,
595 1977 841 2034 Universa
891 1977 1087 2033 vanitas
1136 1978 1299 2032 cumis
1339 1978 1489 2032 homo
1532 1976 1699 2031 vivens
1738 1976 1914 2047 (Paul.

328 2087 547 2138 xxxviii,
590 2069 666 2144 6).
701 2068 831 2137 Qua:
872 2077 929 2125 tu
972 2071 1113 2124 mala
1137 2069 1327 2125 nolens
1366 2068 1601 2124 tribuere
1628 2067 1704 2123 illi
1729 2066 1915 2137 grandi

334 2170 548 2233 peccato
577 2163 733 2234 primi
775 2161 1028 2226 hominis,
1069 2160 1195 2232 quid
1223 2161 1358 2233 agis,
1386 2160 1486 2215 nisi
1518 2169 1685 2225 utea,
1718 2167 1775 2214 tu
1801 2160 1917 2229 qui-

327 2256 450 2310 dem
497 2255 745 2324 paradiso
786 2255 927 2310 illius
954 2262 1063 2309 tam
1094 2269 1301 2324 magna:
1327 2252 1596 2307 felicitatis
1637 2251 1915 2322 importes,

331 2358 578 2418 tauquam
608 2356 663 2403 et
705 2347 813 2402 illic
852 2347 1025 2401 futura
1064 2355 1265 2412 essent,
1311 2344 1356 2400 si
1397 2359 1556 2400 nemo
1605 2353 1915 2413 peccasset;

330 2441 602 2497 Manichzei
636 2457 763 2497 vero
789 2456 852 2496 ea
880 2440 1114 2496 tribuant
1137 2440 1284 2511 genti
1316 2438 1655 2495 tenebrarum
1683 2479 1698 2502 ,
1726 2453 1835 2493 non
1867 2446 1923 2494 te

327 2542 613 2589 accusante
653 2531 883 2598 confusi,
912 2531 1006 2588 sed
1047 2531 1332 2603 adiuvante
1376 2528 1585 2594 confisi,
1616 2529 1718 2585 nisi
1744 2537 1921 2585 tecum

326 2625 460 2680 ﬁant
501 2633 751 2695 tanquam
798 2625 1147 2681 invictissime
1183 2622 1364 2695 gladio
1404 2623 1667 2679 catholica
1696 2620 1923 2677 veritate

326 2715 603 2771 confossi?
650 2715 765 2773 Non
806 2724 1009 2781 autem,
1042 2723 1100 2770 ut
1139 2714 1438 2781 insimulas,
1469 2711 1717 2778 dicimus,
1765 2731 1783 2764 ι
1816 2710 1921 2769 Nee

328 2807 458 2861 mini
501 2805 569 2861 de
620 2806 919 2876 primorum
968 2804 1242 2860 hominum
1287 2804 1458 2874 stirpe
1506 2802 1749 2858 nascenti
1800 2815 1924 2859 esse

329 2894 583 2968 possibile
647 2897 701 2951 in
751 2897 1009 2951 virtutum
1073 2896 1268 2949 decora
1318 2895 1523 2950 conari.
1571 2911 1591 2946 ι
1645 2893 1924 2949 Conantur

326 2989 471 3044 enim
493 2987 668 3052 multi,
693 2987 745 3043 in
768 2987 963 3058 quibus
985 2988 1123 3041 Deus
1141 2998 1396 3054 operatur
1415 2993 1471 3039 et
1493 2984 1632 3040 velle
1658 2982 1921 3057 (Philipp.

329 3097 388 3148 ιι,
427 3079 514 3151 l5)
555 3097 569 3134 :
612 3093 712 3134 nec
740 3078 857 3134 sine
887 3076 1058 3133 fructu
1089 3077 1447 3147 perventiouis
1483 3076 1601 3146 ipso
1638 3074 1926 3145 adiuvante

325 3180 610 3228 conantur.
659 3168 766 3227 Sed
807 3170 853 3225 si
896 3170 1132 3224 animam
1177 3181 1376 3238 corpus
1422 3153 1768 3237 etirruptibile
1812 3181 1922 3225 non

324 3271 605 3333 gravaretr
623 3277 729 3318 non
755 3262 937 3332 utique
966 3268 1308 3317 conarentur.
1337 3260 1415 3314 Ac
1439 3273 1535 3328 per
1557 3257 1661 3314 hoc
1687 3257 1742 3313 in
1770 3272 1924 3330 para-

324 3355 448 3410 diso
476 3354 548 3425 (si
578 3369 739 3411 uerno
764 3361 1069 3425 peccasset,
1119 3359 1175 3407 et
1211 3366 1376 3422 super
1401 3351 1540 3405 filios
1567 3347 1738 3405 Adam
1762 3361 1925 3420 grave

323 3447 513 3519 iugum
545 3462 650 3502 non
676 3445 848 3517 esset)
870 3446 986 3502 sine
1011 3451 1211 3501 conatu
1235 3443 1349 3499 Deo
1373 3456 1471 3499 suo
1492 3441 1649 3525 facile
1678 3450 1735 3497 et
1755 3440 1924 3498 felici-

327 3548 413 3596 ter
435 3539 740 3596 obedirent.
1414 3588 1417 3591 ,

402 3632 539 3687 Vill.
584 3631 704 3688 ιω..
754 3630 972 3686 illorum
1016 3644 1147 3700 ergo
1184 3627 1482 3699 primorum
1524 3624 1822 3691 hominum,
1868 3624 1925 3693 id

328 3733 436 3791 est,
460 3730 668 3779 tantum
690 3721 944 3789 duorum,
973 3719 1228 3792 opitulari
1249 3719 1349 3776 sibi
1374 3717 1584 3775 laudem
1611 3717 1921 3782 arbitratur,

327 3815 398 3871 ad
428 3814 831 3870 distinctionem
862 3813 1000 3868 inter
1024 3810 1346 3869 Matiicbmos
1369 3819 1425 3866 et
1453 3808 1816 3865 Traducianos
1842 3815 1924 3863 te-

329 3908 562 3963 nendam
610 3924 624 3962 :
675 3922 779 3977 qua
821 3906 1076 3975 opinione
1122 3903 1263 3959 haud
1307 3902 1465 3959 facile
1501 3902 1791 3973 quidquam
1841 3900 1924 3956 vel

327 4001 654 4056 eminentius
686 4001 725 4066 ‘,
772 3998 855 4054 vel
888 3996 1249 4069 impudentius
1282 3994 1479 4051 offendi
1512 4003 1705 4065 potest.
1741 3992 1927 4047 Liber-.-

330 4102 434 4157 tas,
481 4091 672 4162 inquit,
716 4088 949 4154 arbitrii,
998 4096 1278 4158 postquam
1321 4101 1380 4141 se
1428 4086 1503 4140 uti
1556 4084 1739 4154 carpit,
1784 4083 1926 4139 vires

330 4196 456 4235 suas
502 4180 753 4250 perdidit.
804 4179 872 4234 Et
921 4188 976 4234 ut
1019 4176 1265 4234 conversi
1306 4175 1374 4232 ad
1416 4191 1562 4241 eum,
1593 4173 1920 4246 pedetentim

330 4272 511 4327 omnia
544 4279 981 4342 perscrnlemur:
1014 4268 1289 4327 confiteris
1320 4283 1516 4339 nempe
1551 4268 1781 4339 primum
1823 4265 1919 4321 lto-

332 4364 531 4419 miuem
561 4362 810 4418 effectum
832 4377 953 4418 esse
976 4360 1197 4417 arbitrio
1217 4360 1407 4425 libero,
1437 4359 1743 4428 bonumque
1760 4371 1791 4413 a
1814 4357 1928 4413 Deo

331 4455 627 4521 conditum,
668 4454 808 4508 nulla
849 4454 917 4509 ab
953 4452 1176 4508 exordio
1222 4451 1422 4520 peccati
1462 4450 1584 4507 tabe
1627 4449 1920 4518 pollutum;

334 4543 431 4601 sed
464 4543 786 4600 conditionis
824 4543 1069 4597 innocuae
1094 4550 1285 4609 sponte
1313 4541 1570 4610 deinceps
1601 4538 1921 4609 przevariea-

337 4623 479 4701 tum,
504 4634 836 4690 coaetionem
880 4632 1238 4688 inevitabilem
1266 4630 1475 4685 cunctis
1502 4644 1571 4684 ex
1598 4644 1658 4683 se
1684 4628 1926 4687 oriundis

337 4726 579 4784 intulisse
629 4722 904 4795 ρουεςιιιάί.
952 4721 1063 4777 lloc
1108 4729 1257 4776 certe
1307 4728 1393 4777 est
1433 4719 1622 4789 dogma
1667 4727 1925 4799 vestrum,

335 4820 477 4893 quod
523 4834 622 4874 nos
662 4816 732 4873 de
776 4814 1052 4871 Mauicluei
1093 4829 1251 4868 emno
1281 4821 1540 4868 testamur
1585 4825 1922 4879 explessum,

336 4913 424 4983 qui
451 4920 507 4967 et
529 4910 694 4981 ipsius
717 4910 846 4963 Adae
871 4916 1135 4967 naturam.
1169 4904 1294 4960 licet
1318 4903 1386 4958 de
1408 4903 1592 4973 prima:
1619 4910 1925 4956 concretam

338 5005 472 5058 flore
498 5000 830 5065 substantiat,
858 4998 1026 5053 multo
1052 4996 1327 5052 meliorem
1354 4991 1575 5059 secutis,
1604 4999 1784 5046 tamen
1808 5004 1925 5046 ma-

339 5097 443 5150 fun
475 5093 786 5150 naturaliter
812 5092 1078 5162 Opinatur.

410 5184 545 5241 Atio.
586 5184 840 5253 Superius
881 5199 1000 5253 qua:
1042 5182 1182 5236 dicta
1226 5188 1370 5242 sunt,
1401 5178 1532 5233 satis
1570 5176 1823 5242 iudicant,
1873 5184 1930 5231 et

332 5277 659 5336 cttbolicum
708 5274 901 5345 dogma
949 5282 1190 5329 nostrum
1211 5313 1227 5340 ,
1277 5279 1334 5327 et
1376 5270 1568 5341 degiua
1619 5267 1926 5324 haereticum

336 5379 598 5435 vestrum.
642 5367 712 5423 de
758 5366 942 5437 primis
989 5364 1293 5420 hominibus
1336 5372 1391 5420 et
1433 5364 1661 5432 posteris
1696 5375 1926 5427 eorum;

346 5460 451 5514 illis
474 5460 633 5515 rectis
661 5473 692 5512 a
734 5457 845 5512 Deo
871 5455 1120 5521 conditis,
1169 5454 1285 5509 istis
1321 5461 1524 5518 autem,
1553 5452 1796 5524 quamvis
1836 5466 1928 5508 eo-

348 5550 468 5605 dem
495 5550 773 5606 conditore
798 5590 813 5614 ,
846 5558 1024 5602 tamen
1052 5548 1120 5603 de
1146 5555 1333 5601 natura
1361 5555 1579 5616 peccato
1603 5544 1781 5599 vitiata
1805 5558 1926 5601 cum

345 5642 547 5711 [sectati
576 5639 789 5695 vinculo
833 5639 1051 5702 exortis,
1083 5648 1237 5706 atque
1278 5651 1307 5690 a
1337 5635 1508 5691 salute
1540 5635 1591 5690 in
1631 5650 1732 5706 qua
1762 5634 1929 5694 homo

533 5744 785 5803 Parnm.
844 5745 896 5806 Χ
913 5746 1031 5808 LV.

1712 297 1917 357 LIBER
1954 296 2244 359 SEXTUS.

3453 303 3591 362 l5”

2014 414 2261 487 primitus
2283 413 2457 472 factus
2483 424 2567 473 est
2592 417 2646 472 in
2669 418 3001 490 contagionis
3027 417 3339 492 languorem
3368 431 3423 480 et
3453 438 3598 480 mer-

2015 506 2083 563 tis
2103 507 2477 584 necessitatem
2501 508 2724 581 originis
2748 510 3054 567 conditione
3078 510 3324 584 deiectis.
3377 514 3604 586 Propter

2014 597 2155 670 quod
2180 599 2260 655 eis
2284 613 2388 671 ope
2412 615 2547 672 opus
2574 611 2661 669 est
2683 601 2997 672 Salvatoris,
3026 603 3116 676 qui
3148 605 3379 675 primum
3421 606 3599 667 salvos

2015 691 2143 748 facit
2172 692 2189 725 ¹
2226 693 2544 750 remissione
2579 694 2816 752 omnium
2856 706 3225 767 peccatorum;
3276 708 3397 769 post
3440 701 3600 757 etiam

2016 784 2254 857 omnium
2286 784 2565 842 sanatione
2586 784 2898 858 languor-um
2928 786 3100 860 (Psal.
3129 803 3223 851 cn,
3253 788 3334 859 5).
3364 788 3483 845 iam
3512 791 3608 847 bs-

2017 875 2227 945 ptizatis
2255 876 2422 944 enim,
2455 886 2510 934 et
2537 877 2615 934 eis
2641 878 2733 949 qui
2753 878 2864 949 iam
2895 878 3152 951 Spiritum
3179 889 3422 937 sanctum
3448 897 3607 938 acce-

2018 977 2205 1037 perant
2249 967 2461 1024 dicebat
2493 969 2780 1041 Apostolus
2802 1011 2819 1039 ,
2856 969 2990 1027 Caro
3026 972 3339 1043 concupiscit
3367 974 3605 1029 adversm

2015 1060 2272 1132 spiritum,
2298 1063 2506 1132 spiritus
2528 1073 2694 1118 suum
2715 1063 2958 1131 adversus
2973 1080 3174 1119 carnem
3201 1083 3222 1121 :
3247 1066 3357 1121 lucc
3373 1067 3507 1122 enim
3527 1068 3607 1122 iu-

2019 1154 2171 1208 ricem
2200 1153 2564 1220 adversantur;
2603 1165 2658 1209 ut
2683 1172 2784 1211 non
2807 1172 2868 1211 ea
2890 1172 3004 1227 quae
3025 1158 3175 1213 vultis
3197 1199 3213 1225 ,
3244 1158 3443 1229 faciatis
3478 1158 3604 1231 (Ga-

2018 1246 2112 1303 Iat.
2146 1263 2201 1313 v,
2238 1245 2348 1318 l7).
2376 1238 2478 1304 Ubi
2510 1258 2561 1303 tu
2586 1249 2674 1319 qui
2705 1264 2868 1320 negas
2898 1248 3123 1305 liberum
3156 1251 3434 1307 arbitrium
3462 1251 3605 1306 vires

2018 1352 2143 1393 snas
2180 1338 2475 1408 perdidisse
2507 1339 2803 1410 peccando,
2855 1340 2906 1396 id
2955 1348 3059 1408 est,
3108 1341 3246 1396 male
3274 1357 3333 1397 se
3372 1341 3603 1419 utpndo;

2017 1428 2145 1498 quid
2172 1428 2542 1500 respondebis,
2566 1430 2788 1487 audiens
2811 1431 2951 1503 quod
2972 1447 3134 1489 carne
3153 1434 3564 1503 concupiscente
3586 1436 3604 1466 '

2018 1518 2274 1575 adversus
2299 1520 2564 1591 spiritum,
2596 1538 2702 1576 non
2732 1536 2795 1577 ea
2820 1538 2941 1594 quae
2968 1524 3152 1580 volunt
3182 1524 3381 1582 faciant
3406 1536 3464 1583 et
3486 1526 3608 1582 fide-

2022 1611 2120 1676 les,
2152 1627 2256 1667 non
2282 1627 2345 1668 ea
2369 1604 2497 1684 qua?
2510 1614 2696 1670 volunt
2710 1615 2908 1671 faciant
2926 1616 3089 1672 etiam
3110 1617 3163 1673 hi
3185 1618 3379 1690 quibus
3405 1631 3531 1676 sunt
3555 1622 3607 1676 iu

2020 1702 2292 1776 Baptisms
2306 1703 2525 1759 dimissa
2550 1716 2761 1776 pecmta
2783 1722 2796 1772 ;
2822 1722 2927 1761 non
2951 1722 3013 1762 ea
3039 1724 3160 1777 qute
3181 1709 3370 1765 volunt
3390 1711 3609 1773 faciant.

1971 1857 1981 1867 ,
2020 1812 2156 1869 quos
2183 1796 2465 1868 Apostolus
2484 1814 2549 1855 ex
2572 1799 2753 1861 auditu
2776 1800 2895 1855 fidei
2923 1799 3044 1856 dia-it
3064 1802 3333 1872 accepisse
3354 1803 3607 1874 Spiritum

2021 1888 2262 1946 sanctum
2301 1889 2411 1962 (Id.
2435 1906 2514 1957 tu,
2547 1891 2600 1962 2)
2628 1910 2641 1947 :
2668 1901 2939 1961 postremo
2966 1908 3071 1948 non
3096 1909 3157 1949 ea
3179 1911 3297 1964 qua:
3322 1895 3510 1951 volunt
3531 1895 3610 1950 fa-

2021 1981 2168 2036 ciant
2197 1995 2292 2052 per
2331 1981 2552 2038 liberam
2582 1983 2932 2049 voluntatem,
2961 1998 3095 2054 quos
3127 1984 3202 2039 ait
3243 1984 3384 2040 idem
3422 1985 3611 2053 doctoq-

2021 2069 2294 2141 Gentium,
2328 2083 2546 2130 vocatos
2575 2075 2629 2130 in
2655 2075 2953 2131 libertatem
2981 2073 3093 2146 (Id.
3125 2092 3174 2143 ν,
3211 2074 3346 2149 l5)?
3378 2077 3601 2141 Deinde,

2024 2173 2129 2220 tam
2158 2164 2389 2229 disertus
2413 2164 2666 2221 defensor
2693 2167 2807 2234 ipse
2833 2165 3066 2221 libidinis
3092 2208 3105 2230 ,
3136 2167 3227 2237 qui
3260 2167 3406 2222 velut
3433 2176 3610 2239 patro-

2023 2271 2125 2319 nus
2150 2257 2392 2327 egregius
2418 2272 2515 2327 pro
2540 2267 2788 2327 suscepta
2820 2267 2903 2312 tua
2937 2265 3138 2312 tantum
3161 2258 3326 2313 audes
3348 2297 3365 2324 ,
3395 2270 3452 2313 ut
3475 2274 3608 2314 eon-

2025 2346 2338 2417 piscentiam
2366 2347 2562 2414 carnis,
2590 2362 2693 2417 qua
2715 2347 3042 2417 concupiscit
3061 2347 3317 2403 adversus
3341 2349 3611 2418 spiritum,

2024 2440 2185 2503 etiam
2214 2439 2266 2495 in
2298 2440 2545 2510 paradiso
2586 2455 2692 2495 non
2719 2438 2927 2496 dubiles
2959 2439 3118 2495 fuisse
3147 2452 3279 2496 ante
3301 2451 3614 2511 peccatum;

2026 2545 2133 2586 non
2153 2530 2307 2586 vides
2325 2530 2390 2584 ad
2408 2530 2510 2584 bne
2531 2539 2581 2585 te
2596 2530 2870 2601 compelli,
2890 2538 2947 2584 ut
2965 2529 3110 2586 dicas
3126 2544 3225 2586 nec
3245 2539 3371 2586 tunc
3386 2531 3547 2587 fuisse
3562 2532 3615 2587 in

2025 2623 2129 2685 illis
2159 2622 2344 2695 primis
2379 2621 2683 2678 hominibus
2711 2621 2981 2681 cllicacetn
3008 2623 3230 2679 liberam
3250 2623 3617 2678 voluntatem?

2024 2711 2082 2776 Si
2109 2712 2252 2768 enim
2269 2722 2323 2769 et
2344 2721 2472 2768 tunc
2495 2726 2622 2767 cate
2642 2711 3055 2782 concupiscebat
3072 2714 3328 2769 adversus
3348 2713 3614 2784 spiritum.

2027 2819 2135 2860 non
2149 2818 2212 2858 ea
2224 2819 2346 2875 qua:
2360 2803 2610 2859 volebant
2629 2802 2811 2873 utique
2831 2801 3118 2860 faciebant.
3135 2804 3240 2861 Sed
3260 2805 3510 2874 quoniam
3524 2819 3619 2874 per

2027 2893 2251 2951 liberum
2279 2894 2578 2961 arbitrium,
2605 2894 2747 2964 quod
2788 2901 2913 2950 tunc
2950 2894 3323 2966 integerrimas
3347 2895 3491 2951 vires
3516 2894 3614 2950 ita-

2027 2986 2162 3054 buit,
2186 3001 2248 3041 ea
2276 2985 2539 3041 faciebant
2566 2983 2751 3056 procul
2776 2983 2938 3049 dubio
2966 3000 3085 3055 qua:
3118 2984 3390 3047 volebant,
3423 2984 3475 3040 id
3510 2998 3615 3046 est.

2026 3075 2220 3135 divina:
2261 3076 2361 3147 legi
2406 3090 2510 3131 non
2541 3074 2713 3133 solum
2765 3075 2907 3129 nulla
2949 3074 3403 3145 impossibilitate.
3433 3090 3617 3129 verum

2027 3168 2187 3224 etiam
2216 3166 2358 3222 nulla
2383 3165 2702 3222 difficultate
2742 3164 3051 3221 serviebant
3094 3179 3107 3218 :
3151 3172 3237 3219 tua
3267 3165 3338 3220 ibi
3368 3173 3617 3234 suscepta

2030 3274 2136 3314 non
2162 3258 2279 3324 fuit,
2305 3272 2408 3329 qua
2433 3272 2558 3313 caro
2577 3256 2906 3327 concupiscit
2928 3257 3190 3312 adversus
3212 3255 3485 3326 spiritum;
3516 3271 3617 3327 per

2026 3364 2184 3423 quam
2215 3350 2275 3405 fit
2300 3358 2357 3405 ut
2383 3349 2627 3406 homines
2651 3349 2758 3420 iam
2790 3348 2951 3406 etiam
2980 3364 3075 3420 per
3098 3348 3256 3404 fidem
3283 3348 3527 3403 conversi
3546 3347 3616 3404 ad

2029 3442 2228 3512 Deum,
2252 3443 2364 3513 iam
2392 3441 2639 3513 baptizati
2658 3483 2674 3507 ,
2702 3440 3015 3496 sanctificati
3037 3481 3051 3503 .
3097 3439 3148 3495 in
3180 3438 3481 3495 libertatem
3511 3453 3612 3493 vo-

2026 3535 2131 3592 cati
2155 3576 2173 3604 ,
2201 3550 2308 3591 non
2340 3535 2536 3591 faciant
2561 3534 2613 3589 in
2640 3533 3022 3604 exstinguenda
3057 3532 3243 3589 vitiosa
3267 3532 3620 3588 delectatione

2027 3644 2147 3700 qua:
2174 3626 2399 3683 volunt.‘
2422 3624 2882 3696 Verissimumque
2924 3623 3052 3679 illud
3080 3634 3190 3689 est,
3219 3622 3362 3694 quod
3392 3638 3490 3694 per
3517 3639 3617 3683 aue

2030 3719 2248 3775 tistitem
2282 3716 2620 3774 Ambrosium
2650 3714 2780 3771 fides
2812 3714 3073 3771 catholica
3101 3714 3254 3779 dixit,
3301 3714 3403 3769 hoc
3432 3714 3619 3770 vitium

2028 3825 2133 3881 quo
2157 3824 2285 3866 caro
2314 3807 2643 3878 conettpiscit
2669 3806 2931 3863 adversus
2952 3806 3220 3876 spiritum,
3251 3818 3347 3875 per
3372 3806 3621 3875 praevari-

2028 3902 2293 3959 Cationent
2344 3899 2499 3969 primi
2550 3897 2781 3953 hominis
2835 3897 2888 3952 in
2929 3906 3164 3954 nostram
3204 3897 3429 3953 vertisse
3472 3905 3621 3953 natu.

2029 4010 2141 4049 ram
2168 3991 2309 4065 (Lib.
2351 3992 2383 4046 7
2417 3992 2468 4045 in
2508 3990 2636 4045 Luc.
2668 4006 2762 4056 xu,
2796 3991 2912 4061 5'5).
2944 3988 3061 4057 Quo
3104 3981 3544 4046 telo‘inevitabili
3570 3997 3627 4045 et
3692 4043 3695 4047 ,

2031 4084 2374 4157 insuperabili
2406 4083 2642 4140 veritatis
2667 4124 2683 4151 ,
2714 4090 2771 4137 et
2796 4081 3123 4138 Manichacus
3150 4082 3499 4137 obtruncatur
3523 4122 3541 4148 ,
3568 4090 3628 4138 et

2032 4186 2108 4233 tu.
2136 4177 2309 4233 Ambo
2333 4177 2528 4247 quippe
2558 4176 2610 4230 in
2636 4175 2736 4231 hac
2761 4192 2840 4242 re,
2871 4175 3049 4231 videto
3075 4174 3096 4207 ³
3119 4175 3242 4245 quis
3268 4187 3502 4230 vestrum
3532 4189 3621 4244 pe.

2028 4273 2116 4341 ius
2134 4312 2148 4336 ,
2179 4280 2357 4326 tamen
2382 4283 2602 4340 prorsus
2624 4268 2818 4325 erratis
2848 4286 2862 4324 :
2894 4276 2948 4323 tu
2990 4277 3274 4340 propterea
3298 4309 3312 4332 ,
3349 4268 3473 4337 quia
3498 4283 3626 4322 con-

2033 4361 2205 4419 tendis
2224 4360 2364 4432 quod
2385 4361 2485 4415 ista
2505 4359 2806 4432 pestilentia
2826 4359 3022 4414 malum
3039 4373 3146 4413 non
3167 4358 3238 4413 sit
3259 4374 3275 4423 ;
3310 4358 3621 4422 illqautem,

2031 4460 2154 4525 quia
2198 4453 2395 4509 malum
2422 4452 2636 4523 quidem
2671 4450 2929 4520 agnoscit.
2963 4449 3059 4507 sed
3094 4450 3236 4506 unde
3255 4451 3325 4505 sit
3351 4451 3543 4516 nescit,
3572 4459 3626 4503 et

2033 4546 2138 4601 fide
2184 4541 2446 4600 catholica
2504 4543 2791 4598 destitutus
2834 4541 3064 4597 fabulam
3118 4540 3519 4595 mendaciorum
3567 4548 3624 4593 et

2036 4634 2420 4705 turpitudinum
2467 4634 2719 4703 plenam,
2765 4632 2834 4687 de
2869 4631 3095 4686 duarum
3141 4638 3452 4685 naturarum
3498 4627 3634 4682 boni

2032 4729 2238 4784 scilicet
2282 4735 2337 4783 et
2386 4725 2513 4780 mali
2561 4723 2916 4794 permixtione
2961 4720 3254 4790 componit.
3301 4718 3453 4774 Nunc
3493 4734 3626 4786 ergo

2035 4828 2214 4874 nostra
2245 4816 2448 4887 iustitia
2477 4823 2582 4880 est,
2610 4822 2667 4868 ut
2686 4812 2960 4884 iustificati
2993 4826 3088 4882 per
3114 4809 3272 4865 fidem
3312 4823 3497 4879 pacem
3523 4809 3619 4864 lia-

2035 4910 2253 4963 iuramus
2289 4907 2358 4961 ad
2408 4906 2571 4961 Deum
2616 4904 2793 4975 (flatu.
2828 4918 2882 4970 ν,
2928 4903 3017 4973 l);
3061 4910 3246 4956 contra
3279 4914 3408 4955 vero
3444 4898 3595 4955 carni
3628 4921 3651 4948 ,ι

2033 4997 2520 5069 concupiscentiam
2584 5010 2680 5051 nos
2720 5002 3138 5066 Oppugnautem,
3177 5006 3274 5062 per
3317 4991 3485 5062 ipsius
3524 4991 3625 5049 De.

2034 5089 2286 5144 auxilium
2330 5092 2661 5158 repugnante
2690 5084 2712 5117 ⁸
2762 5084 2953 5154 spiritu
2999 5080 3336 5137 dimicemus.
3377 5080 3494 5137 Non
3537 5092 3623 5141 est

2033 5197 2162 5254 ergo
2186 5181 2346 5251 huius
2373 5181 2494 5235 vitae
2516 5177 2743 5248 iustitia,
2775 5176 2960 5230 vitium
2988 5188 3093 5229 non
3122 5171 3348 5238 habere;
3375 5172 3473 5227 sed
3497 5174 3625 5232 vitia

2035 5287 2142 5328 non
2189 5271 2270 5327 eis
2313 5266 2701 5325 consentiendo
2753 5264 3016 5329 minuere,
3068 5261 3254 5331 eisque
3300 5261 3623 5333 resistendo,

2038 5368 2394 5430 temperanter
2420 5366 2473 5413 et
2496 5357 2639 5427 iuste
2662 5351 2830 5425 et‘pie
2860 5353 3060 5409 vivere.
3092 5350 3309 5407 Nullum
3339 5360 3520 5406 autem
3544 5356 3628 5409 cui

2035 5453 2349 5510 resistamus
2376 5448 2574 5504 habere
2617 5446 2826 5513 vitium,
2871 5443 3185 5517 posterioris
3212 5449 3298 5498 est
3333 5440 3478 5507 vita),
3510 5459 3625 5514 qua

2100 5556 2675 5628 fucata-editafecit:

2098 5623 2121 5658 ί
2156 5623 2444 5686 vignierius,
2886 5626 2942 5671 At
2959 5623 3089 5676 In,
3110 5617 3493 5677 mmmam.

2101 5680 2122 5719 ³
2157 5688 2306 5734 vetus
2324 5682 2479 5734 codex
2498 5679 2640 5741 σιω-η
2662 5681 2844 5732 videre.
3522 5726 3525 5729 .

2100 5746 2121 5778 ⁸
2154 5750 2221 5797 tta
2242 5750 2346 5797 Mss.
2367 5743 2487 5796 Editi
2513 5751 2696 5804 autem,
2720 5746 3057 5807 rrpugunntes.
3467 5764 3505 5813 ρ

2834 5827 3119 5896 (Duaran
3128 5815 3424 5891 te—Ittttt.)
