4124 6514
615 331 752 394 (515

1283 336 1529 394 OPERIS
1569 337 1977 394 lMPEllFECTI
2015 335 2282 393 CONTRA
2323 336 2688 407 JULIANUM,
2728 341 2785 398 S.
2826 340 3196 401 AUGUSTINI

607 453 746 510 uene
787 451 951 524 ccam:
998 433 1278 524 praesentis
1301 448 1388 508 est
1425 452 1738 523 praemium;
1782 451 2060 508 sanatione
2100 453 2196 507 trd-

607 547 754 610 stre,
796 547 904 599 non
931 543 1092 615 (sicut
1131 543 1478 610 Manichazus,
1508 545 1659 612 cujus
1685 555 1745 599 es
1785 533 2014 615 adjutor,
2055 541 2199 597 inSa-

3737 345 3874 409 m6

2308 451 2540 524 fatuique
2578 465 2884 512 nascuntur.
2910 457 3048 525 Quid
3067 457 3212 514 aliud
3246 459 3506 519 catholica
3535 468 3879 536 responderet

2306 541 2454 610 fides,
2487 545 2586 600 ttisi
2614 547 2729 602 hsce
2750 548 2928 604 omnia
2957 551 3114 617 mala,
3143 566 3210 606 ex
3229 568 3334 623 quo
3352 555 3584 623 peccavit
3615 556 3792 625 homo,
3820 573 3876 618 et

608 635 714 704 nit)
737 636 927 690 a1ien:e
951 635 1288 705 separatione
1317 642 1538 689 naturm.
1568 633 1709 688 Ecce
1734 633 1924 704 dogma
1953 642 2196 688 nostrum
2303 635 2370 692 de
2416 637 2682 708 paradiso,
2733 639 2784 694 id
2810 650 2912 708 est,
2967 642 3087 697 loco
3123 641 3390 700 felicitatis
3437 647 3634 718 ejectus
3663 662 3763 721 est,
3807 672 3874 712 ex

608 739 723 782 non
744 725 919 781 estde
947 725 1219 780 Manichazi
1245 741 1420 792 emno,
1449 726 1588 780 sicut
1614 725 1914 780 criminaris
1933 765 1952 792 ,
1974 739 2196 796 expres-

611 824 770 880 sum;
797 833 904 887 quo
932 817 1180 892 dogmate
1205 817 1588 884 Manicheum,-
1619 817 1665 872 si
1694 832 1803 872 non
1828 831 2042 873 omnem
2068 832 2196 874 sen-

609 927 728 967 sum
756 912 1002 975 amisisti,
1031 921 1199 966 tecum
1229 911 1406 966 cernis
1433 925 1770 981 Oppressum.

607 1023 610 1026 '
679 1002 771 1058 IX.
797 1003 918 1058 Jun.
950 1003 1111 1059 Nobis
1138 1004 1295 1073 igitur
1323 1003 1374 1057 in
1408 1005 1656 1072 prmsenti
1685 1001 2050 1058 convincenda
2085 1003 2194 1073 pri-

606 1110 696 1151 mo
751 1104 833 1151 est
873 1109 1063 1150 sensus
1097 1095 1256 1149 vestri
1299 1093 1604 1161 hchetudo;
1641 1104 1754 1149 tum
1802 1095 2191 1150 ostendendum

606 1188 744 1258 quod
770 1203 914 1257 smpe
935 1187 1044 1258 jam
1067 1186 1307 1253 fecimus,
1339 1202 1407 1243 ne
1435 1202 1543 1242 uno
1569 1187 1785 1258 quidem
1816 1187 1951 1259 pede
1972 1199 2001 1240 a
2025 1186 2192 1241 Mani-

603 1279 872 1334 chaeorum
900 1294 994 1334 vos
1021 1279 1305 1350 gurgustiis
1333 1278 1729 1349 meritoriisque
1755 1277 2050 1333 discedere.
2080 1277 2188 1332 lui-

603 1370 676 1425 tio
702 1371 876 1441 igitur,
916 1370 1340 1426 amantissimum
1371 1379 1457 1426 est
1493 1371 1696 1425 arbitrii
1729 1370 1995 1440 negetium
2025 1369 2187 1424 semi-

600 1460 1074 1516 nibusimmixtum
1103 1469 1310 1531 putare,
1361 1471 1414 1515 et
1439 1461 1615 1517 officia
1662 1461 1990 1515 voluntatum
2023 1461 2189 1515 inole-

601 1552 748 1609 visse
779 1553 1166 1623 conceptibus:
1198 1562 1255 1608 ut
1299 1568 1384 1621 ea,
1415 1568 1540 1624 qua:
1568 1562 1650 1608 est
1690 1553 1987 1607 clarissima
2031 1561 2188 1621 atque

598 1646 919 1714 vastissima,
951 1655 1256 1702 naturarum
1287 1653 1342 1702 et
1367 1645 1662 1702 studiorum
1693 1645 2034 1700 distinctione
2061 1643 2187 1698 sub-

598 1739 726 1807 lata,
754 1738 1002 1794 voluntas
1034 1739 1326 1809 primorum
1381 1739 1610 1809 posteris
1649 1751 1710 1792 se
1753 1735 2056 1807 ingenuisse
2100 1735 2185 1789 di-

598 1843 770 1889 catur.
808 1831 904 1888 Cui
936 1832 1107 1888 errori
1159 1832 1459 1886 obluctatur
1487 1828 1743 1902 quidquid
1788 1829 1841 1883 in
1885 1828 2042 1882 rebus
2081 1835 2181 1883 est.

597 1926 876 1998 Nunquam
908 1925 1171 1996 siquidem
1202 1925 1292 1980 lilii
1321 1925 1642 1979 disertorum
1679 1930 2008 1978 venustatem
2053 1921 2184 1975 artis

596 2028 832 2088 paterna:
869 2019 923 2074 in
951 2017 1214 2090 vagitibus
1242 2019 1556 2084 attulerunt,
1593 2023 1684 2070 aut
1716 2015 1930 2071 soboles
1969 2014 2184 2070 histrio-

595 2127 723 2166 num
769 2109 942 2166 doctis
975 2111 1203 2165 motibus
1243 2109 1307 2164 ad
1350 2109 1511 2163 verba
1564 2122 1751 2162 manus
1782 2105 2040 2170 tetendit;
2086 2108 2185 2160 nec

597 2201 915 2257 bellatorum
949 2200 1040 2255 ﬁlii
1067 2201 1243 2256 tubam
1265 2199 1462 2270 populo
1482 2205 1861 2270 poposcerunt.
1903 2196 2051 2250 Licet
2083 2194 2184 2252 hac

595 2291 786 2358 forma,
831 2291 1075 2362 exempla
1101 2291 1335 2345 omnium
1366 2289 1608 2360 persequi
1639 2288 1868 2343 clariora
1896 2287 2182 2342 tonitribus

596 2382 951 2438 concinentia.
983 2380 1344 2451 Respondebit
1375 2379 1716 2445 universitas,
1763 2379 1896 2433 alios
1934 2393 2055 2434 esse
2081 2393 2180 2432 na-

605 2483 739 2527 tura:
767 2473 990 2539 limites,
1022 2473 1158 2526 alios
1183 2471 1501 2536 voluntatis;
1545 2469 1983 2539 conditionesque
2015 2468 2180 2524 semi-

599 2579 724 2619 num
748 2564 1045 2620 Studioruut
1067 2562 1388 2632 appetitibus
1416 2561 1626 2632 pervias
1653 2561 1670 2592 ί
1697 2574 1818 2615 esse
1854 2575 1963 2614 non
1999 2573 2173 2630 posse.

600 2653 984 2709 Bardissitnum
1026 2653 1205 2722 itaque
1256 2660 1310 2707 et
1355 2649 1618 2721 deposita:
1660 2648 1963 2704 stoliditatis
2010 2663 2177 2720 appa-

602 2747 710 2800 ruit
728 2737 772 2811 ί,
806 2744 1028 2800 credere
1065 2757 1379 2798 conversum
1409 2742 1462 2797 in
1509 2751 1774 2807 naturam,
1823 2741 1964 2812 quod
1994 2741 2180 2796 volun—

598 2837 789 2892 tarium
823 2836 987 2892 fuisse
1016 2836 1234 2892 fateare.
1261 2836 1523 2890 Caeterum
1552 2833 1679 2888 illud
1707 2833 1847 2888 aliud
1873 2833 2032 2903 longe
2058 2833 2177 2888 lon-

594 2943 765 3000 geque
789 2928 1106 2993 deformius,
1128 2927 1268 2998 qdod
1303 2927 1707 2998 possibilitatem
1738 2926 1992 2996 operandi
2024 2925 2179 2982 initio

593 3023 676 3077 ais
710 3022 1034 3092 operationis
1075 3021 1430 3091 absumptam,
1457 3021 1508 3075 id
1535 3030 1638 3086 est,
1669 3029 1726 3074 ut
1767 3021 1991 3076 liberum
2035 3021 2178 3076 arbi-

595 3114 752 3169 trimn
782 3113 942 3185 (quod
968 3128 1071 3168 non
1098 3121 1182 3168 est
1206 3111 1346 3167 aliud
1372 3127 1528 3184 quam
1570 3112 1893 3183 possibilitas
1921 3113 2175 3183 peccandi

589 3213 644 3261 et
674 3221 777 3261 non
803 3205 1055 3277 peccandi
1079 3205 1122 3272 ³,
1157 3205 1284 3260 nulli
1317 3205 1482 3275 partis
1510 3203 1781 3259 alterutra:
1806 3205 2014 3259 subdita
2058 3204 2173 3260 vio-

594 3298 792 3362 lentize,
838 3297 932 3352 sed
975 3312 1094 3367 quae
1122 3296 1312 3351 habeat
1351 3295 1653 3351 facultatem
1685 3296 1738 3350 in
1776 3294 1915 3365 quod
1945 3295 2174 3352 voluerit

591 3389 730 3445 latus
771 3395 961 3459 suopte
1001 3387 1282 3443 insistendi
1330 3387 1636 3458 arbitratu),
1681 3396 1962 3457 postquam
2011 3387 2176 3458 cmpit

590 3483 817 3538 alterum
846 3481 1002 3545 velle,
1031 3490 1313 3550 utrumque
1341 3495 1496 3551 posse
1517 3478 1830 3550 perdiderit.

663 3575 799 3630 Ave.
839 3572 987 3627 Itane
1028 3586 1156 3626 vero
1197 3587 1300 3627 non
1341 3571 1536 3634 cernis,
1585 3569 1874 3626 Manichzeo
1901 3579 1972 3631 te.-
2018 3572 2170 3641 igno-

591 3675 774 3722 rantcr
795 3663 1030 3734 quidem,
1059 3662 1152 3718 sed
1178 3663 1436 3718 instanter
1460 3670 1636 3717 tamen
1673 3662 1776 3717 isto
1803 3671 1904 3716 tua:
1932 3661 2170 3731 loquaci-

591 3756 717 3813 tatis
755 3755 938 3810 inllato
979 3763 1140 3824 atque
1181 3768 1436 3824 Spumoso
1463 3753 1688 3822 strepitu
1728 3752 2048 3822 sull'ragari?
2114 3751 2170 3806 Si

593 3845 740 3902 enim
766 3853 1038 3915 quaerente
1061 3844 1154 3898 illo
1178 3859 1210 3898 a
1236 3843 1388 3898 nobis
1408 3843 1550 3898 unde
1565 3843 1634 3897 sit
1661 3843 1876 3908 malum,
1899 3858 2000 3913 qua
2024 3858 2172 3913 qua:-

593 3935 769 3990 sti'one
816 3941 1208 3988 consueverunt
1256 3931 1418 3988 corda
1464 3933 1724 3987 inerudita
1776 3935 2022 3999 turbare;
2073 3947 2170 3989 nos

597 4022 1068 4093 respondercmus,
1115 4022 1183 4078 de
1224 4022 1389 4078 libera
1422 4023 1691 4078 voluntate
1723 4025 1995 4080 rationalis
2023 4040 2172 4080 crea-

597 4124 730 4170 tura:
773 4123 1011 4169 exortum
1039 4131 1052 4168 :
1078 4121 1237 4184 atque
1273 4114 1361 4170 ille
1398 4114 1636 4182 diceret,
1691 4114 1844 4171 Unde
1880 4131 2010 4186 ergo
2047 4125 2169 4172 sunt

598 4215 694 4262 ista
718 4214 795 4260 tot
818 4206 974 4272 mala,
1003 4221 1119 4276 qua:
1155 4217 1258 4260 non
1292 4205 1399 4276 jam
1432 4206 1587 4270 natis,
1621 4216 1674 4261 et
1699 4207 1984 4262 voluntatis
2022 4209 2168 4263 arbi-

596 4297 699 4351 trio
723 4295 1012 4351 accedente
1041 4305 1198 4351 actate
1217 4295 1326 4366 jam
1352 4297 1620 4352 utentibus
1638 4298 1904 4362 accidunt,
1935 4299 2027 4353 sed
2047 4315 2166 4354 cum

595 4388 787 4458 quibus
811 4388 890 4442 vel
911 4403 1120 4455 omnes,
1165 4389 1247 4442 vel
1283 4388 1520 4458 plerique
1544 4390 1872 4444 nascuntur?
1915 4391 2172 4446 Omnibus

594 4479 792 4549 quippe
815 4479 1090 4549 congenita
1117 4481 1199 4532 est
1230 4479 1406 4533 carnis
1431 4480 1875 4548 concupiscentia,
1916 4495 2021 4550 qua
2046 4495 2172 4536 caro

593 4568 919 4638 concupiscit
942 4568 1200 4623 adversus
1223 4568 1468 4638 Spiritum
1487 4608 1502 4634 ,
1532 4569 1691 4623 etiam
1719 4578 1860 4624 recta
1890 4568 1993 4624 ﬁde
2013 4579 2171 4640 atque

589 4660 831 4716 doctrina
875 4661 1088 4731 pietatis
1128 4659 1420 4725 imbutum;
1472 4659 1718 4714 omnibus
1763 4661 2057 4731 congenita.
2090 4672 2172 4716 est

588 4751 830 4824 quaedam
856 4752 1016 4806 etiam
1045 4749 1264 4806 tarditas
1288 4751 1498 4816 mentis,
1547 4767 1651 4821 qua
1680 4761 1734 4805 ct
1778 4751 1831 4806 hi
1871 4752 1958 4821 qui
1989 4753 2169 4823 appel-

591 4845 764 4900 luntur
790 4843 1070 4913 ingeniosi,
1105 4857 1211 4896 non
1249 4850 1422 4897 tamen
1464 4842 1578 4896 sine
1611 4841 1784 4912 aliqua
1817 4842 2012 4897 laboris
2036 4859 2172 4898 :rru-

592 4951 657 4990 ra
684 4936 769 4990 vel
799 4950 1156 5005 quascumque
1172 4943 1334 4996 artes,
1364 4934 1447 4988 vel
1476 4949 1568 4990 eas
1595 4935 1753 4988 etiam
1767 4950 1897 5004 quas
1915 4935 2164 4990 liberales

593 5033 934 5092 nuncupant,
968 5025 1196 5085 discunt,
1228 5025 1310 5079 vel
1339 5025 1502 5094 ipsius
1546 5025 1818 5094 religionis
1863 5027 2166 5082 uberiorem

593 5113 866 5169 scientiam
893 5125 1310 5184 consequuntur.
1358 5115 1584 5180 Quidam
1625 5116 1784 5169 etiam
1811 5130 2040 5185 corpore
2069 5118 2166 5173 de-

596 5201 750 5257 formi
781 5211 835 5255 et
853 5203 1134 5272 aliquando
1154 5213 1514 5269 monstruoso,
1549 5203 1700 5257 multi
1721 5204 1984 5271 obliviost,
2018 5207 2168 5262 tuulti

593 5290 659 5344 ad
709 5291 1104 5360 intelligendum
1154 5294 1289 5348 tardi
1334 5302 1390 5348 ct
1432 5294 1667 5359 obtunsi,
1716 5295 1868 5349 multi
1907 5296 2165 5366 iracundi,

596 5379 746 5434 multi
801 5381 1086 5446 libidinosi,
1141 5384 1379 5438 nonnulli
1443 5383 1603 5438 etiam
1651 5385 1870 5442 omnino
1911 5389 2170 5446 excordes

657 5537 678 5613 ξ
711 5535 827 5613 eli}?
853 5534 1494 5613 ,φεβκὲιξμιῑηθξ
1509 5543 1858 5613 memorialis

655 5599 694 5675 ξ.
712 5598 852 5675 “’1”;
866 5596 1518 5675 ?!_1€£°£€‘t"!'_.“€“d‘l“‘i§
1541 5596 1794 5675 emet:
1821 5603 2164 5675 ἕοὶίξτεφάρι

593 5665 736 5718 pm"
753 5665 799 5708 a
819 5659 1047 5730 dm
1073 5659 1147 5732 .(id
1172 5666 1265 5719 es"
1287 5659 1595 5725 άεερεναιωγ
1612 5659 1884 5735 “didm
1923 5667 2167 5736 W251.

589 5720 942 5844 ηιιέιιιξηεαῗΐῧξ
973 5720 1247 5781 uellem"
1281 5729 1326 5772 et
1365 5735 1458 5773 mn
1490 5726 1740 5786 νθθεσπάιο
1788 5729 2066 5778 Restitute:
2103 5735 2167 5780 'ex

2303 738 2488 784 natura
2517 745 2636 800 qua:
2673 732 2876 801 peccati
2917 734 3232 803 contagione
3262 737 3438 792 vitiata
3488 739 3588 806 est',
3641 745 3877 801 exoriri?

2299 818 2482 890 Neque
2505 821 2668 886 enim,
2724 821 2770 876 si
2815 838 2975 878 nemo
3005 835 3298 895 peccasset,
3351 828 3433 883 vel
3466 831 3586 886 talia
3635 833 3684 886 in
3726 850 3875 904 para-

2298 909 2436 976 diso,
2472 911 2554 966 vel
2584 905 2685 966 alia
2714 913 2820 967 ulla
2849 913 2972 968 vitia
3002 925 3368 973 nascerentur.
3412 919 3528 988 Quo
3556 922 3756 989 audito,
3785 926 3875 981 ille

2299 1009 2385 1055 tua
2414 1003 2649 1070 nobis,si
2671 1004 2914 1072 haberet,
2940 1007 3100 1062 verba
3121 1010 3388 1075 recitaret,
3406 1012 3494 1067 ubi
3523 1012 3673 1081 dicis,
3697 1034 3716 1067 ι
3744 1017 3873 1073 Esse

2295 1094 2738 1162 amentissimum,
2783 1096 2988 1152 arbitrii
3032 1099 3302 1170 negotium
3338 1103 3628 1160 seminibus
3658 1107 3866 1161 immix-

2297 1191 2405 1236 tum
2437 1192 2640 1253 putare,
2684 1197 2738 1240 et
2779 1186 2956 1242 ofﬁcia
3002 1189 3330 1245 voluntatum
3371 1192 3651 1250 inolevisse
3677 1212 3868 1252 conce-

2295 1272 2468 1342 ptibus
2499 1291 2512 1328 :
2546 1292 2566 1326 ι
2598 1285 2650 1330 et
2680 1275 2732 1331 in
2765 1275 2904 1333 hanc
2932 1281 3249 1335 sententiam
3273 1282 3522 1354 quidquid
3549 1285 3686 1340 aliud
3715 1289 3863 1343 addi-

2292 1361 2436 1426 diali,
2473 1378 2539 1417 ex
2577 1363 2680 1419 hoc
2709 1380 2828 1420 eam
2857 1368 3083 1437 probare
3129 1381 3373 1438 conatus,
3423 1389 3526 1443 quo
3547 1391 3642 1431 nec
3685 1376 3865 1433 diserti

2291 1451 2632 1520 disertorum,
2661 1471 2760 1511 nec
2782 1456 3069 1515 histriones
3093 1459 3434 1531 histrionum,
3461 1480 3560 1520 nec
3588 1465 3866 1524 bellatores

2291 1555 2582 1600 nascuntur
2617 1547 2707 1601 lilii
2751 1548 3086 1605 bellatorum.
3136 1551 3244 1607 lsto
3278 1562 3367 1608 tuo
3407 1555 3664 1627 adjutorio
3703 1559 3862 1616 Mani—

2290 1633 2473 1689 chznus
2517 1635 2583 1691 ad
2624 1637 2725 1692 hoc
2777 1641 2943 1695 utitur
2971 1641 3010 1708 ',
3036 1650 3096 1697 ut
3142 1653 3410 1715 Oppugnct
3449 1647 3586 1717 quod
3617 1649 3860 1718 dicimus,

2291 1738 2511 1797 peccato
2540 1729 2692 1798 primi
2721 1730 2952 1787 hominis
2993 1733 3276 1790 humanam
3307 1739 3536 1794 vitiatam
3585 1740 3742 1797 fuisse
3771 1761 3861 1798 na-

2292 1825 2484 1885 turam,
2517 1821 2750 1876 etiamin
2783 1825 3013 1893 posteris
3039 1826 3154 1895 ejus
3173 1829 3214 1894 ¹,
3258 1829 3346 1898 qui
3378 1831 3582 1888 ratione
3625 1827 3860 1890 seminali

2288 1910 2340 1965 in
2376 1911 2464 1966 illo
2493 1922 2667 1977 erant,
2699 1915 2910 1986 quando
2956 1917 3008 1972 in
3057 1919 3145 1974 illa
3198 1922 3381 1991 grandi
3435 1926 3858 1994 pra-varicatione

2285 2005 2521 2073 peccavit
2551 2022 2566 2060 :
2593 2009 2735 2076 quod
2762 2023 2883 2063 cum
2929 2013 3329 2080 Oppugnavcrit,
3374 2014 3669 2070 introducat
3714 2033 3856 2073 com-

2285 2095 2593 2150 mixtionem
2635 2097 2856 2152 duarum
2897 2109 3205 2163 naturarum
3251 2119 3463 2159 suarum
3495 2105 3536 2174 ⁸,
3588 2117 3741 2178 atque
3791 2120 3855 2165 cx

2292 2186 2673 2243 commixtione
2688 2197 2888 2245 natura:
2918 2193 3071 2247 malae
3105 2193 3191 2249 illa
3223 2196 3380 2262 mala,
3407 2212 3524 2252 cum
3549 2200 3734 2270 quibus
3762 2201 3856 2255 ho-

2283 2275 2455 2332 mines
2498 2288 2806 2348 nascuntur,
2855 2293 3129 2338 asseveret
3171 2286 3420 2341 existere.
3466 2286 3543 2342 Tu
3585 2298 3755 2345 autem
3796 2300 3854 2346 ut

2283 2368 2414 2422 mihi
2459 2370 2697 2434 resistas,
2751 2388 2862 2427 rem
2906 2374 3341 2432 absurdissimam
3370 2387 3424 2432 et
3465 2377 3854 2436 detestabiliSsi-

2283 2473 2424 2514 mam
2461 2463 2671 2532 cogeris
2715 2463 2915 2532 dicere,
2975 2467 3111 2521 mala
3133 2468 3333 2524 scilicet
3387 2469 3485 2525 ista
3531 2475 3847 2528 nascentium

2281 2549 2440 2604 etiam
2472 2551 2524 2605 in
2554 2552 2796 2622 paradiso
2822 2566 3068 2611 exortura
3099 2556 3283 2626 fuisse,
3311 2563 3354 2614 si
3385 2571 3541 2616 nemo
3566 2576 3846 2633 peccasset.

2287 2639 2384 2697 llic
2404 2651 2456 2697 te
2475 2642 2796 2701 Manichteus
2821 2646 3049 2718 urgebit,
3082 2649 3294 2706 utdicas
3316 2651 3457 2708 unde
3487 2653 3878 2713 fuerau'tex‘or-t

2283 2740 2420 2788 tura.
2444 2731 2544 2789 Ubi
2569 2736 2773 2805 magnis
2815 2746 3116 2794 coa-rctatus
3156 2743 3441 2812 angustiis,
3470 2744 3513 2798 si
3556 2745 3745 2802 dixeris
3782 2753 3848 2804 ex

2281 2825 2408 2895 ipsis
2434 2827 2636 2880 naturis
2651 2829 2980 2884 nascentium
2999 2843 3244 2887 exortura
3262 2832 3423 2889 fuisse
3445 2835 3576 2890 mala
3603 2837 3718 2905 ista,
3735 2839 3848 2895 sine

2281 2916 2440 2972 ullius
2461 2918 2652 2973 merito
2681 2921 2970 2978 voluntatis
2993 2940 3007 2988 ;
3039 2925 3276 2995 profecto
3296 2941 3484 2998 argues
3502 2927 3799 2986 Creatorem
3827 2950 3842 2986 :

2279 3007 2421 3078 quod
2450 3024 2517 3064 ne
2544 3010 2726 3076 facias,
2757 3011 3127 3083 confugiturus
3148 3030 3206 3071 es
3233 3016 3298 3072 ad
3321 3019 3505 3073 merita
3530 3019 3844 3076 voluntatum

2279 3097 2559 3152 malarum.
2581 3099 2683 3155 Sed
2698 3100 2786 3174 ille
2811 3103 3130 3172 qumsiturus
3154 3115 3254 3170 est,
3282 3106 3514 3174 Quarum
3535 3108 3558 3164 ?
3579 3109 3691 3165 Non
3709 3113 3842 3167 enim

2277 3196 2360 3243 est
2391 3189 2639 3246 voluntas
2661 3173 2765 3246 ulla
2801 3195 3085 3261 seminum,
3129 3197 3210 3252 vel
3241 3199 3569 3255 nascentium
3609 3204 3843 3272 parvulo-

2277 3295 2415 3335 rum.
2443 3281 2580 3348 Quid
2610 3298 2737 3354 crgo
2763 3286 3001 3352 restabit,
3028 3288 3129 3343 nisi
3163 3295 3219 3344 ut
3251 3291 3524 3347 nobiscum
3570 3293 3843 3366 intelligas,

2275 3371 2322 3426 si
2351 3373 2431 3428 vis
2458 3373 2686 3430 evadere
2717 3376 2798 3432 vel
2833 3392 3089 3448 superare
3125 3380 3491 3449 Manichrcum,
3541 3385 3592 3438 in
3619 3386 3833 3443 occultis

2276 3465 2539 3536 originum
2561 3466 2764 3548 sinibps
2795 3470 3020 3526 latenter
3046 3472 3304 3543 implicari
3331 3475 3490 3532 etiam
3528 3479 3723 3533 semina
3753 3495 3844 3533 na-

2276 3559 2558 3624 scentium,
2611 3559 2715 3614 et‘
2742 3576 2811 3616 ex
2860 3563 2999 3618 mala
3047 3564 3316 3621 voluntate
3359 3568 3617 3624 venientia
3662 3569 3844 3624 merita

2275 3649 2641 3718 generantium
2672 3665 2687 3703 :
2715 3651 2809 3706 sed
2836 3653 2991 3722 primi
3019 3653 3248 3711 homlnis
3277 3665 3381 3712 tam
3418 3674 3657 3729 magnum
3687 3658 3844 3715 fui35e

2279 3750 2574 3810 peccatum,
2605 3750 2662 3796 ut
2686 3758 2843 3798 omne
2867 3759 3034 3815 genus
3063 3745 3370 3816 humanum,
3405 3759 3461 3804 ut
3481 3751 3652 3806 verbis
3679 3755 3844 3807 sancti

2274 3829 2494 3887 Joannis
2523 3841 2660 3898 utar,
2695 3835 2746 3888 in
2762 3849 3044 3891 commune
3067 3835 3344 3894 damnaret
3370 3839 3642 3911 (Chryroat.
3674 3840 3835 3911 Epist.

2274 3922 2343 3976 ad
2365 3921 2772 3996 Olympiadem)?
2802 3926 2882 3981 Ex
2903 3941 3009 3997 quo
3033 3929 3309 3986 coniicitur
3328 3932 3461 3987 tnnla
3486 3933 3580 3988 ista
3601 3940 3840 3989 extortum

2276 4029 2382 4068 non
2410 4013 2596 4082 fuisse,
2627 4015 2669 4069 si
2693 4033 2852 4072 nemo
2889 4029 3196 4088 peccasset;
3243 4031 3342 4077 ttec
3382 4024 3434 4077 in
3464 4025 3698 4094 paradiso
3724 4033 3838 4081 esse

2277 4107 2531 4175 potuisse,
2559 4107 2702 4163 unde
2728 4110 2816 4179 qui
2847 4124 3216 4180 peccaverant.
3248 4124 3526 4186 antequam
3552 4118 3835 4187 gignerent,

2275 4197 2541 4252 exierunt.
2573 4199 2691 4267 Quo
2711 4201 2976 4256 catholico
3003 4203 3250 4274 dogmate
3280 4212 3530 4262 raedatur
3553 4251 3567 4275 ,
3614 4209 3746 4278 quod
3773 4209 3838 4264 de

2273 4289 2476 4345 artibus
2503 4293 2696 4360 putasti
2721 4307 2843 4349 esse
2873 4295 3228 4362 subdendum,
3259 4299 3549 4356 adnmnens
3582 4311 3694 4368 nos,
3719 4309 3838 4357 cum

2275 4382 2356 4436 sui
2398 4383 2566 4452 patris
2608 4393 2724 4440 arte
2779 4389 3043 4443 neminem
3092 4392 3258 4445 nasci.
3313 4393 3468 4448 Aliud
3496 4398 3576 4448 est
3617 4399 3836 4464 uanique

2278 4487 2497 4542 peccare
2527 4475 2577 4528 in
2618 4477 2875 4544 moribus,
2929 4481 3120 4548 quibus
3157 4491 3302 4538 recte
3343 4485 3554 4550 Vivitur,
3578 4487 3712 4557 quod
3755 4485 3832 4542 rel

2276 4563 2480 4634 legibus
2522 4567 2660 4622 solet
2689 4569 2769 4623 vel
2817 4569 2998 4626 dirino
3029 4572 3231 4641 judicio
3271 4575 3554 4643 vindicari;
3599 4576 3734 4631 aliud
3782 4578 3832 4632 tu

2273 4657 2497 4724 artibus,
2543 4660 2655 4715 sive
2698 4659 2934 4718 honesta:
2980 4665 3107 4730 sint,
3150 4667 3260 4720 sive
3291 4673 3490 4737 turpes,
3535 4669 3619 4723 ubi
3659 4673 3831 4724 contra

2273 4757 2440 4802 artem
2488 4748 2680 4804 factum
2717 4752 2914 4823 aliquid
2952 4755 3144 4811 dicitur
3176 4775 3189 4811 :
3222 4769 3338 4826 qtne
3380 4767 3591 4830 peticata
3629 4771 3727 4815 non
3755 4758 3832 4816 diab

2274 4841 2392 4895 vina
2424 4842 2506 4896 vel
2533 4843 2998 4911 reprehentlutuur
3025 4849 3164 4918 lege,
3191 4849 3272 4904 vel
3305 4853 3585 4906 severitate
3602 4854 3830 4922 'plectuno

2274 4939 2384 4996 tur;
2413 4931 2506 4986 sed
2533 4933 2601 4987 ab
2627 4935 2694 4987 iis
2721 4935 3049 5003 lromlttibus,
3088 4947 3311 5008 quorum
3336 4941 3547 5009 jtltlieiis
3576 4942 3686 4998 haec
3710 4943 3831 4996 Sub-

2267 5022 2466 5091 jaceat,
2509 5027 2843 5096 maximeque
2889 5044 2919 5082 a
2967 5031 3232 5101 magistris
3260 5039 3461 5100 eorum,
3504 5042 3622 5090 eum
3651 5039 3833 5103 pueros

2272 5112 2485 5176 docent,
2521 5115 2620 5169 sub
2643 5117 2832 5172 timore
2859 5127 2950 5172 aut
2993 5120 3179 5176 dolore
3223 5129 3517 5191 lamnarum.
3557 5123 3666 5190 Qua
3703 5126 3750 5177 In
3780 5129 3838 5175 re

2275 5211 2449 5258 tatnen
2477 5205 2712 5274 cogitare
2737 5207 3016 5274 debemus,
3060 5211 3180 5279 quia
3209 5212 3252 5265 sl
3280 5213 3333 5265 in
3381 5213 3622 5281 paradiso
3645 5209 3836 5281 aliquid

2271 5289 2586 5360 disceretur,
2602 5295 2741 5364 quod
2763 5297 2835 5352 illi
2855 5298 2974 5352 vita:
2999 5309 3142 5355 esset
3169 5301 3294 5356 utile
3321 5303 3476 5369 scire,
3501 5303 3614 5358 sine
3632 5303 3739 5357 ullo
3765 5301 3830 5355 l1-

2333 5489 2355 5522 ι
2386 5493 2542 5550 eme,
2565 5495 2748 5542 utam.

2332 5551 2356 5642 ἶ
2384 5551 2583 5642 iiii}?
2599 5554 3543 5642 £2.l"3“3?£325.ﬁ"q1’2.§1ﬂ¥3’“.€13f
3557 5630 3568 5642 .
3625 5628 3686 5642 ,η
3702 5614 3742 5642 ς,
3758 5633 3764 5638 .

2272 5609 2545 5722 gate:
2597 5609 2761 5675 hort;
2785 5609 2993 5666 diturum
3043 5609 3342 5680 naturarum,
3397 5609 3568 5683 ωῑιυω
3625 5614 3838 5677 ουὶεέοσ

2332 5733 2356 5805 ξ
2387 5735 2468 5783 Hic
2505 5738 2788 5790 auctoritate
2829 5747 2908 5788 Ms.
2943 5746 3066 5792 Port.
3115 5740 3329 5792 addimus
3357 5738 3654 5805 copulantur:
3681 5737 3828 5801 partl-

2274 5794 2444 5857 cuhm,
2465 5805 2527 5848 et.
3415 5794 3429 5805 ’
3681 5794 3695 5801 ’
3839 5861 3859 5893 ‘
