4150 6482
344 323 480 390 15ιῖ

338 449 473 504 bore
498 449 589 498 aut
605 438 791 498 dolore
818 437 869 494 id
896 441 1269 505 assequeretur
1293 430 1446 487 beata
1470 435 1677 492 natura,
1701 424 1783 479 vel
1810 422 1926 477 Deo

338 535 591 598 docente,
622 531 705 587 vel
729 544 789 585 se
813 528 948 600 ipsa.
978 524 1131 582 Unde
1149 524 1269 595 quis
1298 537 1405 577 non
1431 518 1713 588 intelligat,
1749 515 1800 569 in
1830 514 1930 568 bac

343 630 449 685 vita
479 626 637 683 etiam
667 629 929 679 tormenta
956 618 1272 675 discentium
1296 614 1359 670 ad
1391 612 1638 669 miserias
1655 608 1813 685 hujus
1833 622 1940 662 sa:-

342 717 472 784 euii,
493 715 633 787 quod
660 729 725 770 ex
747 726 854 768 uno
881 711 934 766 in
958 706 1456 765 condemnationem
1481 708 1827 775 propagatum
1854 706 1937 753 est

343 812 525 886 (Rom.
556 825 607 875 v,
639 805 750 880 16),
779 802 1086 877 pertinere?
1115 800 1213 859 Ubi
1238 798 1398 856 etiam
1426 796 1679 852 miserum
1713 792 1815 847 hoc
1830 797 1933 856 est,

345 881 573 960 miseras
604 908 813 956 mentes
856 894 997 951 nolle
1036 892 1176 965 quod
1224 890 1424 947 bonum
1459 896 1576 952 est;
1617 885 1700 941 vel
1742 882 1785 939 si
1826 881 1937 952 jam

349 1002 532 1068 parata
559 1000 644 1049 est
671 992 963 1046 voluntasa
995 987 1219 1043 Domino
1264 980 1445 1053 (Prov.
1469 994 1584 1045 vnt,
1610 993 1711 1031 sec.
1743 971 1936 1068 ωας),

346 1064 582 1142 clamare
625 1092 803 1138 tamen
833 1080 1008 1135 adhuc
1045 1090 1168 1134 eum
1196 1075 1284 1147 qui
1316 1073 1368 1129 in
1401 1077 1501 1127 hoc
1541 1070 1671 1125 vivit.
1717 1064 1936 1131 sarculo,

356 1176 499 1233 Velle
517 1177 719 1248 adjacet
738 1174 861 1228 mihi
881 1188 902 1237 ;
926 1171 1164 1245 perﬁcere
1192 1176 1360 1222 autem
1390 1164 1598 1228 bonum,
1628 1177 1730 1216 non
1756 1152 1936 1230 (liam.

351 1284 446 1335 vn,
475 1267 587 1337 i8).
619 1266 730 1321 Hoc
751 1265 793 1319 si
824 1272 1030 1327 teneas,
1060 1260 1383 1316 Manichwos
1403 1257 1588 1311 vinces
1618 1271 1631 1308 :
1665 1251 1787 1323 quia
1816 1263 1965 1306 vero

350 1370 458 1416 non
480 1368 655 1424 tenes,
687 1366 945 1427 utrosque
969 1363 1212 1412 vestrum
1239 1351 1406 1407 vincit
1432 1349 1549 1406 ιιωο
1574 1344 1727 1403 ﬁdes.

424 1442 495 1507 Χ.
517 1450 635 1507 JUL.
660 1448 813 1505 Nunc
835 1448 995 1519 igitur
1019 1444 1345 1516 approbelut‘
1366 1439 1509 1514 quod
1524 1437 1776 1502 diximus,
1796 1434 1943 1489 nullo

350 1558 383 1602 ιι
415 1542 722 1599 Manichaeis
740 1550 972 1596 vestrum
995 1536 1185 1609 dogma
1215 1534 1451 1591 dill‘erre.
1479 1531 1597 1591 Non
1622 1537 1706 1585 est
1725 1526 1943 1584 omnino

352 1633 596 1700 dubium,
647 1631 839 1686 factam
879 1628 1166 1704 pessimam
1205 1624 1374 1695 ipsius
1420 1622 1550 1678 Adze
1587 1630 1850 1681 naturam,
1900 1616 1944 1675 si

353 1719 459 1781 hac
485 1732 568 1779 est
592 1720 899 1778 conditione
935 1719 1179 1784 formata,
1208 1724 1266 1770 ut
1292 1714 1516 1769 haberet
1555 1711 1681 1768 mali
1712 1708 1945 1764 necessi-

354 1822 542 1881 tatem,
582 1829 701 1884 qu:e
740 1826 847 1868 non
893 1808 1124 1865 habebat
1166 1806 1331 1872 boni;
1384 1804 1438 1860 id
1472 1810 1574 1868 est,
1618 1808 1678 1857 ut
1719 1800 1943 1865 crimen,

354 1908 566 1977 etiamsi
593 1907 779 1963 luisset
803 1902 1075 1959 voluntate
1102 1907 1440 1970 conceptum,
1487 1904 1663 1952 tamen
1710 1893 1860 1948 ﬁeret
1894 1892 1944 1946 in

357 2015 421 2056 ea
453 1998 716 2065 naturale,
764 1995 816 2051 in
844 2009 947 2065 qua
976 1992 1189 2048 bonitas
1214 2006 1318 2046 non
1353 1988 1504 2045 ﬁeret
1526 1984 1784 2043 naturalis
1812 2001 1826 2037 ;
1853 1982 1949 2037 lai-

355 2105 525 2162 soqnc
567 2088 762 2145 dicitur
806 2088 1081 2142 voluntate
1134 2096 1422 2155 peccasse,
1470 2080 1561 2152 qui
1608 2078 1949 2150 nequissimae

356 2182 678 2239 cetiditionis
706 2178 1013 2250 pra'judicio
1033 2174 1315 2231 laboravit.
1344 2173 1580 2244 Apparet
1595 2170 1760 2236 enim,
1790 2183 1947 2238 quam

358 2275 568 2328 Vinctus
597 2272 614 2303 ⁸
643 2271 784 2326 malo
827 2268 1006 2335 fuerit,
1056 2266 1145 2337 qui
1185 2272 1300 2321 erat
1346 2262 1571 2318 crimine
1612 2257 1949 2329 inseparabili

358 2361 677 2418 larcicudus.
727 2358 865 2428 Quid
910 2358 1054 2414 enim
1084 2356 1233 2427 pejus
1268 2370 1329 2410 ea
1361 2354 1524 2427 quibo
1554 2350 1797 2407 invenite
1823 2348 1951 2404 sub-

358 2456 575 2521 stantia,
605 2470 726 2525 qua:
754 2455 889 2507 facta
908 2461 989 2506 est
1017 2459 1076 2505 ut
1103 2449 1155 2503 in
1185 2447 1519 2518 iniquitatem
1542 2450 1725 2514 posset
1748 2440 1952 2497 incide-

359 2562 439 2613 re,
469 2555 523 2603 et
548 2545 799 2601 recedere
824 2543 891 2599 ab
929 2540 1206 2613 iniquitate
1235 2555 1342 2595 non
1372 2536 1601 2609 posset?
1642 2535 1790 2590 lianc
1826 2534 1871 2588 si
1897 2533 1951 2588 in

359 2637 486 2695 boni
514 2645 667 2709 parte
692 2635 999 2691 violentiam
1027 2631 1358 2704 pertulisset,
1408 2628 1452 2683 si
1498 2627 1728 2683 liberum
1774 2622 1952 2695 perdi-

358 2730 527 2787 disset
551 2729 852 2793 arbitrium,
899 2735 1075 2781 tamen
1123 2723 1254 2778 nihil
1283 2726 1590 2777 accusasset
1631 2724 1949 2780 auctorem;

358 2821 481 2893 quia
508 2835 667 2875 nemo
690 2819 741 2874 ei
759 2817 833 2872 de
859 2816 1031 2887 copiis
1063 2812 1411 2885 benignitatis
1435 2810 1787 2882 quzestiuncm
1833 2821 1952 2862 mo-

360 2917 516 2967 veret
542 2926 555 2963 :
583 2923 703 2964 cum
734 2921 865 2962 vero
895 2905 950 2960 in
975 2904 1102 2959 mali
1129 2911 1281 2973 parte
1309 2898 1603 2957 dominatio
1633 2898 1754 2953 talis
1781 2896 1955 2952 collo-

359 3015 513 3059 catur
539 3042 556 3066 ,
604 2999 874 3056 neminem
903 2997 1072 3068 magis
1101 3010 1262 3067 quam
1289 2994 1463 3063 ipsum
1506 2991 1743 3047 hominis
1780 2989 1955 3061 arguit

359 3091 719 3159 conditorem,
750 3098 804 3144 ct
830 3101 1156 3163 supervacua
1187 3084 1593 3141 eriminatorum
1622 3096 1867 3147 suorum,
1902 3079 1954 3135 id

362 3191 467 3251 est,
497 3192 695 3246 vestra,
729 3181 869 3236 Deus
909 3178 1030 3235 talis
1055 3177 1358 3233 adulatione
1387 3174 1650 3247 palpatur,
1691 3173 1780 3243 qui
1816 3170 1954 3226 ami-

366 3275 620 3333 cissimus
646 3275 860 3330 malitiae
882 3315 897 3341 ,
924 3273 1213 3330 creationis
1272 3284 1385 3325 sme
1418 3267 1658 3324 fteditate
1684 3266 1954 3322 convinci-

366 3376 474 3425 tur.
519 3367 615 3423 Cui
646 3366 791 3423 enim
820 3363 1129 3437 persuaderi
1157 3370 1356 3435 potest,
1401 3360 1633 3432 primum
1682 3357 1953 3413 hominem

363 3472 471 3516 non
498 3459 796 3515 destinasse
821 3454 1155 3521 criminibus,
1188 3452 1235 3508 si
1270 3452 1419 3507 illum
1461 3448 1849 3507 emendationis
1878 3449 1955 3504 fa.

363 3554 561 3611 coitate
591 3549 856 3623 privavit;
888 3548 934 3603 si
956 3557 1062 3603 tam
1088 3561 1254 3620 pravo
1283 3544 1462 3600 aﬁ'ecit
1489 3543 1691 3609 animo,
1718 3551 1775 3597 ut
1804 3556 1959 3597 error

364 3660 495 3702 suus
524 3644 572 3698 ei
603 3642 889 3713 displicere
920 3654 1026 3695 non
1064 3645 1266 3709 posset,
1299 3645 1358 3691 ut
1399 3635 1601 3690 nullum
1643 3633 1863 3689 haberet
1890 3631 1959 3688 ad

365 3733 703 3791 honestatem
753 3744 1083 3802 regressum,
1116 3742 1218 3784 nec
1255 3727 1413 3783 ﬁeret
1450 3732 1571 3797 post
1591 3723 1956 3795 esperimenta

365 3826 677 3891 correctior,
731 3838 794 3880 ac
831 3837 901 3880 ne
952 3822 1089 3879 forte
1129 3817 1509 3891 recuperandae
1550 3815 1834 3888 probitatis
1863 3831 1962 3871 un-

366 3932 525 3991 quam
554 3915 778 3971 sentirct
802 3912 1076 3979 allectum,
1118 3910 1289 3982 ipsam
1316 3909 1366 3965 ei
1402 3908 1806 3980 possibilitatem
1833 3922 1956 3963 cor-

368 4008 624 4067 rectionis
646 4005 875 4064 evellit?
914 4006 1145 4061 Prorsus
1185 4004 1231 4059 si
1263 3999 1385 4058 talis
1423 3999 1541 4072 ejus
1564 3999 1800 4056 conditio
1839 3998 1959 4067 fuit,

370 4110 431 4157 ut
479 4098 733 4171 quamdiu
778 4098 833 4153 in
880 4096 985 4152 hac
1036 4096 1142 4151 vita
1186 4100 1323 4163 erat,
1354 4108 1464 4149 uno
1505 4092 1657 4162 lapsu
1709 4091 1960 4147 virtutem

369 4190 761 4248 emendationis
807 4191 1114 4259 amitteret,
1160 4201 1268 4242 non
1309 4194 1394 4241 est
1431 4183 1502 4241 ob
1521 4182 1669 4240 aliud
1696 4198 1855 4254 quam
1906 4192 1964 4238 ut

369 4284 588 4339 caderet
622 4282 927 4346 institutus;
988 4281 1096 4336 imo
1123 4294 1223 4334 nec
1250 4277 1538 4343 corruisse,
1592 4275 1687 4332 sed
1729 4275 1963 4345 iacuisse

370 4388 585 4442 semper
610 4372 791 4427 verius
816 4371 1030 4436 dicitur,
1066 4370 1154 4440 qui
1196 4384 1303 4423 non
1348 4367 1561 4433 sinitur,
1602 4376 1858 4436 quantum
1895 4364 1960 4418 ad

372 4478 552 4519 mores
577 4470 803 4531 spectat,
833 4475 1140 4531 exsurgere.
1184 4459 1368 4529 Qualis
1392 4474 1521 4530 ergo
1547 4457 1646 4513 fuit
1673 4459 1762 4513 illa
1806 4458 1965 4513 liber-

375 4563 477 4617 tas,
505 4566 624 4621 quae
647 4550 698 4604 ei
723 4550 913 4603 collata
942 4549 1087 4618 prius
1115 4547 1391 4610 creditur;
1439 4549 1483 4602 si
1515 4562 1546 4601 e
1579 4546 1784 4601 duabus
1832 4562 1961 4601 con-

374 4645 554 4703 trariis
583 4640 925 4715 qualitatibus
964 4639 1201 4710 pejorem
1232 4654 1261 4692 a
1317 4638 1639 4701 necessario,
1686 4639 1959 4693 meliorem

375 4754 406 4794 a
434 4735 671 4793 mutabili
704 4732 1017 4802 capessebat
1040 4747 1055 4797 ;
1102 4730 1210 4783 imo
1239 4744 1269 4783 a
1297 4727 1576 4800 tyrannide
1603 4727 1840 4781 criminis
1867 4742 1961 4782 oc-

373 4840 586 4900 cupata,
619 4823 1017 4896 despoliabatur
1042 4819 1429 4890 resipiscentia:
1467 4818 1739 4874 facultate.
1767 4817 1962 4872 Teter-

378 4923 547 4977 rimus
567 4934 695 4990 ergo
723 4916 878 4988 primi
902 4913 1134 4970 hominis
1159 4921 1332 4968 status
1351 4912 1419 4966 ab
1443 4911 1561 4981 ipso
1590 4908 1834 4973 exordio,
1866 4908 1909 4962 si
1934 4923 1964 4961 a

379 5014 488 5073 Deo
508 5022 591 5068 est
619 5020 725 5066 tam
757 5006 1041 5065 infeliciter
1074 5005 1366 5069 institutus,
1397 5010 1455 5056 ut
1496 5001 1734 5057 ruiturus
1775 4998 1830 5055 iu
1859 4999 1963 5054 cri-

376 5115 501 5160 men
532 5111 783 5175 perpetua
815 5098 1066 5171 peccandi
1093 5097 1412 5153 necessitate
1439 5095 1715 5166 ligaretur.
1797 5156 1803 5163 ι

450 5199 583 5250 Atto.
629 5193 734 5248 Res
762 5192 916 5258 dicis,
942 5205 1073 5262 quas
1100 5190 1145 5244 si
1170 5188 1325 5244 nobis
1346 5187 1534 5245 saltem
1557 5184 1965 5241 admonentibus

377 5285 718 5343 considerare
750 5297 853 5337 non
894 5281 1127 5352 negligas
1150 5323 1166 5349 ,
1198 5280 1356 5336 etiam
1389 5278 1482 5334 tibi
1513 5277 1610 5349 ipsi
1636 5318 1650 5342 ,
1679 5285 1965 5348 quantum-

380 5378 509 5433 libet
529 5377 603 5430 sis
628 5374 930 5445 impudens,
952 5372 1252 5428 erubescas.
1292 5368 1400 5427 Cur
1419 5370 1561 5426 enim
1584 5383 1689 5423 non
1710 5365 1963 5433 attendis,

378 5471 424 5526 si
469 5469 695 5540 pessima
734 5475 817 5521 est
858 5466 995 5519 facta
1037 5471 1259 5529 natura,
1303 5477 1423 5533 quae
1464 5461 1736 5517 voluntate
1771 5458 1966 5530 iniusta

353 5598 359 5605 ι
386 5560 606 5616 incurrit
634 5560 686 5613 in
713 5556 912 5612 malum
938 5597 952 5621 ,
981 5568 1136 5625 ptena
1166 5567 1297 5608 vero
1324 5552 1518 5623 iniusta
1544 5567 1649 5608 non
1676 5558 1851 5623 potest
1874 5544 1965 5606 re-

379 5668 599 5711 currere
622 5653 674 5708 in
695 5651 924 5715 bonum,
951 5663 1058 5703 non
1081 5634 1367 5702 humanam
1393 5661 1552 5718 quam
1578 5644 1732 5702 nobis
1751 5643 1961 5716 obiicis,

447 5786 468 5819 ι
500 5792 551 5837 ιιι
581 5792 710 5849 uss,
724 5783 936 5847 junctus.

1724 303 1927 365 LIBER
1963 289 2256 361 SEXTUS.

3493 289 3630 344 lSlS

2047 415 2141 472 sed
2168 412 2460 486 angelicam
2503 420 2715 485 quoque
2761 414 3004 466 naturam
3056 405 3340 479 pessimam
3389 406 3627 461 iactam?

2041 509 2151 565 Nisi
2182 508 2321 563 forte
2341 505 2508 569 dices,
2538 505 2699 561 etiam
2725 502 2995 560 diabolum
3021 502 3293 558 voluntate
3317 516 3346 555 a
3377 499 3520 557 bono
3546 498 3595 554 la
3611 530 3627 541 ο

2043 612 2218 670 psum,
2242 598 2286 654 si
2313 595 2561 661 voluerit,
2588 603 2641 650 et
2667 593 2882 666 quando
2904 591 3155 659 voluerit,
3182 592 3235 648 lu
3263 590 3462 647 bonum
3486 588 3628 661 quod

2040 688 2280 745 deseruit
2322 701 2698 753 reversurum;
2750 694 2805 741 et
2846 683 3090 758 Origenis
3115 681 3270 739 nobis
3308 682 3631 739 iustaurabis

2042 795 2302 836 errorem.
2333 776 2487 848 Quod
2516 778 2560 832 si
2601 793 2707 832 non
2751 775 2913 844 lacis;
2960 774 3104 847 quod
3130 774 3309 831 dixisti
3340 774 3586 830 incautus
3612 814 3627 835 ,

2042 871 2252 942 corrige
2305 869 2609 926 admonitus
2651 885 2664 922 :
2710 876 2766 925 et
2811 868 3072 924 conﬁtere
3115 867 3310 923 bonam
3361 867 3629 921 conditam

2042 976 2165 1017 esse
2193 970 2456 1026 naturam,
2482 975 2603 1031 qua:
2632 959 2683 1014 in
2713 959 2909 1014 malum
2938 956 3081 1029 quod
3108 956 3252 1022 iecit,
3278 957 3419 1012 nulla
3447 972 3634 1013 neces-

2043 1054 2200 1108 sitate
2241 1052 2517 1123 compulsa
2543 1094 2558 1120 ,
2590 1050 2686 1108 sed
2732 1066 2827 1107 sua
2858 1050 3129 1106 voluntate
3164 1048 3397 1120 collapsa
3444 1056 3547 1104 est.
3582 1049 3636 1104 lu

2045 1143 2241 1199 bonum
2271 1153 2451 1199 autem
2480 1142 2620 1216 quod
2664 1142 2921 1213 reliquit,
2947 1141 3115 1197 solius
3146 1139 3238 1195 Dei
3276 1138 3445 1211 gratia
3485 1154 3638 1194 revo-

2046 1235 2156 1291 cari
2184 1244 2395 1306 potest,
2429 1250 2531 1290 non
2561 1235 2831 1289 voluntate
2865 1233 2883 1265 ³
2932 1232 3191 1289 libertatis
3214 1273 3231 1301 ,
3258 1248 3417 1303 quam
3444 1233 3641 1287 merito

1999 1409 2002 1413 '
2048 1326 2342 1400 iniquitatis
2370 1328 2569 1383 amisit.
2599 1326 2786 1382 Potest
2809 1325 3008 1397 quippe
3035 1336 3086 1380 et
3117 1325 3275 1389 alius,
3305 1323 3554 1380 similiter
3583 1333 3642 1379 ut

2048 1426 2105 1473 tu
2129 1433 2337 1483 errans,
2367 1417 2565 1485 dicere,
2594 1418 2731 1487 Quid
2763 1418 2912 1489 pejus
2940 1433 3003 1473 ea
3032 1428 3218 1488 potero
3245 1416 3486 1472 invenire
3511 1416 3640 1471 sub-

2048 1512 2265 1578 stantia,
2284 1529 2402 1583 qua:
2426 1511 2560 1567 facta
2585 1522 2671 1568 est
2694 1522 2751 1571 ut
2777 1513 2828 1567 in
2852 1520 3109 1566 internum
3130 1511 3449 1581 supplicium
3472 1510 3643 1582 possit

2050 1603 2149 1672 ire,
2177 1612 2231 1659 et
2260 1603 2382 1659 inde
2412 1604 2589 1659 redire
2618 1621 2721 1660 non
2749 1603 2953 1673 possit?
2993 1602 3060 1658 Et
3090 1602 3272 1673 utique
3300 1602 3439 1658 Deus
3466 1602 3643 1656 omni-

2052 1705 2241 1769 potens
2266 1712 2295 1752 a
2321 1713 2428 1769 quo
2455 1697 2568 1752 vult
2607 1695 2869 1773 supplicio
2906 1709 3098 1752 eruere
3127 1703 3337 1766 potest;
3364 1693 3457 1749 sed
3486 1709 3643 1748 men-

2053 1791 2139 1848 tiri
2166 1807 2272 1849 non
2316 1800 2522 1863 potest,
2557 1790 2648 1862 qui
2674 1790 2906 1845 minatus
2943 1799 3026 1845 est
3066 1787 3169 1844 hoc
3196 1803 3256 1843 se
3282 1804 3386 1842 non
3417 1802 3536 1842 esse
3567 1784 3645 1839 ίι-

2051 1891 2283 1950 cturmu,
2313 1881 2526 1954 quando
2550 1881 2604 1937 id
2629 1880 2947 1952 supplicium
2977 1878 3110 1935 dixit
3137 1888 3417 1935 internum.
3448 1878 3553 1935 Sed
3587 1886 3645 1931 ut

2051 1975 2120 2032 de
2149 1975 2250 2031 hac
2290 1990 2350 2031 re
2378 1990 2513 2030 vana
2538 1973 2716 2044 sapias
2734 2015 2750 2041 ,
2779 1971 2915 2027 fallit
2954 1980 3005 2027 te
3028 1969 3267 2026 deﬁnitio
3298 1977 3386 2025 tua
3411 2012 3427 2034 ,
3455 1985 3557 2040 qua
3587 1969 3638 2022 iu

2052 2066 2315 2137 superiori
2347 2065 2724 2137 prosecutione
2746 2064 2791 2132 ',
2822 2062 2908 2119 cui
2934 2063 3043 2132 jam
3073 2061 3471 2133 respondimus,
3502 2060 3642 2115 sicut

2053 2172 2196 2229 sa-pe
2215 2158 2271 2213 et
2289 2150 2415 2213 alibi
2437 2155 2589 2224 facis,
2623 2156 2846 2211 liberum
2869 2154 3148 2210 arbitrium
3176 2153 3430 2209 deﬁnisti.
3457 2151 3640 2207 Dixisti

2053 2249 2218 2318 enim,
2247 2268 2265 2302 ι
2293 2248 2543 2305 Liberum
2572 2247 2849 2305 arbitrium
2879 2263 2986 2303 non
3011 2255 3093 2302 est
3120 2245 3261 2301 aliud
3283 2261 3441 2317 quam
3470 2245 3612 2315 possi
3632 2273 3646 2283 -

2054 2338 2234 2396 bilitas
2259 2338 2518 2411 peccandi
2562 2347 2616 2395 et
2665 2352 2771 2394 non
2817 2336 3095 2410 peccandi.
3133 2355 3153 2390 ι
3183 2335 3297 2404 Qua
3336 2335 3649 2391 deﬁnitione

2057 2426 2287 2502 primum
2317 2431 2416 2504 ipsi
2445 2430 2557 2486 Deo
2583 2430 2806 2486 liberum
2834 2429 3112 2485 arbitrium
3149 2426 3416 2484 abstulisti
3440 2468 3454 2491 ,
3486 2442 3645 2498 quem

2057 2539 2163 2579 non
2193 2537 2378 2593 negas,
2406 2522 2527 2593 quia
2555 2531 2610 2577 et
2637 2522 2740 2576 hoc
2766 2536 2910 2590 stepe
2937 2518 3092 2587 dicis,
3119 2528 3174 2574 et
3197 2535 3383 2574 verum
3411 2526 3512 2580 est,
3543 2533 3648 2572 non

2058 2626 2216 2687 posse
2244 2627 2487 2685 peccare.
2524 2611 2728 2668 Deinde
2754 2611 2857 2683 ipsi
2889 2610 3058 2666 sancti
3089 2610 3143 2664 in
3170 2625 3338 2681 regno
3367 2609 3483 2680 ejus
3513 2608 3651 2664 libe-

2058 2722 2177 2762 rum
2206 2704 2487 2762 arbitrium
2518 2702 2777 2774 perdituri
2805 2710 2929 2759 sunt
2951 2744 2966 2768 ,
2997 2702 3087 2758 ubi
3121 2717 3341 2772 peccare
3368 2716 3476 2756 non
3505 2711 3655 2772 pote-

2059 2805 2204 2853 runt.
2238 2796 2436 2853 Verum
2467 2794 2557 2851 hic
2581 2793 2952 2851 admonendus
2990 2808 3051 2849 es
3074 2835 3088 2858 ,
3119 2792 3248 2866 quid
3280 2793 3347 2849 de
3375 2792 3477 2848 hoc
3509 2792 3650 2848 unde

2059 2902 2203 2945 nunc
2227 2887 2456 2959 agimus,
2483 2900 2674 2956 sapere
2699 2885 2922 2953 debeas,
2956 2899 3167 2954 prauam
3197 2883 3405 2940 scilicet
3436 2891 3493 2939 et
3515 2900 3653 2956 pra:-

2060 2980 2247 3046 mium,
2280 2977 2531 3034 intuenda
2574 2976 2716 3033 inter
2743 2991 2802 3033 se
2842 2991 2964 3031 esse
2992 2976 3259 3031 contraria
3286 3018 3301 3043 ,
3331 2982 3387 3032 et
3413 2977 3515 3032 alia
3546 2977 3654 3032 duo

2058 3069 2329 3127 contraria
2356 3068 2441 3124 his
2459 3067 2747 3124 contrariis
2770 3064 3047 3122 adincrere
3075 3082 3089 3119 :
3117 3065 3196 3121 sic
3220 3063 3242 3098 ⁸
3267 3080 3396 3137 ergo
3416 3065 3468 3120 in
3491 3081 3648 3137 paena

2059 3169 2145 3218 est
2173 3177 2277 3217 non
2306 3174 2469 3233 posse
2493 3166 2639 3215 recte
2663 3173 2822 3230 agere
2846 3198 2861 3221 ,
2893 3158 3032 3213 sicut
3072 3158 3175 3213 erit
3214 3158 3265 3212 in
3300 3158 3521 3228 p‘rznntio
3547 3174 3651 3213 non

2062 3269 2219 3326 posse
2245 3267 2488 3325 peccare.
2518 3250 2749 3309 Attende
2768 3250 3093 3321 Scripturas,
3120 3266 3148 3304 a
3179 3250 3370 3321 quibus
3396 3249 3652 3306 miseran-

2064 3347 2166 3403 dus
2184 3345 2481 3414 exorbitas,
2508 3354 2565 3402 et
2588 3341 2932 3417 vagabundus
2953 3353 3169 3401 ventosa
3199 3344 3516 3417 loquacitate
3537 3345 3652 3400 tan-

2061 3454 2220 3511 quam
2268 3447 2587 3511 tempestate
2629 3437 2879 3509 jactaris;
2934 3445 2990 3493 et
3035 3437 3156 3493 vide
3204 3437 3655 3509 quemadmodum

2060 3529 2263 3585 dictum
2290 3528 2394 3595 sit,
2424 3527 2576 3597 Quod
2602 3526 2856 3596 quaerebat
2880 3524 3049 3582 Israel
3073 3569 3087 3593 ,
3120 3527 3215 3581 hoc
3243 3520 3344 3583 non
3374 3538 3447 3582 est
3476 3545 3656 3584 conse-

2062 3629 2246 3683 cutus;
2287 3619 2464 3673 electio
2491 3628 2660 3672 autem
2703 3627 2969 3672 consecuta
3008 3627 3081 3673 est
3112 3632 3131 3672 :
3161 3618 3328 3673 ueteri
3352 3635 3466 3673 vero
3495 3637 3657 3674 excrc-

2062 3711 2165 3767 cati
2182 3720 2335 3777 sunt;
2372 3710 2501 3765 sicut
2525 3711 2772 3782 scriptum
2799 3718 2910 3778 est,
2946 3708 3095 3765 Dedit
3122 3709 3225 3765 illis
3257 3710 3394 3764 Deus
3423 3711 3659 3781 apii-itam

2063 3804 2488 3875 ceiupunctionis,
2521 3804 2693 3859 oculos
2734 3813 2791 3859 ut
2837 3821 2939 3859 non
2968 3803 3192 3870 videant,
3224 3813 3268 3859 et
3295 3822 3445 3858 anrcs
3472 3815 3526 3858 ut
3555 3823 3656 3857 non

2064 3899 2295 3964 audiant,
2323 3912 2477 3968 usque
2501 3895 2555 3950 in
2575 3894 2876 3950 hodiernum
2906 3899 3057 3950 diem.
3090 3892 3157 3949 Et
3180 3894 3346 3950 David
3368 3896 3511 3962 dicit,
3537 3894 3657 3950 Fiat

2066 4005 2239 4045 mensa
2265 4004 2441 4044 eorum
2457 3988 2512 4042 in
2531 3988 2788 4060 laqueum,
2820 3997 2864 4042 ct
2892 3988 2943 4042 in
2966 3988 3269 4060 captionem,
3292 3998 3337 4043 ct
3359 3989 3412 4044 in
3434 3990 3658 4045 scanda-

2065 4080 2207 4151 lum,
2237 4090 2282 4136 et
2319 4080 2374 4135 in
2416 4078 2792 4135 retributione»:
2830 4079 2963 4143 illis;
3008 4081 3340 4135 obscurentur
3363 4082 3497 4135 oculi
3522 4080 3541 4111 ’⁸
3568 4097 3658 4135 co-

2065 4192 2180 4229 rum
2221 4189 2284 4231 ne
2321 4169 2521 4227 videant
2544 4213 2558 4236 ,
2610 4181 2657 4228 et
2707 4171 2915 4226 dorsum
2962 4172 3169 4226 illorum
3213 4189 3409 4243 semper
3453 4173 3654 4228 incurva

2068 4266 2262 4341 (Rom.
2301 4280 2356 4324 xl
2378 4308 2393 4332 ,
2427 4260 2564 4321 7'10
2583 4262 2625 4336 ).
2655 4264 2851 4334 Aspice
2892 4262 3053 4318 etiam
3084 4261 3213 4338 illud
3240 4264 3292 4318 iu
3325 4244 3611 4335 Evangelia
3638 4283 3651 4318 :

2071 4360 2349 4432 Propterea
2374 4399 2390 4425 ,
2424 4357 2634 4428 inquit,
2664 4373 2766 4411 non
2793 4364 3023 4428 poterant
3063 4354 3265 4411 credere
3285 4399 3299 4421 ,
3330 4357 3451 4427 quia
3481 4356 3591 4411 iter:
3610 4356 3663 4407 m’

2068 4452 2197 4507 dixit
2214 4449 2404 4517 Isaias,
2427 4446 2712 4504 Excazcavit
2730 4445 2905 4508 oculos
2931 4463 3124 4512 eorum,
3151 4456 3198 4501 et
3215 4446 3469 4502 induravit
3489 4463 3662 4501 eorum

2069 4562 2178 4610 cor,
2206 4554 2384 4598 utnon
2409 4542 2611 4596 videant
2632 4540 2811 4604 oculis,
2841 4556 2930 4594 nec
2959 4540 3243 4612 intelligant
3272 4539 3440 4604 corde,
3472 4549 3519 4593 et
3540 4557 3669 4593 con-

2069 4630 2348 4696 vertantur,
2372 4643 2417 4688 et
2441 4649 2615 4688 senem
2641 4649 2724 4686 eos
2751 4629 2940 4704 (Joan.
2964 4646 3057 4697 xu,
3086 4631 3176 4695 59,
3208 4630 3332 4703 40).
3368 4630 3492 4690 Hinc
3515 4645 3665 4688 com-

2072 4725 2365 4782 memoravi
2390 4766 2405 4789 ,
2436 4731 2495 4778 ut
2523 4722 2784 4792 intelligas
2808 4761 2825 4788 ,
2863 4721 2908 4775 si
2954 4722 3146 4790 possis,
3181 4720 3292 4775 ﬁeri
3323 4735 3419 4789 per
3447 4735 3658 4790 puniant

2073 4817 2446 4892 proculdubio
2471 4816 2668 4888 justam
2712 4822 2773 4869 ut
2809 4829 2916 4868 non
2959 4813 3182 4868 credant
3210 4812 3456 4869 homines
3481 4830 3661 4869 excre-

2072 4922 2193 4967 cato
2217 4907 2421 4975 corde;
2468 4923 2588 4965 cum
2630 4922 2728 4983 per
2752 4903 3174 4960 misericordiam
3226 4903 3317 4959 ﬁat
3356 4912 3414 4961 ut
3439 4904 3662 4963 credant

2074 5002 2239 5057 libera
2264 5000 2558 5056 voluntate.
2589 4996 2721 5065 Quis
2750 4996 2891 5052 enim
2924 4996 3114 5064 nescit,
3144 4995 3414 5052 neminem
3440 4997 3664 5055 credere

2074 5091 2176 5149 nisi
2203 5093 2370 5149 libero
2392 5089 2679 5146 voluntatis
2704 5088 2964 5146 arbitrio?
2987 5088 3091 5144 Sed
3123 5098 3338 5159 paratur
3362 5090 3607 5147 voluntas
3633 5109 3661 5146 a

2074 5186 2303 5242 Domino
2335 5202 2349 5241 :
2382 5198 2481 5239 nec
2510 5182 2975 5239 omniuoeruitur.
2999 5196 3030 5235 ει
3072 5182 3328 5239 servitute
3371 5193 3510 5239 mala
3551 5200 3664 5241 szus

2048 5277 2280 5334 .mcritis
2308 5275 2483 5359 debita
2509 5317 2524 5342 ,
2567 5273 2668 5329 nisi
2713 5272 2929 5344 quando
2974 5286 3071 5340 per
3107 5274 3391 5345 gratuitam
3433 5278 3660 5348 gratiam

2073 5380 2292 5444 paratur
2319 5385 2349 5425 a
2373 5367 2621 5424 Domino.
2665 5366 2721 5423 Si
2768 5366 2912 5423 enim
2958 5366 3100 5424 Deus
3138 5383 3204 5424 ex
3235 5367 3542 5427 nolentibus
3574 5387 3664 5426 vo-

2138 5591 2154 5622 ι
2190 5590 2327 5643 Edtu,
2352 5597 2444 5635 non
2465 5581 2517 5635 in
2541 5588 2790 5635 votmtate.
2830 5582 2991 5644 Abest,
3017 5585 3084 5642 in,
3110 5595 3138 5633 ι
3166 5583 3519 5644 manuscriptis.

2136 5652 2158 5717 ξ
2189 5650 2259 5717 sic
2281 5642 2399 5717 Mss.
2415 5652 2463 5694 tn
2486 5654 2641 5717 tigrin,
2661 5642 3003 5717 persecutione.

2140 5713 2161 5782 ξ
2193 5709 2481 5782 Ϊὶᾕῃίρνὶιιδ,
2500 5704 2559 5782 si.
2586 5714 2639 5782 at
2661 5704 2790 5765 Mss,
2813 5704 2901 5756 sic.

2141 5775 2163 5806 ⁸
2192 5762 2499 5835 ιιὶἰιὶ,εοιάἀ.
2520 5768 2676 5819 Codex
2704 5762 2846 5829 I'ort.,
2870 5766 3013 5823 oculi,
3038 5774 3089 5817 ut
3111 5765 3236 5829 apud
3259 5762 3549 5828 Aposwlum.
