  <div class='ocr_page' id='page_1' title='image "/cluster/home/n/w/nwhite01/storage/ocr_20150623/44-45/uc1.31175026792435/769.png"; bbox 0 0 4124 6516; ppageno 0'>
   <div class='ocr_carea' id='block_1_1' title="bbox 649 259 789 316">
    <p class='ocr_par' dir='ltr' id='par_1_1' title="bbox 649 259 789 316">
     <span class='ocr_line' id='line_1_1' title="bbox 649 259 789 316; baseline 0.021 -3"><span class='ocrx_word' id='word_1_1' title='bbox 649 259 789 316; x_wconf 76' lang='grc'><strong>1519</strong></span> 
     </span>
    </p>
   </div>
   <div class='ocr_carea' id='block_1_2' title="bbox 644 368 2236 441">
    <p class='ocr_par' dir='ltr' id='par_1_2' title="bbox 644 368 2236 441">
     <span class='ocr_line' id='line_1_2' title="bbox 644 368 2236 441; baseline 0 -14"><span class='ocrx_word' id='word_1_2' title='bbox 644 375 820 428; x_wconf 85' lang='lat' dir='ltr'><strong>tentes</strong></span> <span class='ocrx_word' id='word_1_3' title='bbox 847 388 954 426; x_wconf 82' lang='lat' dir='ltr'><strong>non</strong></span> <span class='ocrx_word' id='word_1_4' title='bbox 984 369 1217 437; x_wconf 84' lang='lat' dir='ltr'><strong>faceret,</strong></span> <span class='ocrx_word' id='word_1_5' title='bbox 1263 368 1504 440; x_wconf 87' lang='lat' dir='ltr'><strong>profecto</strong></span> <span class='ocrx_word' id='word_1_6' title='bbox 1532 384 1630 440; x_wconf 93' lang='lat' dir='ltr'><strong>pro</strong></span> <span class='ocrx_word' id='word_1_7' title='bbox 1659 370 1740 427; x_wconf 91' lang='lat' dir='ltr'><strong>eis</strong></span> <span class='ocrx_word' id='word_1_8' title='bbox 1773 371 1861 441; x_wconf 88' lang='lat' dir='ltr'><strong>qui</strong></span> <span class='ocrx_word' id='word_1_9' title='bbox 1901 370 2086 426; x_wconf 90' lang='lat' dir='ltr'><strong>nolunt</strong></span> <span class='ocrx_word' id='word_1_10' title='bbox 2117 387 2236 427; x_wconf 87' lang='lat' dir='ltr'><strong>cre-</strong></span> 
     </span>
    </p>
   </div>
   <div class='ocr_carea' id='block_1_3' title="bbox 642 459 2237 531">
    <p class='ocr_par' dir='ltr' id='par_1_3' title="bbox 642 459 2237 531">
     <span class='ocr_line' id='line_1_3' title="bbox 642 459 2237 531; baseline 0.001 -16"><span class='ocrx_word' id='word_1_11' title='bbox 642 466 793 529; x_wconf 85' lang='lat' dir='ltr'><strong>dere,</strong></span> <span class='ocrx_word' id='word_1_12' title='bbox 824 478 934 518; x_wconf 88' lang='lat' dir='ltr'><strong>non</strong></span> <span class='ocrx_word' id='word_1_13' title='bbox 959 475 1240 518; x_wconf 90' lang='lat' dir='ltr'><strong>oraremus</strong></span> <span class='ocrx_word' id='word_1_14' title='bbox 1270 469 1328 515; x_wconf 91' lang='lat' dir='ltr'><strong>ut</strong></span> <span class='ocrx_word' id='word_1_15' title='bbox 1354 460 1573 516; x_wconf 91' lang='lat' dir='ltr'><strong>vellent.</strong></span> <span class='ocrx_word' id='word_1_16' title='bbox 1605 459 1757 528; x_wconf 86' lang='lat' dir='ltr'><strong>Quod</strong></span> <span class='ocrx_word' id='word_1_17' title='bbox 1786 469 1841 516; x_wconf 90' lang='lat' dir='ltr'><strong>et</strong></span> <span class='ocrx_word' id='word_1_18' title='bbox 1869 460 2157 531; x_wconf 73' lang='lat' dir='ltr'><strong>Apostolus</strong></span> <span class='ocrx_word' id='word_1_19' title='bbox 2176 478 2237 518; x_wconf 90' lang='lat' dir='ltr'><strong>se</strong></span> 
     </span>
    </p>
   </div>
   <div class='ocr_carea' id='block_1_4' title="bbox 642 551 2237 624">
    <p class='ocr_par' dir='ltr' id='par_1_4' title="bbox 642 551 2237 624">
     <span class='ocr_line' id='line_1_4' title="bbox 642 551 2237 624; baseline 0.001 -15"><span class='ocrx_word' id='word_1_20' title='bbox 642 555 838 610; x_wconf 87' lang='lat' dir='ltr'><strong>fecisse</strong></span> <span class='ocrx_word' id='word_1_21' title='bbox 865 569 964 624; x_wconf 90' lang='lat' dir='ltr'><strong>pro</strong></span> <span class='ocrx_word' id='word_1_22' title='bbox 986 551 1189 610; x_wconf 74' lang='lat' dir='ltr'><strong>Judmis</strong></span> <span class='ocrx_word' id='word_1_23' title='bbox 1217 554 1554 617; x_wconf 89' lang='lat' dir='ltr'><strong>monstravit,</strong></span> <span class='ocrx_word' id='word_1_24' title='bbox 1584 552 1675 608; x_wconf 92' lang='lat' dir='ltr'><strong>ubi</strong></span> <span class='ocrx_word' id='word_1_25' title='bbox 1706 552 1781 607; x_wconf 91' lang='lat' dir='ltr'><strong>ait</strong></span> <span class='ocrx_word' id='word_1_26' title='bbox 1806 569 1819 606; x_wconf 88' lang='lat'>:</span> <span class='ocrx_word' id='word_1_27' title='bbox 1852 551 2080 619; x_wconf 80' lang='lat' dir='ltr'><strong>Fratres,</strong></span> <span class='ocrx_word' id='word_1_28' title='bbox 2107 556 2237 611; x_wconf 84' lang='lat' dir='ltr'><strong>bona</strong></span> 
     </span>
    </p>
   </div>
   <div class='ocr_carea' id='block_1_5' title="bbox 640 637 2238 718">
    <p class='ocr_par' dir='ltr' id='par_1_5' title="bbox 640 637 2238 718">
     <span class='ocr_line' id='line_1_5' title="bbox 640 637 2238 718; baseline -0.001 -15"><span class='ocrx_word' id='word_1_29' title='bbox 640 637 874 704; x_wconf 66' lang='grc' dir='ltr'>ιῗυιιιιιιαε</span> <span class='ocrx_word' id='word_1_30' title='bbox 889 647 1059 703; x_wconf 79' lang='lat' dir='ltr'><strong>cordis</strong></span> <span class='ocrx_word' id='word_1_31' title='bbox 1074 647 1190 712; x_wconf 86' lang='lat' dir='ltr'><strong>mei,</strong></span> <span class='ocrx_word' id='word_1_32' title='bbox 1209 654 1255 701; x_wconf 83' lang='lat' dir='ltr'><strong>et</strong></span> <span class='ocrx_word' id='word_1_33' title='bbox 1276 645 1561 717; x_wconf 80' lang='lat' dir='ltr'><strong>deprecatio</strong></span> <span class='ocrx_word' id='word_1_34' title='bbox 1580 661 1673 718; x_wconf 89' lang='lat' dir='ltr'><strong>pro</strong></span> <span class='ocrx_word' id='word_1_35' title='bbox 1693 645 1796 700; x_wconf 83' lang='lat' dir='ltr'><strong>illis</strong></span> <span class='ocrx_word' id='word_1_36' title='bbox 1815 645 1883 698; x_wconf 85' lang='lat' dir='ltr'><strong>ad</strong></span> <span class='ocrx_word' id='word_1_37' title='bbox 1904 644 2064 701; x_wconf 83' lang='lat' dir='ltr'><strong>Deum</strong></span> <span class='ocrx_word' id='word_1_38' title='bbox 2081 647 2134 701; x_wconf 79' lang='lat' dir='ltr'><strong>in</strong></span> <span class='ocrx_word' id='word_1_39' title='bbox 2150 664 2238 702; x_wconf 83' lang='lat' dir='ltr'><strong>sa-</strong></span> 
     </span>
    </p>
   </div>
   <div class='ocr_carea' id='block_1_6' title="bbox 639 728 2234 810">
    <p class='ocr_par' dir='ltr' id='par_1_6' title="bbox 639 728 2234 810">
     <span class='ocr_line' id='line_1_6' title="bbox 639 728 2234 810; baseline 0.001 -16"><span class='ocrx_word' id='word_1_40' title='bbox 639 728 799 796; x_wconf 61' lang='lat' dir='ltr'><strong>lti&#39;tem</strong></span> <span class='ocrx_word' id='word_1_41' title='bbox 819 739 837 810; x_wconf 96' lang='lat'><strong>(</strong></span> <span class='ocrx_word' id='word_1_42' title='bbox 858 738 1013 795; x_wconf 83' lang='lat' dir='ltr'><strong>Rom.</strong></span> <span class='ocrx_word' id='word_1_43' title='bbox 1039 755 1091 808; x_wconf 81' lang='grc' dir='ltr'>ιι,</span> <span class='ocrx_word' id='word_1_44' title='bbox 1119 740 1196 810; x_wconf 80' lang='lat' dir='ltr'><strong>l).</strong></span> <span class='ocrx_word' id='word_1_45' title='bbox 1227 738 1375 794; x_wconf 83' lang='lat' dir='ltr'><strong>lianc</strong></span> <span class='ocrx_word' id='word_1_46' title='bbox 1391 738 1573 809; x_wconf 81' lang='lat' dir='ltr'><strong>utique</strong></span> <span class='ocrx_word' id='word_1_47' title='bbox 1592 738 1815 793; x_wconf 83' lang='lat' dir='ltr'><strong>salutem</strong></span> <span class='ocrx_word' id='word_1_48' title='bbox 1837 741 2112 810; x_wconf 86' lang='lat' dir='ltr'><strong>consequi,</strong></span> <span class='ocrx_word' id='word_1_49' title='bbox 2133 740 2234 795; x_wconf 85' lang='lat' dir='ltr'><strong>nisi</strong></span> 
     </span>
    </p>
   </div>
   <div class='ocr_carea' id='block_1_7' title="bbox 634 829 2235 902">
    <p class='ocr_par' dir='ltr' id='par_1_7' title="bbox 634 829 2235 902">
     <span class='ocr_line' id='line_1_7' title="bbox 634 829 2235 902; baseline 0 -14"><span class='ocrx_word' id='word_1_50' title='bbox 634 832 894 888; x_wconf 89' lang='lat' dir='ltr'><strong>credente</strong></span> <span class='ocrx_word' id='word_1_51' title='bbox 908 831 1194 897; x_wconf 88' lang='lat' dir='ltr'><strong>voluntate,</strong></span> <span class='ocrx_word' id='word_1_52' title='bbox 1212 847 1315 886; x_wconf 91' lang='lat' dir='ltr'><strong>non</strong></span> <span class='ocrx_word' id='word_1_53' title='bbox 1331 839 1572 902; x_wconf 84' lang='lat' dir='ltr'><strong>possent:</strong></span> <span class='ocrx_word' id='word_1_54' title='bbox 1590 829 1690 885; x_wconf 93' lang='lat' dir='ltr'><strong>hoc</strong></span> <span class='ocrx_word' id='word_1_55' title='bbox 1701 844 1829 901; x_wconf 85' lang='lat' dir='ltr'><strong>ergo</strong></span> <span class='ocrx_word' id='word_1_56' title='bbox 1842 831 2028 887; x_wconf 90' lang='lat' dir='ltr'><strong>beatus</strong></span> <span class='ocrx_word' id='word_1_57' title='bbox 2039 832 2235 888; x_wconf 88' lang='lat' dir='ltr'><strong>Paulus</strong></span> 
     </span>
    </p>
   </div>
   <div class='ocr_carea' id='block_1_8' title="bbox 638 920 2232 992">
    <p class='ocr_par' dir='ltr' id='par_1_8' title="bbox 638 920 2232 992">
     <span class='ocr_line' id='line_1_8' title="bbox 638 920 2232 992; baseline 0 -15"><span class='ocrx_word' id='word_1_58' title='bbox 638 921 830 977; x_wconf 79' lang='lat' dir='ltr'><strong>orabat</strong></span> <span class='ocrx_word' id='word_1_59' title='bbox 846 929 904 977; x_wconf 89' lang='lat' dir='ltr'><strong>ut</strong></span> <span class='ocrx_word' id='word_1_60' title='bbox 924 921 1137 977; x_wconf 83' lang='lat' dir='ltr'><strong>vellent.</strong></span> <span class='ocrx_word' id='word_1_61' title='bbox 1166 920 1235 976; x_wconf 84' lang='lat' dir='ltr'><strong>Et</strong></span> <span class='ocrx_word' id='word_1_62' title='bbox 1253 922 1533 991; x_wconf 86' lang='lat' dir='ltr'><strong>episcopus</strong></span> <span class='ocrx_word' id='word_1_63' title='bbox 1559 920 1853 992; x_wconf 82' lang='lat' dir='ltr'><strong>Cyprianus</strong></span> <span class='ocrx_word' id='word_1_64' title='bbox 1872 921 2013 992; x_wconf 89' lang='lat' dir='ltr'><strong>quod</strong></span> <span class='ocrx_word' id='word_1_65' title='bbox 2034 921 2232 977; x_wconf 86' lang='lat' dir='ltr'><strong>dictum</strong></span> 
     </span>
    </p>
   </div>
   <div class='ocr_carea' id='block_1_9' title="bbox 641 1010 2233 1092">
    <p class='ocr_par' dir='ltr' id='par_1_9' title="bbox 641 1010 2233 1092">
     <span class='ocr_line' id='line_1_9' title="bbox 641 1010 2233 1092; baseline 0.001 -25"><span class='ocrx_word' id='word_1_66' title='bbox 641 1012 798 1067; x_wconf 92' lang='lat' dir='ltr'><strong>estin</strong></span> <span class='ocrx_word' id='word_1_67' title='bbox 822 1014 1061 1067; x_wconf 89' lang='lat' dir='ltr'><strong>oratione</strong></span> <span class='ocrx_word' id='word_1_68' title='bbox 1087 1012 1372 1074; x_wconf 83' lang='lat' dir='ltr'><strong>dominica,</strong></span> <span class='ocrx_word' id='word_1_69' title='bbox 1398 1010 1512 1064; x_wconf 80' lang='lat' dir='ltr'><strong>Fiat</strong></span> <span class='ocrx_word' id='word_1_70' title='bbox 1533 1012 1766 1065; x_wconf 73' lang='lat' dir='ltr'><strong>voluntas</strong></span> <span class='ocrx_word' id='word_1_71' title='bbox 1788 1020 1875 1065; x_wconf 83' lang='lat' dir='ltr'><strong>tua</strong></span> <span class='ocrx_word' id='word_1_72' title='bbox 1893 1013 2019 1092; x_wconf 76' lang='lat' dir='ltr'><strong>sicut</strong></span> <span class='ocrx_word' id='word_1_73' title='bbox 2037 1013 2089 1067; x_wconf 90' lang='lat' dir='ltr'><strong>in</strong></span> <span class='ocrx_word' id='word_1_74' title='bbox 2109 1013 2233 1068; x_wconf 66' lang='lat' dir='ltr'><strong>cato</strong></span> 
     </span>
    </p>
   </div>
   <div class='ocr_carea' id='block_1_10' title="bbox 639 1103 2231 1181">
    <p class='ocr_par' dir='ltr' id='par_1_10' title="bbox 639 1103 2231 1181">
     <span class='ocr_line' id='line_1_10' title="bbox 639 1103 2231 1181; baseline -0.001 -20"><span class='ocrx_word' id='word_1_75' title='bbox 639 1115 686 1161; x_wconf 85' lang='lat' dir='ltr'><strong>et</strong></span> <span class='ocrx_word' id='word_1_76' title='bbox 710 1106 762 1160; x_wconf 86' lang='lat' dir='ltr'><strong>in</strong></span> <span class='ocrx_word' id='word_1_77' title='bbox 784 1115 918 1160; x_wconf 83' lang='lat' dir='ltr'><strong>terra</strong></span> <span class='ocrx_word' id='word_1_78' title='bbox 943 1104 1159 1181; x_wconf 77' lang='lat' dir='ltr'><strong>(Matth.</strong></span> <span class='ocrx_word' id='word_1_79' title='bbox 1187 1121 1262 1172; x_wconf 79' lang='grc' dir='ltr'><strong>γι,</strong></span> <span class='ocrx_word' id='word_1_80' title='bbox 1301 1105 1416 1174; x_wconf 81' lang='grc'><strong>10),</strong></span> <span class='ocrx_word' id='word_1_81' title='bbox 1447 1105 1607 1158; x_wconf 88' lang='lat' dir='ltr'><strong>etiam</strong></span> <span class='ocrx_word' id='word_1_82' title='bbox 1639 1103 1717 1157; x_wconf 87' lang='lat' dir='ltr'><strong>sic</strong></span> <span class='ocrx_word' id='word_1_83' title='bbox 1747 1103 2015 1174; x_wconf 91' lang='lat' dir='ltr'><strong>intelligit,</strong></span> <span class='ocrx_word' id='word_1_84' title='bbox 2052 1114 2109 1158; x_wconf 89' lang='lat' dir='ltr'><strong>ut</strong></span> <span class='ocrx_word' id='word_1_85' title='bbox 2136 1121 2231 1175; x_wconf 91' lang='lat' dir='ltr'><strong>pro</strong></span> 
     </span>
    </p>
   </div>
   <div class='ocr_carea' id='block_1_11' title="bbox 642 1195 2225 1265">
    <p class='ocr_par' dir='ltr' id='par_1_11' title="bbox 642 1195 2225 1265">
     <span class='ocr_line' id='line_1_11' title="bbox 642 1195 2225 1265; baseline 0.001 -14"><span class='ocrx_word' id='word_1_86' title='bbox 642 1197 948 1255; x_wconf 82' lang='lat' dir='ltr'><strong>inﬁdelibus</strong></span> <span class='ocrx_word' id='word_1_87' title='bbox 978 1197 1208 1253; x_wconf 88' lang='lat' dir='ltr'><strong>inimicis</strong></span> <span class='ocrx_word' id='word_1_88' title='bbox 1235 1196 1430 1253; x_wconf 90' lang='lat' dir='ltr'><strong>nostris</strong></span> <span class='ocrx_word' id='word_1_89' title='bbox 1460 1196 1718 1251; x_wconf 87' lang='lat' dir='ltr'><strong>admoniti</strong></span> <span class='ocrx_word' id='word_1_90' title='bbox 1746 1195 2004 1253; x_wconf 80' lang='lat' dir='ltr'><strong>fuerimus</strong></span> <span class='ocrx_word' id='word_1_91' title='bbox 2034 1212 2225 1265; x_wconf 89' lang='lat' dir='ltr'><strong>orare;</strong></span> 
     </span>
    </p>
   </div>
   <div class='ocr_carea' id='block_1_12' title="bbox 640 1286 2229 1360">
    <p class='ocr_par' dir='ltr' id='par_1_12' title="bbox 640 1286 2229 1360">
     <span class='ocr_line' id='line_1_12' title="bbox 640 1286 2229 1360; baseline 0.001 -18"><span class='ocrx_word' id='word_1_92' title='bbox 640 1298 699 1343; x_wconf 92' lang='lat' dir='ltr'><strong>ut</strong></span> <span class='ocrx_word' id='word_1_93' title='bbox 729 1287 1181 1360; x_wconf 85' lang='lat' dir='ltr'><strong>quemadmodum</strong></span> <span class='ocrx_word' id='word_1_94' title='bbox 1210 1302 1309 1344; x_wconf 88' lang='lat' dir='ltr'><strong>nos</strong></span> <span class='ocrx_word' id='word_1_95' title='bbox 1336 1286 1626 1354; x_wconf 88' lang='lat' dir='ltr'><strong>credimus,</strong></span> <span class='ocrx_word' id='word_1_96' title='bbox 1654 1288 1743 1358; x_wconf 85' lang='lat' dir='ltr'><strong>qui</strong></span> <span class='ocrx_word' id='word_1_97' title='bbox 1770 1289 1882 1358; x_wconf 90' lang='lat' dir='ltr'><strong>jam</strong></span> <span class='ocrx_word' id='word_1_98' title='bbox 1914 1289 2109 1343; x_wconf 65' lang='lat' dir='ltr'><strong>coelum</strong></span> <span class='ocrx_word' id='word_1_99' title='bbox 2140 1306 2229 1343; x_wconf 76' lang='lat' dir='ltr'><strong>su-</strong></span> 
     </span>
    </p>
   </div>
   <div class='ocr_carea' id='block_1_13' title="bbox 643 1378 2225 1453">
    <p class='ocr_par' dir='ltr' id='par_1_13' title="bbox 643 1378 2225 1453">
     <span class='ocr_line' id='line_1_13' title="bbox 643 1378 2225 1453; baseline 0.001 -18"><span class='ocrx_word' id='word_1_100' title='bbox 643 1397 785 1448; x_wconf 92' lang='lat' dir='ltr'><strong>mus,</strong></span> <span class='ocrx_word' id='word_1_101' title='bbox 815 1379 1077 1453; x_wconf 88' lang='lat' dir='ltr'><strong>portando</strong></span> <span class='ocrx_word' id='word_1_102' title='bbox 1101 1378 1333 1435; x_wconf 90' lang='lat' dir='ltr'><strong>hominis</strong></span> <span class='ocrx_word' id='word_1_103' title='bbox 1355 1379 1591 1436; x_wconf 58' lang='lat' dir='ltr'><strong>caelestis</strong></span> <span class='ocrx_word' id='word_1_104' title='bbox 1621 1378 1930 1449; x_wconf 78' lang='lat' dir='ltr'><strong>imaginem,</strong></span> <span class='ocrx_word' id='word_1_105' title='bbox 1960 1379 2037 1434; x_wconf 92' lang='lat' dir='ltr'><strong>sic</strong></span> <span class='ocrx_word' id='word_1_106' title='bbox 2064 1380 2225 1437; x_wconf 84' lang='lat' dir='ltr'><strong>etiam</strong></span> 
     </span>
    </p>
   </div>
   <div class='ocr_carea' id='block_1_14' title="bbox 635 1470 2226 1545">
    <p class='ocr_par' dir='ltr' id='par_1_14' title="bbox 635 1470 2226 1545">
     <span class='ocr_line' id='line_1_14' title="bbox 635 1470 2226 1545; baseline -0.001 -18"><span class='ocrx_word' id='word_1_107' title='bbox 635 1474 734 1545; x_wconf 86' lang='lat' dir='ltr'><strong>ipsi</strong></span> <span class='ocrx_word' id='word_1_108' title='bbox 756 1472 997 1539; x_wconf 90' lang='lat' dir='ltr'><strong>credant,</strong></span> <span class='ocrx_word' id='word_1_109' title='bbox 1017 1472 1104 1542; x_wconf 86' lang='lat' dir='ltr'><strong>qui</strong></span> <span class='ocrx_word' id='word_1_110' title='bbox 1121 1479 1401 1542; x_wconf 86' lang='lat' dir='ltr'><strong>prepterea</strong></span> <span class='ocrx_word' id='word_1_111' title='bbox 1423 1479 1563 1525; x_wconf 89' lang='lat' dir='ltr'><strong>terra</strong></span> <span class='ocrx_word' id='word_1_112' title='bbox 1583 1477 1727 1535; x_wconf 87' lang='lat' dir='ltr'><strong>sunt,</strong></span> <span class='ocrx_word' id='word_1_113' title='bbox 1753 1470 1875 1540; x_wconf 90' lang='lat' dir='ltr'><strong>quia</strong></span> <span class='ocrx_word' id='word_1_114' title='bbox 1895 1470 2093 1527; x_wconf 79' lang='lat' dir='ltr'><strong>terreni</strong></span> <span class='ocrx_word' id='word_1_115' title='bbox 2113 1480 2226 1525; x_wconf 88' lang='lat' dir='ltr'><strong>tan-</strong></span> 
     </span>
    </p>
   </div>
   <div class='ocr_carea' id='block_1_15' title="bbox 635 1558 2220 1635">
    <p class='ocr_par' dir='ltr' id='par_1_15' title="bbox 635 1558 2220 1635">
     <span class='ocr_line' id='line_1_15' title="bbox 635 1558 2220 1635; baseline -0.002 -16"><span class='ocrx_word' id='word_1_116' title='bbox 635 1574 746 1619; x_wconf 90' lang='lat' dir='ltr'><strong>tum</strong></span> <span class='ocrx_word' id='word_1_117' title='bbox 766 1562 995 1619; x_wconf 83' lang='lat' dir='ltr'><strong>hominis</strong></span> <span class='ocrx_word' id='word_1_118' title='bbox 1011 1563 1294 1633; x_wconf 77' lang='lat' dir='ltr'><strong>imaginem</strong></span> <span class='ocrx_word' id='word_1_119' title='bbox 1313 1558 1635 1635; x_wconf 86' lang='lat' dir='ltr'><strong>portant(De</strong></span> <span class='ocrx_word' id='word_1_120' title='bbox 1655 1559 1896 1615; x_wconf 86' lang='lat' dir='ltr'><strong>Oratione</strong></span> <span class='ocrx_word' id='word_1_121' title='bbox 1914 1559 2220 1633; x_wconf 63' lang='lat' dir='ltr'><strong>Domiaica).</strong></span> 
     </span>
    </p>
   </div>
   <div class='ocr_carea' id='block_1_16' title="bbox 700 1652 2222 1724">
    <p class='ocr_par' dir='ltr' id='par_1_16' title="bbox 700 1652 2222 1724">
     <span class='ocr_line' id='line_1_16' title="bbox 700 1652 2222 1724; baseline 0 -14"><span class='ocrx_word' id='word_1_122' title='bbox 700 1654 792 1710; x_wconf 83' lang='lat' dir='ltr'><strong>Xl.</strong></span> <span class='ocrx_word' id='word_1_123' title='bbox 832 1654 952 1711; x_wconf 73' lang='lat' dir='ltr'><strong>Jun.</strong></span> <span class='ocrx_word' id='word_1_124' title='bbox 996 1654 1161 1709; x_wconf 84' lang='lat' dir='ltr'><strong>Durat</strong></span> <span class='ocrx_word' id='word_1_125' title='bbox 1206 1667 1399 1723; x_wconf 88' lang='lat' dir='ltr'><strong>nempe</strong></span> <span class='ocrx_word' id='word_1_126' title='bbox 1457 1654 1598 1708; x_wconf 90' lang='lat' dir='ltr'><strong>inter</strong></span> <span class='ocrx_word' id='word_1_127' title='bbox 1651 1668 1747 1708; x_wconf 86' lang='lat' dir='ltr'><strong>vos</strong></span> <span class='ocrx_word' id='word_1_128' title='bbox 1796 1652 2222 1724; x_wconf 77' lang='lat' dir='ltr'><strong>Maniclneosqne</strong></span> 
     </span>
    </p>
   </div>
   <div class='ocr_carea' id='block_1_17' title="bbox 632 1743 2217 1815">
    <p class='ocr_par' dir='ltr' id='par_1_17' title="bbox 632 1743 2217 1815">
     <span class='ocr_line' id='line_1_17' title="bbox 632 1743 2217 1815; baseline -0.001 -15"><span class='ocrx_word' id='word_1_129' title='bbox 632 1745 829 1813; x_wconf 81' lang='lat' dir='ltr'><strong>fcedus,</strong></span> <span class='ocrx_word' id='word_1_130' title='bbox 859 1755 915 1800; x_wconf 92' lang='grc' dir='ltr'><strong>ιιι</strong></span> <span class='ocrx_word' id='word_1_131' title='bbox 942 1745 1016 1800; x_wconf 91' lang='lat' dir='ltr'><strong>illi</strong></span> <span class='ocrx_word' id='word_1_132' title='bbox 1044 1743 1400 1815; x_wconf 84' lang='lat' dir='ltr'><strong>professione,</strong></span> <span class='ocrx_word' id='word_1_133' title='bbox 1435 1758 1532 1797; x_wconf 90' lang='lat' dir='ltr'><strong>vos</strong></span> <span class='ocrx_word' id='word_1_134' title='bbox 1551 1744 2036 1814; x_wconf 79' lang='lat' dir='ltr'><strong>argumentatione,</strong></span> <span class='ocrx_word' id='word_1_135' title='bbox 2064 1744 2217 1813; x_wconf 85' lang='lat' dir='ltr'><strong>primi</strong></span> 
     </span>
    </p>
   </div>
   <div class='ocr_carea' id='block_1_18' title="bbox 622 1831 2213 1910">
    <p class='ocr_par' dir='ltr' id='par_1_18' title="bbox 622 1831 2213 1910">
     <span class='ocr_line' id='line_1_18' title="bbox 622 1831 2213 1910; baseline -0.003 -16"><span class='ocrx_word' id='word_1_136' title='bbox 622 1854 835 1910; x_wconf 85' lang='lat' dir='ltr'><strong>quoque</strong></span> <span class='ocrx_word' id='word_1_137' title='bbox 883 1838 1117 1893; x_wconf 88' lang='lat' dir='ltr'><strong>hominis</strong></span> <span class='ocrx_word' id='word_1_138' title='bbox 1166 1846 1409 1893; x_wconf 86' lang='lat' dir='ltr'><strong>naturam</strong></span> <span class='ocrx_word' id='word_1_139' title='bbox 1458 1836 1716 1894; x_wconf 88' lang='lat' dir='ltr'><strong>asseratis</strong></span> <span class='ocrx_word' id='word_1_140' title='bbox 1770 1837 1963 1890; x_wconf 87' lang='lat' dir='ltr'><strong>malam</strong></span> <span class='ocrx_word' id='word_1_141' title='bbox 2012 1831 2213 1892; x_wconf 82' lang='lat' dir='ltr'><strong>fuisse:</strong></span> 
     </span>
    </p>
   </div>
   <div class='ocr_carea' id='block_1_19' title="bbox 1335 256 3252 339">
    <p class='ocr_par' dir='ltr' id='par_1_19' title="bbox 1335 256 3252 339">
     <span class='ocr_line' id='line_1_19' title="bbox 1335 256 3252 339; baseline 0.011 -27"><span class='ocrx_word' id='word_1_142' title='bbox 1335 257 1578 313; x_wconf 70' lang='lat' dir='ltr'><strong>Ol‘EllIS</strong></span> <span class='ocrx_word' id='word_1_143' title='bbox 1617 256 2033 314; x_wconf 65' lang='lat' dir='ltr'><strong>lili‘Elti‘liC&#39;l&#39;l</strong></span> <span class='ocrx_word' id='word_1_144' title='bbox 2071 259 2340 317; x_wconf 64' lang='lat' dir='ltr'><strong>CONTRA</strong></span> <span class='ocrx_word' id='word_1_145' title='bbox 2381 263 2744 339; x_wconf 69' lang='lat' dir='ltr'><strong>JULIANUM,</strong></span> <span class='ocrx_word' id='word_1_146' title='bbox 2786 269 2847 329; x_wconf 87' lang='lat' dir='ltr'><strong>S.</strong></span> <span class='ocrx_word' id='word_1_147' title='bbox 2887 269 3252 334; x_wconf 74' lang='lat' dir='ltr'><strong>AUGUSTINI</strong></span> 
     </span>
    </p>
   </div>
   <div class='ocr_carea' id='block_1_20' title="bbox 3761 297 3872 361">
    <p class='ocr_par' dir='ltr' id='par_1_20' title="bbox 3761 297 3872 361">
     <span class='ocr_line' id='line_1_20' title="bbox 3761 297 3872 361; baseline 0.054 -7"><span class='ocrx_word' id='word_1_148' title='bbox 3761 297 3872 361; x_wconf 71' lang='lat' dir='ltr'><strong>me</strong></span> 
     </span>
    </p>
   </div>
   <div class='ocr_carea' id='block_1_21' title="bbox 2347 389 3871 476">
    <p class='ocr_par' dir='ltr' id='par_1_21' title="bbox 2347 389 3871 476">
     <span class='ocr_line' id='line_1_21' title="bbox 2347 389 3871 476; baseline 0.031 -49"><span class='ocrx_word' id='word_1_149' title='bbox 2347 391 2572 448; x_wconf 89' lang='lat' dir='ltr'><strong>peccare</strong></span> <span class='ocrx_word' id='word_1_150' title='bbox 2598 389 2653 435; x_wconf 86' lang='lat' dir='ltr'><strong>et</strong></span> <span class='ocrx_word' id='word_1_151' title='bbox 2690 398 2794 439; x_wconf 91' lang='lat' dir='ltr'><strong>non</strong></span> <span class='ocrx_word' id='word_1_152' title='bbox 2825 398 3048 456; x_wconf 87' lang='lat' dir='ltr'><strong>peccare</strong></span> <span class='ocrx_word' id='word_1_153' title='bbox 3092 398 3317 460; x_wconf 87' lang='lat' dir='ltr'><strong>posset:</strong></span> <span class='ocrx_word' id='word_1_154' title='bbox 3344 406 3463 453; x_wconf 90' lang='lat' dir='ltr'><strong>cum</strong></span> <span class='ocrx_word' id='word_1_155' title='bbox 3504 406 3749 476; x_wconf 80' lang='lat' dir='ltr'><strong>peccavit.</strong></span> <span class='ocrx_word' id='word_1_156' title='bbox 3771 413 3871 474; x_wconf 71' lang='lat' dir='ltr'><strong>fecit</strong></span> 
     </span>
    </p>
   </div>
   <div class='ocr_carea' id='block_1_22' title="bbox 2345 470 3869 578">
    <p class='ocr_par' dir='ltr' id='par_1_22' title="bbox 2345 470 3869 578">
     <span class='ocr_line' id='line_1_22' title="bbox 2345 470 3869 578; baseline 0.03 -57"><span class='ocrx_word' id='word_1_157' title='bbox 2345 470 2485 572; x_wconf 75' lang='lat' dir='ltr'><strong>quod</strong></span> <span class='ocrx_word' id='word_1_158' title='bbox 2511 486 2618 578; x_wconf 32' lang='lat' dir='ltr'><strong>nﬁon</strong></span> <span class='ocrx_word' id='word_1_159' title='bbox 2647 473 2829 578; x_wconf 77' lang='lat' dir='ltr'><strong>debuit</strong></span> <span class='ocrx_word' id='word_1_160' title='bbox 2851 479 3088 578; x_wconf 76' lang='lat' dir='ltr'><strong>quidem,</strong></span> <span class='ocrx_word' id='word_1_161' title='bbox 3236 488 3408 556; x_wconf 90' lang='lat' dir='ltr'><strong>potuit</strong></span> <span class='ocrx_word' id='word_1_162' title='bbox 3431 470 3597 552; x_wconf 84' lang='lat' dir='ltr'><strong>tamen</strong></span> <span class='ocrx_word' id='word_1_163' title='bbox 3624 516 3637 555; x_wconf 93' lang='lat'><strong>:</strong></span> <span class='ocrx_word' id='word_1_164' title='bbox 3767 470 3869 578; x_wconf 83' lang='lat' dir='ltr'><strong>quid</strong></span> 
     </span>
    </p>
   </div>
   <div class='ocr_carea' id='block_1_23' title="bbox 2344 558 3868 662">
    <p class='ocr_par' dir='ltr' id='par_1_23' title="bbox 2344 558 3868 662">
     <span class='ocr_line' id='line_1_23' title="bbox 2344 558 3868 662; baseline 0.031 -50"><span class='ocrx_word' id='word_1_165' title='bbox 2344 558 2503 662; x_wconf 78' lang='lat' dir='ltr'><strong>igitur</strong></span> <span class='ocrx_word' id='word_1_166' title='bbox 2532 562 2834 624; x_wconf 80' lang='lat' dir='ltr'><strong>facultatem</strong></span> <span class='ocrx_word' id='word_1_167' title='bbox 2876 571 3021 627; x_wconf 90' lang='lat' dir='ltr'><strong>illam</strong></span> <span class='ocrx_word' id='word_1_168' title='bbox 3067 576 3349 648; x_wconf 89' lang='lat' dir='ltr'><strong>perderet,</strong></span> <span class='ocrx_word' id='word_1_169' title='bbox 3375 599 3490 653; x_wconf 71' lang='lat' dir='ltr'><strong>quae</strong></span> <span class='ocrx_word' id='word_1_170' title='bbox 3525 589 3588 644; x_wconf 91' lang='lat' dir='ltr'><strong>ad</strong></span> <span class='ocrx_word' id='word_1_171' title='bbox 3614 558 3706 651; x_wconf 75' lang='lat' dir='ltr'><strong>hoc</strong></span> <span class='ocrx_word' id='word_1_172' title='bbox 3730 558 3868 662; x_wconf 59' lang='grc' dir='ltr'>ιιιέῌῖ</span> 
     </span>
    </p>
   </div>
   <div class='ocr_carea' id='block_1_24' title="bbox 2342 650 3866 750">
    <p class='ocr_par' dir='ltr' id='par_1_24' title="bbox 2342 650 3866 750">
     <span class='ocr_line' id='line_1_24' title="bbox 2342 650 3866 750; baseline 0.029 -45"><span class='ocrx_word' id='word_1_173' title='bbox 2342 650 2579 750; x_wconf 79' lang='lat' dir='ltr'><strong>instituta</strong></span> <span class='ocrx_word' id='word_1_174' title='bbox 2601 698 2617 722; x_wconf 92' lang='lat'><strong>,</strong></span> <span class='ocrx_word' id='word_1_175' title='bbox 2646 667 2703 714; x_wconf 93' lang='lat' dir='ltr'><strong>ut</strong></span> <span class='ocrx_word' id='word_1_176' title='bbox 2728 672 2909 731; x_wconf 90' lang='lat' dir='ltr'><strong>posset</strong></span> <span class='ocrx_word' id='word_1_177' title='bbox 2936 665 3073 722; x_wconf 91' lang='lat' dir='ltr'><strong>velle</strong></span> <span class='ocrx_word' id='word_1_178' title='bbox 3095 708 3112 734; x_wconf 90' lang='lat'><strong>,</strong></span> <span class='ocrx_word' id='word_1_179' title='bbox 3140 680 3320 738; x_wconf 89' lang='lat' dir='ltr'><strong>posset</strong></span> <span class='ocrx_word' id='word_1_180' title='bbox 3348 650 3488 732; x_wconf 82' lang='lat' dir='ltr'><strong>nolle</strong></span> <span class='ocrx_word' id='word_1_181' title='bbox 3516 682 3648 749; x_wconf 87' lang='lat' dir='ltr'><strong>quod</strong></span> <span class='ocrx_word' id='word_1_182' title='bbox 3674 650 3866 750; x_wconf 43' lang='lat' dir='ltr'><strong>li</strong></span> 
     </span>
    </p>
   </div>
   <div class='ocr_carea' id='block_1_25' title="bbox 2412 747 3871 844">
    <p class='ocr_par' dir='ltr' id='par_1_25' title="bbox 2412 747 3871 844">
     <span class='ocr_line' id='line_1_25' title="bbox 2412 747 3871 844; baseline 0.026 -44"><span class='ocrx_word' id='word_1_183' title='bbox 2412 747 2545 805; x_wconf 79' lang='lat' dir='ltr'><strong>Ave.</strong></span> <span class='ocrx_word' id='word_1_184' title='bbox 2588 750 2786 808; x_wconf 84' lang='lat' dir='ltr'><strong>Eadem</strong></span> <span class='ocrx_word' id='word_1_185' title='bbox 2830 755 3023 813; x_wconf 91' lang='lat' dir='ltr'><strong>iterum</strong></span> <span class='ocrx_word' id='word_1_186' title='bbox 3065 769 3118 816; x_wconf 91' lang='lat' dir='ltr'><strong>et</strong></span> <span class='ocrx_word' id='word_1_187' title='bbox 3162 762 3354 820; x_wconf 90' lang='lat' dir='ltr'><strong>iterum</strong></span> <span class='ocrx_word' id='word_1_188' title='bbox 3396 747 3563 840; x_wconf 72' lang='lat' dir='ltr'><strong>dicis,</strong></span> <span class='ocrx_word' id='word_1_189' title='bbox 3590 777 3762 844; x_wconf 87' lang='lat' dir='ltr'><strong>quibus</strong></span> <span class='ocrx_word' id='word_1_190' title='bbox 3801 747 3871 839; x_wconf 76' lang='lat' dir='ltr'><strong>tne</strong></span> 
     </span>
    </p>
   </div>
   <div class='ocr_carea' id='block_1_26' title="bbox 2335 832 3871 930">
    <p class='ocr_par' dir='ltr' id='par_1_26' title="bbox 2335 832 3871 930">
     <span class='ocr_line' id='line_1_26' title="bbox 2335 832 3871 930; baseline 0.027 -41"><span class='ocrx_word' id='word_1_191' title='bbox 2335 832 2445 930; x_wconf 87' lang='lat' dir='ltr'><strong>jam</strong></span> <span class='ocrx_word' id='word_1_192' title='bbox 2474 842 2718 910; x_wconf 88' lang='lat' dir='ltr'><strong>superius</strong></span> <span class='ocrx_word' id='word_1_193' title='bbox 2755 847 3094 917; x_wconf 88' lang='lat' dir='ltr'><strong>respondisse</strong></span> <span class='ocrx_word' id='word_1_194' title='bbox 3120 853 3209 923; x_wconf 89' lang='lat' dir='ltr'><strong>qui</strong></span> <span class='ocrx_word' id='word_1_195' title='bbox 3240 854 3427 927; x_wconf 87' lang='lat' dir='ltr'><strong>legerit</strong></span> <span class='ocrx_word' id='word_1_196' title='bbox 3463 832 3758 930; x_wconf 66' lang='lat' dir='ltr'><strong>pervidebit.</strong></span> 
     </span>
    </p>
   </div>
   <div class='ocr_carea' id='block_1_27' title="bbox 2342 927 3869 1019">
    <p class='ocr_par' dir='ltr' id='par_1_27' title="bbox 2342 927 3869 1019">
     <span class='ocr_line' id='line_1_27' title="bbox 2342 927 3869 1019; baseline 0.023 -37"><span class='ocrx_word' id='word_1_197' title='bbox 2342 927 2429 984; x_wconf 87' lang='lat' dir='ltr'><strong>hic</strong></span> <span class='ocrx_word' id='word_1_198' title='bbox 2448 931 2606 987; x_wconf 89' lang='lat' dir='ltr'><strong>etiam</strong></span> <span class='ocrx_word' id='word_1_199' title='bbox 2639 935 2941 1005; x_wconf 88' lang='lat' dir='ltr'><strong>persistenti</strong></span> <span class='ocrx_word' id='word_1_200' title='bbox 2968 940 3061 996; x_wconf 90' lang='lat' dir='ltr'><strong>tibi</strong></span> <span class='ocrx_word' id='word_1_201' title='bbox 3088 953 3247 1014; x_wconf 90' lang='lat' dir='ltr'><strong>atque</strong></span> <span class='ocrx_word' id='word_1_202' title='bbox 3271 927 3591 1007; x_wconf 81' lang='lat' dir='ltr'><strong>asseveranti</strong></span> <span class='ocrx_word' id='word_1_203' title='bbox 3613 927 3869 1019; x_wconf 67' lang='lat' dir='ltr'><strong>libertatein</strong></span> 
     </span>
    </p>
   </div>
   <div class='ocr_carea' id='block_1_28' title="bbox 2340 1017 3866 1124">
    <p class='ocr_par' dir='ltr' id='par_1_28' title="bbox 2340 1017 3866 1124">
     <span class='ocr_line' id='line_1_28' title="bbox 2340 1017 3866 1124; baseline 0.023 -51"><span class='ocrx_word' id='word_1_204' title='bbox 2340 1017 2475 1077; x_wconf 87' lang='lat' dir='ltr'><strong>bene</strong></span> <span class='ocrx_word' id='word_1_205' title='bbox 2495 1024 2685 1094; x_wconf 77' lang='lat' dir='ltr'><strong>agendi</strong></span> <span class='ocrx_word' id='word_1_206' title='bbox 2707 1040 2801 1082; x_wconf 92' lang='lat' dir='ltr'><strong>seu</strong></span> <span class='ocrx_word' id='word_1_207' title='bbox 2821 1030 2980 1100; x_wconf 89' lang='lat' dir='ltr'><strong>male,</strong></span> <span class='ocrx_word' id='word_1_208' title='bbox 3004 1046 3103 1088; x_wconf 89' lang='lat' dir='ltr'><strong>suo</strong></span> <span class='ocrx_word' id='word_1_209' title='bbox 3127 1037 3268 1092; x_wconf 89' lang='lat' dir='ltr'><strong>malo</strong></span> <span class='ocrx_word' id='word_1_210' title='bbox 3295 1055 3390 1094; x_wconf 88' lang='lat' dir='ltr'><strong>usu</strong></span> <span class='ocrx_word' id='word_1_211' title='bbox 3418 1042 3584 1112; x_wconf 90' lang='lat' dir='ltr'><strong>perire</strong></span> <span class='ocrx_word' id='word_1_212' title='bbox 3605 1062 3699 1104; x_wconf 89' lang='lat' dir='ltr'><strong>non</strong></span> <span class='ocrx_word' id='word_1_213' title='bbox 3720 1017 3866 1124; x_wconf 61' lang='lat' dir='ltr'><strong>posse,</strong></span> 
     </span>
    </p>
   </div>
   <div class='ocr_carea' id='block_1_29' title="bbox 2337 1117 3867 1201">
    <p class='ocr_par' dir='ltr' id='par_1_29' title="bbox 2337 1117 3867 1201">
     <span class='ocr_line' id='line_1_29' title="bbox 2337 1117 3867 1201; baseline 0.023 -36"><span class='ocrx_word' id='word_1_214' title='bbox 2337 1117 2657 1184; x_wconf 88' lang='lat' dir='ltr'><strong>respondeat</strong></span> <span class='ocrx_word' id='word_1_215' title='bbox 2680 1128 2734 1173; x_wconf 91' lang='lat' dir='ltr'><strong>et</strong></span> <span class='ocrx_word' id='word_1_216' title='bbox 2755 1120 2942 1178; x_wconf 90' lang='lat' dir='ltr'><strong>beatus</strong></span> <span class='ocrx_word' id='word_1_217' title='bbox 2962 1139 3095 1195; x_wconf 88' lang='lat' dir='ltr'><strong>papa</strong></span> <span class='ocrx_word' id='word_1_218' title='bbox 3120 1126 3476 1197; x_wconf 88' lang='lat' dir='ltr'><strong>Innocentius,</strong></span> <span class='ocrx_word' id='word_1_219' title='bbox 3504 1117 3739 1197; x_wconf 50' lang='lat' dir='ltr'><strong>Romana;</strong></span> <span class='ocrx_word' id='word_1_220' title='bbox 3756 1117 3867 1201; x_wconf 53' lang='lat' dir='ltr'><strong>anti;</strong></span> 
     </span>
    </p>
   </div>
   <div class='ocr_carea' id='block_1_30' title="bbox 2333 1202 3870 1303">
    <p class='ocr_par' dir='ltr' id='par_1_30' title="bbox 2333 1202 3870 1303">
     <span class='ocr_line' id='line_1_30' title="bbox 2333 1202 3870 1303; baseline 0.022 -45"><span class='ocrx_word' id='word_1_221' title='bbox 2333 1212 2446 1259; x_wconf 88' lang='lat' dir='ltr'><strong>stes</strong></span> <span class='ocrx_word' id='word_1_222' title='bbox 2467 1204 2754 1277; x_wconf 81' lang='lat' dir='ltr'><strong>Ecclesiae;</strong></span> <span class='ocrx_word' id='word_1_223' title='bbox 2787 1212 2875 1282; x_wconf 93' lang='lat' dir='ltr'><strong>qui</strong></span> <span class='ocrx_word' id='word_1_224' title='bbox 2896 1202 3196 1273; x_wconf 77' lang='lat' dir='ltr'><strong>rescribens</strong></span> <span class='ocrx_word' id='word_1_225' title='bbox 3226 1220 3276 1275; x_wconf 92' lang='lat' dir='ltr'><strong>in</strong></span> <span class='ocrx_word' id='word_1_226' title='bbox 3304 1237 3462 1278; x_wconf 86' lang='lat' dir='ltr'><strong>causa</strong></span> <span class='ocrx_word' id='word_1_227' title='bbox 3486 1237 3649 1285; x_wconf 86' lang='lat' dir='ltr'><strong>vestra</strong></span> <span class='ocrx_word' id='word_1_228' title='bbox 3666 1231 3685 1262; x_wconf 83' lang='grc'><strong>¹</strong></span> <span class='ocrx_word' id='word_1_229' title='bbox 3704 1234 3870 1303; x_wconf 87' lang='lat' dir='ltr'><strong>episeo-</strong></span> 
     </span>
    </p>
   </div>
   <div class='ocr_carea' id='block_1_31' title="bbox 2335 1295 3868 1397">
    <p class='ocr_par' dir='ltr' id='par_1_31' title="bbox 2335 1295 3868 1397">
     <span class='ocr_line' id='line_1_31' title="bbox 2335 1295 3868 1397; baseline 0.023 -50"><span class='ocrx_word' id='word_1_230' title='bbox 2335 1295 2544 1397; x_wconf 81' lang='lat' dir='ltr'><strong>palibus</strong></span> <span class='ocrx_word' id='word_1_231' title='bbox 2586 1301 2827 1358; x_wconf 87' lang='lat' dir='ltr'><strong>conciliis</strong></span> <span class='ocrx_word' id='word_1_232' title='bbox 2871 1304 3137 1365; x_wconf 83' lang='lat' dir='ltr'><strong>Africanis</strong></span> <span class='ocrx_word' id='word_1_233' title='bbox 3182 1328 3197 1366; x_wconf 90' lang='lat'><strong>:</strong></span> <span class='ocrx_word' id='word_1_234' title='bbox 3251 1330 3270 1365; x_wconf 83' lang='grc' dir='ltr'><strong>ι</strong></span> <span class='ocrx_word' id='word_1_235' title='bbox 3324 1313 3607 1388; x_wconf 89' lang='lat' dir='ltr'><strong>Liberum,</strong></span> <span class='ocrx_word' id='word_1_236' title='bbox 3643 1340 3663 1375; x_wconf 79' lang='grc' dir='ltr'><strong>ι</strong></span> <span class='ocrx_word' id='word_1_237' title='bbox 3694 1295 3868 1397; x_wconf 73' lang='lat' dir='ltr'><strong>inquit,</strong></span> 
     </span>
    </p>
   </div>
   <div class='ocr_carea' id='block_1_32' title="bbox 2339 1390 3867 1476">
    <p class='ocr_par' dir='ltr' id='par_1_32' title="bbox 2339 1390 3867 1476">
     <span class='ocr_line' id='line_1_32' title="bbox 2339 1390 3867 1476; baseline 0.024 -36"><span class='ocrx_word' id='word_1_238' title='bbox 2339 1404 2357 1438; x_wconf 83' lang='grc' dir='ltr'><strong>ι</strong></span> <span class='ocrx_word' id='word_1_239' title='bbox 2392 1390 2673 1447; x_wconf 89' lang='lat' dir='ltr'><strong>arbitrium</strong></span> <span class='ocrx_word' id='word_1_240' title='bbox 2696 1393 2823 1450; x_wconf 89' lang='lat' dir='ltr'><strong>olim</strong></span> <span class='ocrx_word' id='word_1_241' title='bbox 2852 1397 2939 1454; x_wconf 91' lang='lat' dir='ltr'><strong>ille</strong></span> <span class='ocrx_word' id='word_1_242' title='bbox 2964 1415 3267 1472; x_wconf 79' lang='lat' dir='ltr'><strong>perpessus,</strong></span> <span class='ocrx_word' id='word_1_243' title='bbox 3292 1405 3416 1462; x_wconf 91' lang='lat' dir='ltr'><strong>dum</strong></span> <span class='ocrx_word' id='word_1_244' title='bbox 3437 1410 3544 1466; x_wconf 91' lang='lat' dir='ltr'><strong>suis</strong></span> <span class='ocrx_word' id='word_1_245' title='bbox 3565 1390 3867 1476; x_wconf 72' lang='lat' dir='ltr'><strong>inconsultius</strong></span> 
     </span>
    </p>
   </div>
   <div class='ocr_carea' id='block_1_33' title="bbox 2332 1479 3868 1573">
    <p class='ocr_par' dir='ltr' id='par_1_33' title="bbox 2332 1479 3868 1573">
     <span class='ocr_line' id='line_1_33' title="bbox 2332 1479 3868 1573; baseline 0.021 -40"><span class='ocrx_word' id='word_1_246' title='bbox 2332 1479 2496 1536; x_wconf 90' lang='lat' dir='ltr'><strong>utitur</strong></span> <span class='ocrx_word' id='word_1_247' title='bbox 2524 1481 2677 1540; x_wconf 90' lang='lat' dir='ltr'><strong>bonis</strong></span> <span class='ocrx_word' id='word_1_248' title='bbox 2696 1528 2712 1555; x_wconf 89' lang='lat'><strong>,</strong></span> <span class='ocrx_word' id='word_1_249' title='bbox 2745 1487 2941 1546; x_wconf 85' lang='lat' dir='ltr'><strong>cadens</strong></span> <span class='ocrx_word' id='word_1_250' title='bbox 2971 1491 3026 1547; x_wconf 88' lang='lat' dir='ltr'><strong>in</strong></span> <span class='ocrx_word' id='word_1_251' title='bbox 3052 1498 3499 1564; x_wconf 68' lang='lat' dir='ltr'><strong>praevaricationis</strong></span> <span class='ocrx_word' id='word_1_252' title='bbox 3526 1503 3765 1573; x_wconf 85' lang='lat' dir='ltr'><strong>profunda</strong></span> <span class='ocrx_word' id='word_1_253' title='bbox 3787 1509 3868 1566; x_wconf 87' lang='lat' dir='ltr'><strong>de-</strong></span> 
     </span>
    </p>
   </div>
   <div class='ocr_carea' id='block_1_34' title="bbox 2331 1574 3867 1668">
    <p class='ocr_par' dir='ltr' id='par_1_34' title="bbox 2331 1574 3867 1668">
     <span class='ocr_line' id='line_1_34' title="bbox 2331 1574 3867 1668; baseline 0.021 -44"><span class='ocrx_word' id='word_1_254' title='bbox 2331 1586 2542 1668; x_wconf 81' lang='lat' dir='ltr'><strong>mersus</strong></span> <span class='ocrx_word' id='word_1_255' title='bbox 2565 1615 2582 1643; x_wconf 92' lang='lat'><strong>,</strong></span> <span class='ocrx_word' id='word_1_256' title='bbox 2612 1574 2745 1632; x_wconf 92' lang='lat' dir='ltr'><strong>nihil</strong></span> <span class='ocrx_word' id='word_1_257' title='bbox 2782 1582 3229 1650; x_wconf 89' lang='lat' dir='ltr'><strong>quemadmodum</strong></span> <span class='ocrx_word' id='word_1_258' title='bbox 3257 1589 3450 1647; x_wconf 79' lang='lat' dir='ltr'><strong>exinde</strong></span> <span class='ocrx_word' id='word_1_259' title='bbox 3474 1608 3681 1666; x_wconf 78' lang='lat' dir='ltr'><strong>surgere</strong></span> <span class='ocrx_word' id='word_1_260' title='bbox 3719 1612 3867 1668; x_wconf 85' lang='lat' dir='ltr'><strong>posset</strong></span> 
     </span>
    </p>
   </div>
   <div class='ocr_carea' id='block_1_35' title="bbox 2330 1662 3867 1763">
    <p class='ocr_par' dir='ltr' id='par_1_35' title="bbox 2330 1662 3867 1763">
     <span class='ocr_line' id='line_1_35' title="bbox 2330 1662 3867 1763; baseline 0.02 -46"><span class='ocrx_word' id='word_1_261' title='bbox 2330 1662 2561 1735; x_wconf 88' lang='lat' dir='ltr'><strong>invenit;</strong></span> <span class='ocrx_word' id='word_1_262' title='bbox 2589 1684 2791 1742; x_wconf 88' lang='lat' dir='ltr'><strong>suaque</strong></span> <span class='ocrx_word' id='word_1_263' title='bbox 2819 1673 2871 1728; x_wconf 89' lang='lat' dir='ltr'><strong>in</strong></span> <span class='ocrx_word' id='word_1_264' title='bbox 2901 1684 3159 1733; x_wconf 70' lang='lat' dir='ltr'><strong>aeternum</strong></span> <span class='ocrx_word' id='word_1_265' title='bbox 3188 1680 3432 1739; x_wconf 87' lang='lat' dir='ltr'><strong>libertate</strong></span> <span class='ocrx_word' id='word_1_266' title='bbox 3455 1662 3867 1763; x_wconf 41' lang='lat' dir='ltr'><strong>deceptum-hujus</strong></span> 
     </span>
    </p>
   </div>
   <div class='ocr_carea' id='block_1_36' title="bbox 2329 1758 3865 1852">
    <p class='ocr_par' dir='ltr' id='par_1_36' title="bbox 2329 1758 3865 1852">
     <span class='ocr_line' id='line_1_36' title="bbox 2329 1758 3865 1852; baseline 0.02 -42"><span class='ocrx_word' id='word_1_267' title='bbox 2329 1774 2342 1810; x_wconf 92' lang='grc' dir='ltr'><strong>ι</strong></span> <span class='ocrx_word' id='word_1_268' title='bbox 2358 1758 2494 1815; x_wconf 71' lang='lat' dir='ltr'><strong>uina:</strong></span> <span class='ocrx_word' id='word_1_269' title='bbox 2510 1760 2749 1819; x_wconf 90' lang='lat' dir='ltr'><strong>latuisset</strong></span> <span class='ocrx_word' id='word_1_270' title='bbox 2770 1781 3026 1837; x_wconf 91' lang='lat' dir='ltr'><strong>oppressu</strong></span> <span class='ocrx_word' id='word_1_271' title='bbox 3046 1770 3090 1836; x_wconf 82' lang='grc'><strong>³,</strong></span> <span class='ocrx_word' id='word_1_272' title='bbox 3109 1772 3207 1828; x_wconf 91' lang='lat' dir='ltr'><strong>nisi</strong></span> <span class='ocrx_word' id='word_1_273' title='bbox 3224 1789 3344 1829; x_wconf 92' lang='lat' dir='ltr'><strong>eum</strong></span> <span class='ocrx_word' id='word_1_274' title='bbox 3362 1786 3483 1847; x_wconf 89' lang='lat' dir='ltr'><strong>post</strong></span> <span class='ocrx_word' id='word_1_275' title='bbox 3497 1778 3679 1835; x_wconf 88' lang='lat' dir='ltr'><strong>Christi</strong></span> <span class='ocrx_word' id='word_1_276' title='bbox 3696 1798 3778 1852; x_wconf 89' lang='lat' dir='ltr'><strong>pro</strong></span> <span class='ocrx_word' id='word_1_277' title='bbox 3788 1758 3865 1841; x_wconf 77' lang='lat' dir='ltr'><strong>sua</strong></span> 
     </span>
    </p>
   </div>
   <div class='ocr_carea' id='block_1_37' title="bbox 2323 1851 3868 1946">
    <p class='ocr_par' dir='ltr' id='par_1_37' title="bbox 2323 1851 3868 1946">
     <span class='ocr_line' id='line_1_37' title="bbox 2323 1851 3868 1946; baseline 0.02 -45"><span class='ocrx_word' id='word_1_278' title='bbox 2323 1851 2490 1919; x_wconf 87' lang='lat' dir='ltr'><strong>gratia</strong></span> <span class='ocrx_word' id='word_1_279' title='bbox 2522 1854 2808 1913; x_wconf 89' lang='lat' dir='ltr'><strong>relevasset</strong></span> <span class='ocrx_word' id='word_1_280' title='bbox 2827 1859 3084 1919; x_wconf 82' lang='lat' dir='ltr'><strong>adventus</strong></span> <span class='ocrx_word' id='word_1_281' title='bbox 3112 1882 3131 1916; x_wconf 83' lang='grc' dir='ltr'><strong>ι</strong></span> <span class='ocrx_word' id='word_1_282' title='bbox 3156 1864 3356 1938; x_wconf 84' lang='lat' dir='ltr'><strong>(Epist.</strong></span> <span class='ocrx_word' id='word_1_283' title='bbox 3391 1869 3487 1924; x_wconf 80' lang='grc'><strong>181</strong></span> <span class='ocrx_word' id='word_1_284' title='bbox 3517 1871 3641 1926; x_wconf 85' lang='lat' dir='ltr'><strong>inter</strong></span> <span class='ocrx_word' id='word_1_285' title='bbox 3662 1851 3868 1946; x_wconf 75' lang='lat' dir='ltr'><strong>Augusti-</strong></span> 
     </span>
    </p>
   </div>
   <div class='ocr_carea' id='block_1_38' title="bbox 620 1927 2214 2001">
    <p class='ocr_par' dir='ltr' id='par_1_38' title="bbox 620 1927 2214 2001">
     <span class='ocr_line' id='line_1_38' title="bbox 620 1927 2214 2001; baseline 0.001 -19"><span class='ocrx_word' id='word_1_286' title='bbox 620 1931 762 2001; x_wconf 91' lang='lat' dir='ltr'><strong>quod</strong></span> <span class='ocrx_word' id='word_1_287' title='bbox 788 1930 912 1986; x_wconf 87' lang='lat' dir='ltr'><strong>licet</strong></span> <span class='ocrx_word' id='word_1_288' title='bbox 935 1939 1101 1985; x_wconf 89' lang='lat' dir='ltr'><strong>totum</strong></span> <span class='ocrx_word' id='word_1_289' title='bbox 1126 1928 1446 1998; x_wconf 85' lang='lat' dir='ltr'><strong>ineptiarum</strong></span> <span class='ocrx_word' id='word_1_290' title='bbox 1470 1927 1976 1998; x_wconf 84' lang='lat' dir='ltr'><strong>mendaciornmque</strong></span> <span class='ocrx_word' id='word_1_291' title='bbox 2000 1928 2214 1998; x_wconf 90' lang='lat' dir='ltr'><strong>plenum</strong></span> 
     </span>
    </p>
   </div>
   <div class='ocr_carea' id='block_1_39' title="bbox 617 2018 2212 2098">
    <p class='ocr_par' dir='ltr' id='par_1_39' title="bbox 617 2018 2212 2098">
     <span class='ocr_line' id='line_1_39' title="bbox 617 2018 2212 2098; baseline -0.003 -19"><span class='ocrx_word' id='word_1_292' title='bbox 617 2039 740 2079; x_wconf 83' lang='lat' dir='ltr'><strong>esse</strong></span> <span class='ocrx_word' id='word_1_293' title='bbox 763 2022 856 2098; x_wconf 92' lang='lat' dir='ltr'><strong>(ut</strong></span> <span class='ocrx_word' id='word_1_294' title='bbox 887 2021 1266 2094; x_wconf 65' lang='lat' dir='ltr'><strong>praetermissis</strong></span> <span class='ocrx_word' id='word_1_295' title='bbox 1296 2030 1606 2076; x_wconf 86' lang='lat' dir='ltr'><strong>sanctorum</strong></span> <span class='ocrx_word' id='word_1_296' title='bbox 1636 2018 1956 2091; x_wconf 82' lang='lat' dir='ltr'><strong>legionibus,</strong></span> <span class='ocrx_word' id='word_1_297' title='bbox 1983 2021 2212 2091; x_wconf 88' lang='lat' dir='ltr'><strong>primttm</strong></span> 
     </span>
    </p>
   </div>
   <div class='ocr_carea' id='block_1_40' title="bbox 619 2113 2210 2188">
    <p class='ocr_par' dir='ltr' id='par_1_40' title="bbox 619 2113 2210 2188">
     <span class='ocr_line' id='line_1_40' title="bbox 619 2113 2210 2188; baseline 0.001 -23"><span class='ocrx_word' id='word_1_298' title='bbox 619 2127 736 2186; x_wconf 73' lang='lat' dir='ltr'><strong>post</strong></span> <span class='ocrx_word' id='word_1_299' title='bbox 761 2124 1037 2187; x_wconf 85' lang='lat' dir='ltr'><strong>peccatum</strong></span> <span class='ocrx_word' id='word_1_300' title='bbox 1060 2114 1194 2171; x_wconf 81' lang='lat' dir='ltr'><strong>Adae</strong></span> <span class='ocrx_word' id='word_1_301' title='bbox 1212 2114 1432 2184; x_wconf 75' lang='lat' dir='ltr'><strong>justitia:</strong></span> <span class='ocrx_word' id='word_1_302' title='bbox 1457 2113 1777 2184; x_wconf 84' lang='lat' dir='ltr'><strong>arripiamus</strong></span> <span class='ocrx_word' id='word_1_303' title='bbox 1805 2114 1823 2145; x_wconf 76' lang='grc'>⁸</span> <span class='ocrx_word' id='word_1_304' title='bbox 1849 2113 2210 2188; x_wconf 87' lang='lat' dir='ltr'><strong>exemplum),</strong></span> 
     </span>
    </p>
   </div>
   <div class='ocr_carea' id='block_1_41' title="bbox 614 2204 2209 2276">
    <p class='ocr_par' dir='ltr' id='par_1_41' title="bbox 614 2204 2209 2276">
     <span class='ocr_line' id='line_1_41' title="bbox 614 2204 2209 2276; baseline -0.001 -15"><span class='ocrx_word' id='word_1_305' title='bbox 614 2207 798 2262; x_wconf 80' lang='lat' dir='ltr'><strong>Abelis</strong></span> <span class='ocrx_word' id='word_1_306' title='bbox 835 2207 1117 2263; x_wconf 76' lang='lat' dir='ltr'><strong>sanctitate</strong></span> <span class='ocrx_word' id='word_1_307' title='bbox 1147 2204 1376 2261; x_wconf 88' lang='lat' dir='ltr'><strong>mirabili</strong></span> <span class='ocrx_word' id='word_1_308' title='bbox 1407 2204 1794 2275; x_wconf 86' lang='lat' dir='ltr'><strong>comprobatur</strong></span> <span class='ocrx_word' id='word_1_309' title='bbox 1817 2246 1831 2271; x_wconf 93' lang='lat'><strong>,</strong></span> <span class='ocrx_word' id='word_1_310' title='bbox 1863 2206 1951 2276; x_wconf 91' lang='lat' dir='ltr'><strong>qni</strong></span> <span class='ocrx_word' id='word_1_311' title='bbox 1984 2205 2051 2260; x_wconf 86' lang='lat' dir='ltr'><strong>de</strong></span> <span class='ocrx_word' id='word_1_312' title='bbox 2084 2222 2209 2275; x_wconf 86' lang='lat' dir='ltr'><strong>pec-</strong></span> 
     </span>
    </p>
   </div>
   <div class='ocr_carea' id='block_1_42' title="bbox 614 2295 2207 2363">
    <p class='ocr_par' dir='ltr' id='par_1_42' title="bbox 614 2295 2207 2363">
     <span class='ocr_line' id='line_1_42' title="bbox 614 2295 2207 2363; baseline -0.002 -10"><span class='ocrx_word' id='word_1_313' title='bbox 614 2297 888 2353; x_wconf 65' lang='lat' dir='ltr'><strong>catoribus</strong></span> <span class='ocrx_word' id='word_1_314' title='bbox 910 2307 1090 2363; x_wconf 88' lang='lat' dir='ltr'><strong>natus,</strong></span> <span class='ocrx_word' id='word_1_315' title='bbox 1115 2297 1256 2353; x_wconf 88' lang='lat' dir='ltr'><strong>bene</strong></span> <span class='ocrx_word' id='word_1_316' title='bbox 1277 2295 1489 2352; x_wconf 85' lang='lat' dir='ltr'><strong>vivendi</strong></span> <span class='ocrx_word' id='word_1_317' title='bbox 1515 2311 1576 2351; x_wconf 91' lang='lat' dir='ltr'><strong>se</strong></span> <span class='ocrx_word' id='word_1_318' title='bbox 1597 2310 1703 2351; x_wconf 92' lang='lat' dir='ltr'><strong>non</strong></span> <span class='ocrx_word' id='word_1_319' title='bbox 1732 2296 1970 2352; x_wconf 58' lang='lat' dir='ltr'><strong>caruis:e</strong></span> <span class='ocrx_word' id='word_1_320' title='bbox 1993 2298 2207 2363; x_wconf 81' lang='lat' dir='ltr'><strong>virtute,</strong></span> 
     </span>
    </p>
   </div>
   <div class='ocr_carea' id='block_1_43' title="bbox 615 2387 2207 2460">
    <p class='ocr_par' dir='ltr' id='par_1_43' title="bbox 615 2387 2207 2460">
     <span class='ocr_line' id='line_1_43' title="bbox 615 2387 2207 2460; baseline -0.001 -15"><span class='ocrx_word' id='word_1_321' title='bbox 615 2389 808 2445; x_wconf 71' lang='lat' dir='ltr'><strong>etii-ctu</strong></span> <span class='ocrx_word' id='word_1_322' title='bbox 833 2403 1047 2460; x_wconf 87' lang='lat' dir='ltr'><strong>quoque</strong></span> <span class='ocrx_word' id='word_1_323' title='bbox 1073 2387 1243 2459; x_wconf 84' lang='lat' dir='ltr'><strong>ipsius</strong></span> <span class='ocrx_word' id='word_1_324' title='bbox 1273 2387 1489 2443; x_wconf 87' lang='lat' dir='ltr'><strong>virtutis</strong></span> <span class='ocrx_word' id='word_1_325' title='bbox 1526 2387 1764 2443; x_wconf 83' lang='lat' dir='ltr'><strong>ostendit</strong></span> <span class='ocrx_word' id='word_1_326' title='bbox 1794 2404 1808 2441; x_wconf 88' lang='lat'><strong>:</strong></span> <span class='ocrx_word' id='word_1_327' title='bbox 1841 2398 2207 2443; x_wconf 81' lang='lat' dir='ltr'><strong>verumtamen</strong></span> 
     </span>
    </p>
   </div>
   <div class='ocr_carea' id='block_1_44' title="bbox 618 2476 2209 2549">
    <p class='ocr_par' dir='ltr' id='par_1_44' title="bbox 618 2476 2209 2549">
     <span class='ocr_line' id='line_1_44' title="bbox 618 2476 2209 2549; baseline 0.002 -18"><span class='ocrx_word' id='word_1_328' title='bbox 618 2481 704 2534; x_wconf 86' lang='lat' dir='ltr'><strong>his</strong></span> <span class='ocrx_word' id='word_1_329' title='bbox 742 2479 1026 2549; x_wconf 59' lang='lat' dir='ltr'><strong>prieteritis</strong></span> <span class='ocrx_word' id='word_1_330' title='bbox 1063 2476 1216 2548; x_wconf 85' lang='lat' dir='ltr'><strong>juvat</strong></span> <span class='ocrx_word' id='word_1_331' title='bbox 1255 2476 1551 2533; x_wconf 88' lang='lat' dir='ltr'><strong>sententias</strong></span> <span class='ocrx_word' id='word_1_332' title='bbox 1590 2476 1938 2532; x_wconf 79' lang='lat' dir='ltr'><strong>Tradneiana:</strong></span> <span class='ocrx_word' id='word_1_333' title='bbox 1981 2479 2209 2534; x_wconf 83' lang='lat' dir='ltr'><strong>nationis</strong></span> 
     </span>
    </p>
   </div>
   <div class='ocr_carea' id='block_1_45' title="bbox 616 2566 2208 2642">
    <p class='ocr_par' dir='ltr' id='par_1_45' title="bbox 616 2566 2208 2642">
     <span class='ocr_line' id='line_1_45' title="bbox 616 2566 2208 2642; baseline 0 -19"><span class='ocrx_word' id='word_1_334' title='bbox 616 2585 828 2642; x_wconf 77' lang='lat' dir='ltr'><strong>urgere.</strong></span> <span class='ocrx_word' id='word_1_335' title='bbox 869 2569 1035 2637; x_wconf 82' lang='lat' dir='ltr'><strong>Quale</strong></span> <span class='ocrx_word' id='word_1_336' title='bbox 1080 2568 1240 2638; x_wconf 88' lang='lat' dir='ltr'><strong>igitur</strong></span> <span class='ocrx_word' id='word_1_337' title='bbox 1266 2577 1514 2623; x_wconf 85' lang='lat' dir='ltr'><strong>autumas</strong></span> <span class='ocrx_word' id='word_1_338' title='bbox 1558 2566 1723 2622; x_wconf 85' lang='lat' dir='ltr'><strong>fuisse</strong></span> <span class='ocrx_word' id='word_1_339' title='bbox 1767 2567 2043 2622; x_wconf 81' lang='lat' dir='ltr'><strong>arbitrium</strong></span> <span class='ocrx_word' id='word_1_340' title='bbox 2073 2568 2208 2623; x_wconf 87' lang='lat' dir='ltr'><strong>libe-</strong></span> 
     </span>
    </p>
   </div>
   <div class='ocr_carea' id='block_1_46' title="bbox 618 2658 2209 2733">
    <p class='ocr_par' dir='ltr' id='par_1_46' title="bbox 618 2658 2209 2733">
     <span class='ocr_line' id='line_1_46' title="bbox 618 2658 2209 2733; baseline -0.001 -16"><span class='ocrx_word' id='word_1_341' title='bbox 618 2680 776 2729; x_wconf 83' lang='lat' dir='ltr'><strong>rum,</strong></span> <span class='ocrx_word' id='word_1_342' title='bbox 826 2662 968 2733; x_wconf 87' lang='lat' dir='ltr'><strong>quod</strong></span> <span class='ocrx_word' id='word_1_343' title='bbox 1011 2659 1265 2716; x_wconf 88' lang='lat' dir='ltr'><strong>collatum</strong></span> <span class='ocrx_word' id='word_1_344' title='bbox 1315 2659 1501 2731; x_wconf 88' lang='lat' dir='ltr'><strong>primis</strong></span> <span class='ocrx_word' id='word_1_345' title='bbox 1546 2658 1852 2715; x_wconf 87' lang='lat' dir='ltr'><strong>hominibus</strong></span> <span class='ocrx_word' id='word_1_346' title='bbox 1892 2660 2209 2717; x_wconf 78' lang='lat' dir='ltr'><strong>conﬁteris?</strong></span> 
     </span>
    </p>
   </div>
   <div class='ocr_carea' id='block_1_47' title="bbox 614 2750 2207 2825">
    <p class='ocr_par' dir='ltr' id='par_1_47' title="bbox 614 2750 2207 2825">
     <span class='ocr_line' id='line_1_47' title="bbox 614 2750 2207 2825; baseline -0.001 -16"><span class='ocrx_word' id='word_1_347' title='bbox 614 2753 779 2810; x_wconf 84' lang='lat' dir='ltr'><strong>Certe</strong></span> <span class='ocrx_word' id='word_1_348' title='bbox 805 2762 862 2808; x_wconf 94' lang='lat' dir='ltr'><strong>ut</strong></span> <span class='ocrx_word' id='word_1_349' title='bbox 888 2760 1108 2825; x_wconf 86' lang='lat' dir='ltr'><strong>possent</strong></span> <span class='ocrx_word' id='word_1_350' title='bbox 1130 2750 1294 2806; x_wconf 89' lang='lat' dir='ltr'><strong>animi</strong></span> <span class='ocrx_word' id='word_1_351' title='bbox 1319 2751 1589 2807; x_wconf 84' lang='lat' dir='ltr'><strong>alternare</strong></span> <span class='ocrx_word' id='word_1_352' title='bbox 1616 2760 1811 2818; x_wconf 87' lang='lat' dir='ltr'><strong>motus,</strong></span> <span class='ocrx_word' id='word_1_353' title='bbox 1841 2759 1893 2806; x_wconf 91' lang='lat' dir='ltr'><strong>et</strong></span> <span class='ocrx_word' id='word_1_354' title='bbox 1918 2751 2000 2806; x_wconf 89' lang='lat' dir='ltr'><strong>vel</strong></span> <span class='ocrx_word' id='word_1_355' title='bbox 2032 2751 2207 2808; x_wconf 89' lang='lat' dir='ltr'><strong>facere</strong></span> 
     </span>
    </p>
   </div>
   <div class='ocr_carea' id='block_1_48' title="bbox 617 2843 2204 2913">
    <p class='ocr_par' dir='ltr' id='par_1_48' title="bbox 617 2843 2204 2913">
     <span class='ocr_line' id='line_1_48' title="bbox 617 2843 2204 2913; baseline 0.003 -14"><span class='ocrx_word' id='word_1_356' title='bbox 617 2845 840 2912; x_wconf 89' lang='lat' dir='ltr'><strong>malum,</strong></span> <span class='ocrx_word' id='word_1_357' title='bbox 864 2845 945 2901; x_wconf 90' lang='lat' dir='ltr'><strong>vel</strong></span> <span class='ocrx_word' id='word_1_358' title='bbox 972 2844 1224 2902; x_wconf 86' lang='lat' dir='ltr'><strong>recedere</strong></span> <span class='ocrx_word' id='word_1_359' title='bbox 1246 2859 1274 2898; x_wconf 90' lang='lat' dir='ltr'><strong>a</strong></span> <span class='ocrx_word' id='word_1_360' title='bbox 1303 2843 1468 2913; x_wconf 90' lang='lat' dir='ltr'><strong>malo,</strong></span> <span class='ocrx_word' id='word_1_361' title='bbox 1498 2844 1580 2900; x_wconf 87' lang='lat' dir='ltr'><strong>vel</strong></span> <span class='ocrx_word' id='word_1_362' title='bbox 1603 2843 1855 2900; x_wconf 90' lang='lat' dir='ltr'><strong>deserere</strong></span> <span class='ocrx_word' id='word_1_363' title='bbox 1875 2844 1958 2901; x_wconf 88' lang='lat' dir='ltr'><strong>vel</strong></span> <span class='ocrx_word' id='word_1_364' title='bbox 1987 2861 2204 2903; x_wconf 87' lang='lat' dir='ltr'><strong>servare</strong></span> 
     </span>
    </p>
   </div>
   <div class='ocr_carea' id='block_1_49' title="bbox 610 2935 2202 3010">
    <p class='ocr_par' dir='ltr' id='par_1_49' title="bbox 610 2935 2202 3010">
     <span class='ocr_line' id='line_1_49' title="bbox 610 2935 2202 3010; baseline 0.002 -17"><span class='ocrx_word' id='word_1_365' title='bbox 610 2938 894 3010; x_wconf 78' lang='lat' dir='ltr'><strong>justitiam.</strong></span> <span class='ocrx_word' id='word_1_366' title='bbox 925 2936 1184 2993; x_wconf 88' lang='lat' dir='ltr'><strong>Voluntas</strong></span> <span class='ocrx_word' id='word_1_367' title='bbox 1212 2951 1342 3007; x_wconf 85' lang='lat' dir='ltr'><strong>ergo</strong></span> <span class='ocrx_word' id='word_1_368' title='bbox 1387 2935 1640 3007; x_wconf 89' lang='lat' dir='ltr'><strong>peccandi</strong></span> <span class='ocrx_word' id='word_1_369' title='bbox 1689 2952 1797 2992; x_wconf 91' lang='lat' dir='ltr'><strong>non</strong></span> <span class='ocrx_word' id='word_1_370' title='bbox 1843 2937 2067 3005; x_wconf 88' lang='lat' dir='ltr'><strong>fuisset,</strong></span> <span class='ocrx_word' id='word_1_371' title='bbox 2100 2939 2202 2996; x_wconf 84' lang='lat' dir='ltr'><strong>nisi</strong></span> 
     </span>
    </p>
   </div>
   <div class='ocr_carea' id='block_1_50' title="bbox 610 3029 2202 3104">
    <p class='ocr_par' dir='ltr' id='par_1_50' title="bbox 610 3029 2202 3104">
     <span class='ocr_line' id='line_1_50' title="bbox 610 3029 2202 3104; baseline 0.001 -19"><span class='ocrx_word' id='word_1_372' title='bbox 610 3032 826 3088; x_wconf 89' lang='lat' dir='ltr'><strong>volendi</strong></span> <span class='ocrx_word' id='word_1_373' title='bbox 848 3031 1177 3104; x_wconf 89' lang='lat' dir='ltr'><strong>possibilitas</strong></span> <span class='ocrx_word' id='word_1_374' title='bbox 1198 3031 1473 3087; x_wconf 89' lang='lat' dir='ltr'><strong>anteisset.</strong></span> <span class='ocrx_word' id='word_1_375' title='bbox 1501 3029 1610 3086; x_wconf 86' lang='lat' dir='ltr'><strong>lloc</strong></span> <span class='ocrx_word' id='word_1_376' title='bbox 1632 3040 1912 3102; x_wconf 87' lang='lat' dir='ltr'><strong>postquam</strong></span> <span class='ocrx_word' id='word_1_377' title='bbox 1933 3031 2009 3087; x_wconf 91' lang='lat' dir='ltr'><strong>uti</strong></span> <span class='ocrx_word' id='word_1_378' title='bbox 2032 3045 2202 3102; x_wconf 67' lang='lat' dir='ltr'><strong>caepe-</strong></span> 
     </span>
    </p>
   </div>
   <div class='ocr_carea' id='block_1_51' title="bbox 609 3121 2201 3197">
    <p class='ocr_par' dir='ltr' id='par_1_51' title="bbox 609 3121 2201 3197">
     <span class='ocr_line' id='line_1_51' title="bbox 609 3121 2201 3197; baseline 0.001 -17"><span class='ocrx_word' id='word_1_379' title='bbox 609 3135 734 3181; x_wconf 83' lang='lat' dir='ltr'><strong>runt</strong></span> <span class='ocrx_word' id='word_1_380' title='bbox 772 3125 982 3197; x_wconf 83' lang='lat' dir='ltr'><strong>prepria</strong></span> <span class='ocrx_word' id='word_1_381' title='bbox 1015 3124 1322 3190; x_wconf 87' lang='lat' dir='ltr'><strong>voluntate,</strong></span> <span class='ocrx_word' id='word_1_382' title='bbox 1355 3121 1407 3178; x_wconf 88' lang='lat' dir='ltr'><strong>id</strong></span> <span class='ocrx_word' id='word_1_383' title='bbox 1455 3131 1537 3179; x_wconf 90' lang='lat' dir='ltr'><strong>est</strong></span> <span class='ocrx_word' id='word_1_384' title='bbox 1579 3132 1726 3178; x_wconf 91' lang='lat' dir='ltr'><strong>motu</strong></span> <span class='ocrx_word' id='word_1_385' title='bbox 1771 3123 1937 3179; x_wconf 88' lang='lat' dir='ltr'><strong>animi</strong></span> <span class='ocrx_word' id='word_1_386' title='bbox 1975 3135 2201 3196; x_wconf 89' lang='lat' dir='ltr'><strong>cogente</strong></span> 
     </span>
    </p>
   </div>
   <div class='ocr_carea' id='block_1_52' title="bbox 607 3214 2200 3288">
    <p class='ocr_par' dir='ltr' id='par_1_52' title="bbox 607 3214 2200 3288">
     <span class='ocr_line' id='line_1_52' title="bbox 607 3214 2200 3288; baseline -0.001 -15"><span class='ocrx_word' id='word_1_387' title='bbox 607 3219 752 3273; x_wconf 86' lang='lat' dir='ltr'><strong>nullo</strong></span> <span class='ocrx_word' id='word_1_388' title='bbox 777 3259 792 3284; x_wconf 96' lang='lat'><strong>,</strong></span> <span class='ocrx_word' id='word_1_389' title='bbox 826 3230 879 3271; x_wconf 92' lang='grc' dir='ltr'><strong>ιιι</strong></span> <span class='ocrx_word' id='word_1_390' title='bbox 908 3217 1041 3274; x_wconf 89' lang='lat' dir='ltr'><strong>dicis</strong></span> <span class='ocrx_word' id='word_1_391' title='bbox 1084 3215 1311 3272; x_wconf 90' lang='lat' dir='ltr'><strong>liberum</strong></span> <span class='ocrx_word' id='word_1_392' title='bbox 1356 3214 1634 3270; x_wconf 89' lang='lat' dir='ltr'><strong>arbitrium</strong></span> <span class='ocrx_word' id='word_1_393' title='bbox 1679 3215 1975 3286; x_wconf 91' lang='lat' dir='ltr'><strong>perdidisse</strong></span> <span class='ocrx_word' id='word_1_394' title='bbox 2000 3217 2021 3248; x_wconf 85' lang='grc'>¹</span> <span class='ocrx_word' id='word_1_395' title='bbox 2048 3232 2063 3269; x_wconf 88' lang='lat'><strong>:</strong></span> <span class='ocrx_word' id='word_1_396' title='bbox 2095 3233 2200 3288; x_wconf 85' lang='lat' dir='ltr'><strong>quo</strong></span> 
     </span>
    </p>
   </div>
   <div class='ocr_carea' id='block_1_53' title="bbox 601 3305 2198 3382">
    <p class='ocr_par' dir='ltr' id='par_1_53' title="bbox 601 3305 2198 3382">
     <span class='ocr_line' id='line_1_53' title="bbox 601 3305 2198 3382; baseline -0.001 -18"><span class='ocrx_word' id='word_1_397' title='bbox 601 3310 730 3382; x_wconf 87' lang='lat' dir='ltr'><strong>quid</strong></span> <span class='ocrx_word' id='word_1_398' title='bbox 756 3318 935 3382; x_wconf 87' lang='lat' dir='ltr'><strong>potest</strong></span> <span class='ocrx_word' id='word_1_399' title='bbox 957 3307 1211 3364; x_wconf 85' lang='lat' dir='ltr'><strong>furiosius</strong></span> <span class='ocrx_word' id='word_1_400' title='bbox 1235 3305 1502 3377; x_wconf 69' lang='lat' dir='ltr'><strong>cogitari?</strong></span> <span class='ocrx_word' id='word_1_401' title='bbox 1532 3305 1600 3363; x_wconf 90' lang='lat' dir='ltr'><strong>Ut</strong></span> <span class='ocrx_word' id='word_1_402' title='bbox 1628 3307 1771 3362; x_wconf 90' lang='lat' dir='ltr'><strong>enim</strong></span> <span class='ocrx_word' id='word_1_403' title='bbox 1800 3308 1880 3362; x_wconf 86' lang='lat' dir='ltr'><strong>vis</strong></span> <span class='ocrx_word' id='word_1_404' title='bbox 1899 3309 2198 3379; x_wconf 73' lang='lat' dir='ltr'><strong>argumenti</strong></span> 
     </span>
    </p>
   </div>
   <div class='ocr_carea' id='block_1_54' title="bbox 602 3398 2197 3472">
    <p class='ocr_par' dir='ltr' id='par_1_54' title="bbox 602 3398 2197 3472">
     <span class='ocr_line' id='line_1_54' title="bbox 602 3398 2197 3472; baseline -0.001 -14"><span class='ocrx_word' id='word_1_405' title='bbox 602 3404 678 3458; x_wconf 91' lang='lat' dir='ltr'><strong>tui</strong></span> <span class='ocrx_word' id='word_1_406' title='bbox 719 3415 971 3472; x_wconf 74' lang='lat' dir='ltr'><strong>expressa</strong></span> <span class='ocrx_word' id='word_1_407' title='bbox 1012 3409 1286 3465; x_wconf 89' lang='lat' dir='ltr'><strong>teneatur;</strong></span> <span class='ocrx_word' id='word_1_408' title='bbox 1334 3398 1467 3454; x_wconf 82' lang='lat' dir='ltr'><strong>dicis</strong></span> <span class='ocrx_word' id='word_1_409' title='bbox 1496 3413 1614 3452; x_wconf 87' lang='lat' dir='ltr'><strong>eam</strong></span> <span class='ocrx_word' id='word_1_410' title='bbox 1653 3415 1763 3454; x_wconf 90' lang='lat' dir='ltr'><strong>rem</strong></span> <span class='ocrx_word' id='word_1_411' title='bbox 1813 3400 2034 3469; x_wconf 87' lang='lat' dir='ltr'><strong>periisse</strong></span> <span class='ocrx_word' id='word_1_412' title='bbox 2069 3415 2197 3471; x_wconf 80' lang='lat' dir='ltr'><strong>pro-</strong></span> 
     </span>
    </p>
   </div>
   <div class='ocr_carea' id='block_1_55' title="bbox 602 3491 2195 3568">
    <p class='ocr_par' dir='ltr' id='par_1_55' title="bbox 602 3491 2195 3568">
     <span class='ocr_line' id='line_1_55' title="bbox 602 3491 2195 3568; baseline -0.001 -17"><span class='ocrx_word' id='word_1_413' title='bbox 602 3506 722 3568; x_wconf 90' lang='lat' dir='ltr'><strong>pter</strong></span> <span class='ocrx_word' id='word_1_414' title='bbox 748 3493 1097 3563; x_wconf 87' lang='lat' dir='ltr'><strong>voluntatem,</strong></span> <span class='ocrx_word' id='word_1_415' title='bbox 1131 3508 1253 3565; x_wconf 85' lang='lat' dir='ltr'><strong>quae</strong></span> <span class='ocrx_word' id='word_1_416' title='bbox 1283 3492 1402 3548; x_wconf 86' lang='lat' dir='ltr'><strong>data</strong></span> <span class='ocrx_word' id='word_1_417' title='bbox 1447 3508 1553 3547; x_wconf 91' lang='lat' dir='ltr'><strong>non</strong></span> <span class='ocrx_word' id='word_1_418' title='bbox 1601 3501 1682 3546; x_wconf 89' lang='lat' dir='ltr'><strong>est</strong></span> <span class='ocrx_word' id='word_1_419' title='bbox 1713 3491 1813 3548; x_wconf 90' lang='lat' dir='ltr'><strong>nisi</strong></span> <span class='ocrx_word' id='word_1_420' title='bbox 1860 3502 2077 3565; x_wconf 89' lang='lat' dir='ltr'><strong>propter</strong></span> <span class='ocrx_word' id='word_1_421' title='bbox 2100 3508 2195 3549; x_wconf 86' lang='lat' dir='ltr'><strong>vo-</strong></span> 
     </span>
    </p>
   </div>
   <div class='ocr_carea' id='block_1_56' title="bbox 600 3584 2193 3662">
    <p class='ocr_par' dir='ltr' id='par_1_56' title="bbox 600 3584 2193 3662">
     <span class='ocr_line' id='line_1_56' title="bbox 600 3584 2193 3662; baseline -0.001 -19"><span class='ocrx_word' id='word_1_422' title='bbox 600 3592 856 3644; x_wconf 82' lang='lat' dir='ltr'><strong>luntatem</strong></span> <span class='ocrx_word' id='word_1_423' title='bbox 909 3605 922 3643; x_wconf 90' lang='lat'><strong>:</strong></span> <span class='ocrx_word' id='word_1_424' title='bbox 968 3597 1246 3662; x_wconf 78' lang='lat' dir='ltr'><strong>peceatum</strong></span> <span class='ocrx_word' id='word_1_425' title='bbox 1294 3587 1490 3658; x_wconf 82' lang='lat' dir='ltr'><strong>quippe</strong></span> <span class='ocrx_word' id='word_1_426' title='bbox 1544 3584 1676 3641; x_wconf 87' lang='lat' dir='ltr'><strong>nihil</strong></span> <span class='ocrx_word' id='word_1_427' title='bbox 1723 3594 1807 3641; x_wconf 91' lang='lat' dir='ltr'><strong>cst</strong></span> <span class='ocrx_word' id='word_1_428' title='bbox 1851 3586 1993 3643; x_wconf 86' lang='lat' dir='ltr'><strong>aliud</strong></span> <span class='ocrx_word' id='word_1_429' title='bbox 2035 3602 2193 3657; x_wconf 90' lang='lat' dir='ltr'><strong>quam</strong></span> 
     </span>
    </p>
   </div>
   <div class='ocr_carea' id='block_1_57' title="bbox 599 3676 2189 3748">
    <p class='ocr_par' dir='ltr' id='par_1_57' title="bbox 599 3676 2189 3748">
     <span class='ocr_line' id='line_1_57' title="bbox 599 3676 2189 3748; baseline -0.001 -14"><span class='ocrx_word' id='word_1_430' title='bbox 599 3681 847 3735; x_wconf 54' lang='lat' dir='ltr'><strong>voluntas</strong></span> <span class='ocrx_word' id='word_1_431' title='bbox 874 3680 1047 3747; x_wconf 90' lang='lat' dir='ltr'><strong>tnala;</strong></span> <span class='ocrx_word' id='word_1_432' title='bbox 1077 3679 1297 3735; x_wconf 86' lang='lat' dir='ltr'><strong>libertas</strong></span> <span class='ocrx_word' id='word_1_433' title='bbox 1322 3686 1501 3734; x_wconf 84' lang='lat' dir='ltr'><strong>autem</strong></span> <span class='ocrx_word' id='word_1_434' title='bbox 1523 3676 1591 3732; x_wconf 90' lang='lat' dir='ltr'><strong>ad</strong></span> <span class='ocrx_word' id='word_1_435' title='bbox 1618 3676 1720 3732; x_wconf 92' lang='lat' dir='ltr'><strong>hoc</strong></span> <span class='ocrx_word' id='word_1_436' title='bbox 1746 3676 1916 3732; x_wconf 90' lang='lat' dir='ltr'><strong>solum</strong></span> <span class='ocrx_word' id='word_1_437' title='bbox 1939 3678 2062 3734; x_wconf 88' lang='lat' dir='ltr'><strong>data</strong></span> <span class='ocrx_word' id='word_1_438' title='bbox 2086 3689 2189 3748; x_wconf 89' lang='lat' dir='ltr'><strong>est,</strong></span> 
     </span>
    </p>
   </div>
   <div class='ocr_carea' id='block_1_58' title="bbox 598 3762 2188 3840">
    <p class='ocr_par' dir='ltr' id='par_1_58' title="bbox 598 3762 2188 3840">
     <span class='ocr_line' id='line_1_58' title="bbox 598 3762 2188 3840; baseline 0 -15"><span class='ocrx_word' id='word_1_439' title='bbox 598 3762 655 3827; x_wconf 86' lang='lat' dir='ltr'><strong>nt</strong></span> <span class='ocrx_word' id='word_1_440' title='bbox 685 3772 1010 3827; x_wconf 89' lang='lat' dir='ltr'><strong>voluntatem</strong></span> <span class='ocrx_word' id='word_1_441' title='bbox 1041 3787 1146 3825; x_wconf 86' lang='lat' dir='ltr'><strong>non</strong></span> <span class='ocrx_word' id='word_1_442' title='bbox 1178 3778 1431 3840; x_wconf 86' lang='lat' dir='ltr'><strong>cogeret,</strong></span> <span class='ocrx_word' id='word_1_443' title='bbox 1459 3769 1552 3824; x_wconf 92' lang='lat' dir='ltr'><strong>scd</strong></span> <span class='ocrx_word' id='word_1_444' title='bbox 1578 3768 1918 3839; x_wconf 86' lang='lat' dir='ltr'><strong>permitteret</strong></span> <span class='ocrx_word' id='word_1_445' title='bbox 1944 3770 2139 3827; x_wconf 81' lang='lat' dir='ltr'><strong>exoriri</strong></span> <span class='ocrx_word' id='word_1_446' title='bbox 2175 3789 2188 3825; x_wconf 87' lang='lat'><strong>:</strong></span> 
     </span>
    </p>
   </div>
   <div class='ocr_carea' id='block_1_59' title="bbox 597 3859 2193 3919">
    <p class='ocr_par' dir='ltr' id='par_1_59' title="bbox 597 3859 2193 3919">
     <span class='ocr_line' id='line_1_59' title="bbox 597 3859 2193 3919; baseline 0 -1"><span class='ocrx_word' id='word_1_447' title='bbox 597 3866 738 3919; x_wconf 88' lang='lat' dir='ltr'><strong>hanc</strong></span> <span class='ocrx_word' id='word_1_448' title='bbox 756 3872 933 3919; x_wconf 88' lang='lat' dir='ltr'><strong>autem</strong></span> <span class='ocrx_word' id='word_1_449' title='bbox 958 3871 1012 3917; x_wconf 93' lang='lat' dir='ltr'><strong>tu</strong></span> <span class='ocrx_word' id='word_1_450' title='bbox 1033 3861 1335 3918; x_wconf 87' lang='lat' dir='ltr'><strong>libertatem</strong></span> <span class='ocrx_word' id='word_1_451' title='bbox 1358 3860 1377 3892; x_wconf 86' lang='grc'><em>³</em></span> <span class='ocrx_word' id='word_1_452' title='bbox 1398 3859 1757 3916; x_wconf 86' lang='lat' dir='ltr'><strong>conditionem</strong></span> <span class='ocrx_word' id='word_1_453' title='bbox 1775 3876 1923 3916; x_wconf 81' lang='lat' dir='ltr'><strong>suam</strong></span> <span class='ocrx_word' id='word_1_454' title='bbox 1946 3860 2078 3918; x_wconf 89' lang='lat' dir='ltr'><strong>dicis</strong></span> <span class='ocrx_word' id='word_1_455' title='bbox 2098 3878 2193 3918; x_wconf 92' lang='lat' dir='ltr'><strong>vo-</strong></span> 
     </span>
    </p>
   </div>
   <div class='ocr_carea' id='block_1_60' title="bbox 597 3950 2191 4024">
    <p class='ocr_par' dir='ltr' id='par_1_60' title="bbox 597 3950 2191 4024">
     <span class='ocr_line' id='line_1_60' title="bbox 597 3950 2191 4024; baseline 0.001 -13"><span class='ocrx_word' id='word_1_456' title='bbox 597 3954 821 4011; x_wconf 81' lang='lat' dir='ltr'><strong>luntatis</strong></span> <span class='ocrx_word' id='word_1_457' title='bbox 869 3967 1036 4023; x_wconf 80' lang='lat' dir='ltr'><strong>Opere</strong></span> <span class='ocrx_word' id='word_1_458' title='bbox 1062 3952 1382 4024; x_wconf 84' lang='lat' dir='ltr'><strong>perdidisse,</strong></span> <span class='ocrx_word' id='word_1_459' title='bbox 1409 3959 1469 4008; x_wconf 90' lang='lat' dir='ltr'><strong>ut</strong></span> <span class='ocrx_word' id='word_1_460' title='bbox 1495 3966 1591 4023; x_wconf 83' lang='lat' dir='ltr'><strong>per</strong></span> <span class='ocrx_word' id='word_1_461' title='bbox 1627 3950 1731 4007; x_wconf 92' lang='lat' dir='ltr'><strong>hoc</strong></span> <span class='ocrx_word' id='word_1_462' title='bbox 1759 3951 2028 4011; x_wconf 87' lang='lat' dir='ltr'><strong>interiisse</strong></span> <span class='ocrx_word' id='word_1_463' title='bbox 2067 3970 2191 4011; x_wconf 88' lang='lat' dir='ltr'><strong>ere-</strong></span> 
     </span>
    </p>
   </div>
   <div class='ocr_carea' id='block_1_61' title="bbox 597 4040 2190 4118">
    <p class='ocr_par' dir='ltr' id='par_1_61' title="bbox 597 4040 2190 4118">
     <span class='ocr_line' id='line_1_61' title="bbox 597 4040 2190 4118; baseline 0.002 -19"><span class='ocrx_word' id='word_1_464' title='bbox 597 4046 778 4109; x_wconf 86' lang='lat' dir='ltr'><strong>datur,</strong></span> <span class='ocrx_word' id='word_1_465' title='bbox 804 4058 901 4113; x_wconf 87' lang='lat' dir='ltr'><strong>per</strong></span> <span class='ocrx_word' id='word_1_466' title='bbox 918 4044 1059 4114; x_wconf 83' lang='lat' dir='ltr'><strong>quod</strong></span> <span class='ocrx_word' id='word_1_467' title='bbox 1087 4042 1258 4096; x_wconf 81' lang='lat' dir='ltr'><strong>Solum</strong></span> <span class='ocrx_word' id='word_1_468' title='bbox 1287 4040 1541 4111; x_wconf 86' lang='lat' dir='ltr'><strong>probatur</strong></span> <span class='ocrx_word' id='word_1_469' title='bbox 1561 4040 1760 4113; x_wconf 88' lang='lat' dir='ltr'><strong>vigere.</strong></span> <span class='ocrx_word' id='word_1_470' title='bbox 1785 4040 2041 4099; x_wconf 81' lang='lat' dir='ltr'><strong>Voluntas</strong></span> <span class='ocrx_word' id='word_1_471' title='bbox 2062 4060 2190 4118; x_wconf 86' lang='lat' dir='ltr'><strong>ergo</strong></span> 
     </span>
    </p>
   </div>
   <div class='ocr_carea' id='block_1_62' title="bbox 598 4133 2188 4206">
    <p class='ocr_par' dir='ltr' id='par_1_62' title="bbox 598 4133 2188 4206">
     <span class='ocr_line' id='line_1_62' title="bbox 598 4133 2188 4206; baseline 0.001 -13"><span class='ocrx_word' id='word_1_472' title='bbox 598 4137 737 4193; x_wconf 88' lang='lat' dir='ltr'><strong>mala</strong></span> <span class='ocrx_word' id='word_1_473' title='bbox 766 4151 873 4191; x_wconf 92' lang='lat' dir='ltr'><strong>non</strong></span> <span class='ocrx_word' id='word_1_474' title='bbox 899 4133 1114 4206; x_wconf 90' lang='lat' dir='ltr'><strong>quidem</strong></span> <span class='ocrx_word' id='word_1_475' title='bbox 1146 4133 1347 4189; x_wconf 88' lang='lat' dir='ltr'><strong>fruetus</strong></span> <span class='ocrx_word' id='word_1_476' title='bbox 1370 4176 1385 4201; x_wconf 91' lang='lat'><strong>,</strong></span> <span class='ocrx_word' id='word_1_477' title='bbox 1414 4133 1508 4190; x_wconf 90' lang='lat' dir='ltr'><strong>sed</strong></span> <span class='ocrx_word' id='word_1_478' title='bbox 1536 4133 1898 4190; x_wconf 87' lang='lat' dir='ltr'><strong>testimonium</strong></span> <span class='ocrx_word' id='word_1_479' title='bbox 1929 4135 2188 4195; x_wconf 76' lang='lat' dir='ltr'><strong>libertatis</strong></span> 
     </span>
    </p>
   </div>
   <div class='ocr_carea' id='block_1_63' title="bbox 594 4223 2187 4297">
    <p class='ocr_par' dir='ltr' id='par_1_63' title="bbox 594 4223 2187 4297">
     <span class='ocr_line' id='line_1_63' title="bbox 594 4223 2187 4297; baseline 0.001 -14"><span class='ocrx_word' id='word_1_480' title='bbox 594 4236 699 4283; x_wconf 87' lang='lat' dir='ltr'><strong>est.</strong></span> <span class='ocrx_word' id='word_1_481' title='bbox 726 4226 973 4283; x_wconf 84' lang='lat' dir='ltr'><strong>Libertas</strong></span> <span class='ocrx_word' id='word_1_482' title='bbox 1015 4234 1191 4281; x_wconf 87' lang='lat' dir='ltr'><strong>autent</strong></span> <span class='ocrx_word' id='word_1_483' title='bbox 1222 4224 1355 4280; x_wconf 85' lang='lat' dir='ltr'><strong>nihil</strong></span> <span class='ocrx_word' id='word_1_484' title='bbox 1383 4233 1465 4280; x_wconf 87' lang='lat' dir='ltr'><strong>est</strong></span> <span class='ocrx_word' id='word_1_485' title='bbox 1491 4223 1634 4281; x_wconf 86' lang='lat' dir='ltr'><strong>aliud</strong></span> <span class='ocrx_word' id='word_1_486' title='bbox 1661 4242 1820 4297; x_wconf 87' lang='lat' dir='ltr'><strong>quam</strong></span> <span class='ocrx_word' id='word_1_487' title='bbox 1862 4227 2187 4297; x_wconf 81' lang='lat' dir='ltr'><strong>possibilitas</strong></span> 
     </span>
    </p>
   </div>
   <div class='ocr_carea' id='block_1_64' title="bbox 595 4317 2188 4391">
    <p class='ocr_par' dir='ltr' id='par_1_64' title="bbox 595 4317 2188 4391">
     <span class='ocr_line' id='line_1_64' title="bbox 595 4317 2188 4391; baseline 0 -13"><span class='ocrx_word' id='word_1_488' title='bbox 595 4321 723 4378; x_wconf 83' lang='lat' dir='ltr'><strong>boni</strong></span> <span class='ocrx_word' id='word_1_489' title='bbox 767 4319 1033 4390; x_wconf 83' lang='lat' dir='ltr'><strong>malique,</strong></span> <span class='ocrx_word' id='word_1_490' title='bbox 1060 4317 1155 4374; x_wconf 78' lang='lat' dir='ltr'><strong>Sed</strong></span> <span class='ocrx_word' id='word_1_491' title='bbox 1200 4318 1508 4374; x_wconf 89' lang='lat' dir='ltr'><strong>voluntarii.</strong></span> <span class='ocrx_word' id='word_1_492' title='bbox 1539 4318 1641 4387; x_wconf 90' lang='lat' dir='ltr'><strong>Qui</strong></span> <span class='ocrx_word' id='word_1_493' title='bbox 1684 4334 1812 4391; x_wconf 86' lang='lat' dir='ltr'><strong>ergo</strong></span> <span class='ocrx_word' id='word_1_494' title='bbox 1856 4318 1971 4375; x_wconf 88' lang='lat' dir='ltr'><strong>lieri</strong></span> <span class='ocrx_word' id='word_1_495' title='bbox 2019 4323 2188 4391; x_wconf 84' lang='lat' dir='ltr'><strong>potuit</strong></span> 
     </span>
    </p>
   </div>
   <div class='ocr_carea' id='block_1_65' title="bbox 594 4408 2182 4483">
    <p class='ocr_par' dir='ltr' id='par_1_65' title="bbox 594 4408 2182 4483">
     <span class='ocr_line' id='line_1_65' title="bbox 594 4408 2182 4483; baseline -0.001 -16"><span class='ocrx_word' id='word_1_496' title='bbox 594 4420 655 4467; x_wconf 89' lang='lat' dir='ltr'><strong>ut</strong></span> <span class='ocrx_word' id='word_1_497' title='bbox 688 4427 784 4483; x_wconf 88' lang='lat' dir='ltr'><strong>per</strong></span> <span class='ocrx_word' id='word_1_498' title='bbox 826 4409 930 4467; x_wconf 91' lang='lat' dir='ltr'><strong>hoc</strong></span> <span class='ocrx_word' id='word_1_499' title='bbox 974 4410 1250 4482; x_wconf 81' lang='lat' dir='ltr'><strong>interiret,</strong></span> <span class='ocrx_word' id='word_1_500' title='bbox 1296 4424 1393 4481; x_wconf 91' lang='lat' dir='ltr'><strong>per</strong></span> <span class='ocrx_word' id='word_1_501' title='bbox 1434 4408 1578 4482; x_wconf 90' lang='lat' dir='ltr'><strong>quod</strong></span> <span class='ocrx_word' id='word_1_502' title='bbox 1618 4408 1857 4481; x_wconf 87' lang='lat' dir='ltr'><strong>proditur</strong></span> <span class='ocrx_word' id='word_1_503' title='bbox 1910 4409 2182 4477; x_wconf 86' lang='lat' dir='ltr'><strong>instituta,</strong></span> 
     </span>
    </p>
   </div>
   <div class='ocr_carea' id='block_1_66' title="bbox 593 4501 2184 4567">
    <p class='ocr_par' dir='ltr' id='par_1_66' title="bbox 593 4501 2184 4567">
     <span class='ocr_line' id='line_1_66' title="bbox 593 4501 2184 4567; baseline -0.001 -6"><span class='ocrx_word' id='word_1_504' title='bbox 593 4522 720 4562; x_wconf 84' lang='lat' dir='ltr'><strong>eum</strong></span> <span class='ocrx_word' id='word_1_505' title='bbox 775 4504 914 4567; x_wconf 80' lang='lat' dir='ltr'><strong>mala</strong></span> <span class='ocrx_word' id='word_1_506' title='bbox 964 4502 1208 4559; x_wconf 86' lang='lat' dir='ltr'><strong>voluntas</strong></span> <span class='ocrx_word' id='word_1_507' title='bbox 1254 4510 1310 4559; x_wconf 88' lang='lat' dir='ltr'><strong>et</strong></span> <span class='ocrx_word' id='word_1_508' title='bbox 1374 4501 1515 4558; x_wconf 78' lang='lat' dir='ltr'><strong>bona</strong></span> <span class='ocrx_word' id='word_1_509' title='bbox 1570 4502 1816 4558; x_wconf 90' lang='lat' dir='ltr'><strong>voluntas</strong></span> <span class='ocrx_word' id='word_1_510' title='bbox 1869 4519 1974 4559; x_wconf 90' lang='lat' dir='ltr'><strong>non</strong></span> <span class='ocrx_word' id='word_1_511' title='bbox 2023 4504 2184 4561; x_wconf 90' lang='lat' dir='ltr'><strong>exitia</strong></span> 
     </span>
    </p>
   </div>
   <div class='ocr_carea' id='block_1_67' title="bbox 588 4592 2182 4667">
    <p class='ocr_par' dir='ltr' id='par_1_67' title="bbox 588 4592 2182 4667">
     <span class='ocr_line' id='line_1_67' title="bbox 588 4592 2182 4667; baseline -0.003 -13"><span class='ocrx_word' id='word_1_512' title='bbox 588 4599 700 4655; x_wconf 84' lang='lat' dir='ltr'><strong>sint</strong></span> <span class='ocrx_word' id='word_1_513' title='bbox 724 4639 740 4663; x_wconf 94' lang='lat'><strong>,</strong></span> <span class='ocrx_word' id='word_1_514' title='bbox 769 4595 866 4653; x_wconf 86' lang='lat' dir='ltr'><strong>sed</strong></span> <span class='ocrx_word' id='word_1_515' title='bbox 908 4592 1178 4667; x_wconf 68' lang='lat' dir='ltr'><strong>prmconia</strong></span> <span class='ocrx_word' id='word_1_516' title='bbox 1224 4594 1531 4651; x_wconf 76' lang='lat' dir='ltr'><strong>libertatis?</strong></span> <span class='ocrx_word' id='word_1_517' title='bbox 1554 4594 1639 4651; x_wconf 84' lang='lat' dir='ltr'><strong>Ac</strong></span> <span class='ocrx_word' id='word_1_518' title='bbox 1680 4609 1776 4666; x_wconf 91' lang='lat' dir='ltr'><strong>per</strong></span> <span class='ocrx_word' id='word_1_519' title='bbox 1801 4593 1904 4651; x_wconf 91' lang='lat' dir='ltr'><strong>hoc</strong></span> <span class='ocrx_word' id='word_1_520' title='bbox 1928 4604 2182 4666; x_wconf 88' lang='lat' dir='ltr'><strong>quantum</strong></span> 
     </span>
    </p>
   </div>
   <div class='ocr_carea' id='block_1_68' title="bbox 581 4686 2180 4760">
    <p class='ocr_par' dir='ltr' id='par_1_68' title="bbox 581 4686 2180 4760">
     <span class='ocr_line' id='line_1_68' title="bbox 581 4686 2180 4760; baseline -0.003 -12"><span class='ocrx_word' id='word_1_521' title='bbox 581 4692 747 4748; x_wconf 88' lang='lat' dir='ltr'><strong>distat</strong></span> <span class='ocrx_word' id='word_1_522' title='bbox 774 4690 915 4746; x_wconf 90' lang='lat' dir='ltr'><strong>inter</strong></span> <span class='ocrx_word' id='word_1_523' title='bbox 930 4687 1104 4744; x_wconf 80' lang='lat' dir='ltr'><strong>officia</strong></span> <span class='ocrx_word' id='word_1_524' title='bbox 1126 4696 1283 4760; x_wconf 87' lang='lat' dir='ltr'><strong>atque</strong></span> <span class='ocrx_word' id='word_1_525' title='bbox 1304 4686 1632 4755; x_wconf 89' lang='lat' dir='ltr'><strong>discrimina,</strong></span> <span class='ocrx_word' id='word_1_526' title='bbox 1656 4696 1861 4742; x_wconf 91' lang='lat' dir='ltr'><strong>tantum</strong></span> <span class='ocrx_word' id='word_1_527' title='bbox 1902 4687 2043 4744; x_wconf 91' lang='lat' dir='ltr'><strong>inter</strong></span> <span class='ocrx_word' id='word_1_528' title='bbox 2062 4688 2180 4760; x_wconf 79' lang='lat' dir='ltr'><strong>api-</strong></span> 
     </span>
    </p>
   </div>
   <div class='ocr_carea' id='block_1_69' title="bbox 582 4780 2178 4847">
    <p class='ocr_par' dir='ltr' id='par_1_69' title="bbox 582 4780 2178 4847">
     <span class='ocr_line' id='line_1_69' title="bbox 582 4780 2178 4847; baseline -0.004 -4"><span class='ocrx_word' id='word_1_529' title='bbox 582 4790 801 4843; x_wconf 90' lang='lat' dir='ltr'><strong>nionem</strong></span> <span class='ocrx_word' id='word_1_530' title='bbox 825 4794 970 4841; x_wconf 89' lang='lat' dir='ltr'><strong>tuam</strong></span> <span class='ocrx_word' id='word_1_531' title='bbox 998 4790 1054 4839; x_wconf 90' lang='lat' dir='ltr'><strong>et</strong></span> <span class='ocrx_word' id='word_1_532' title='bbox 1076 4782 1338 4838; x_wconf 89' lang='lat' dir='ltr'><strong>rationem</strong></span> <span class='ocrx_word' id='word_1_533' title='bbox 1369 4780 1574 4837; x_wconf 87' lang='lat' dir='ltr'><strong>arbitrii</strong></span> <span class='ocrx_word' id='word_1_534' title='bbox 1600 4782 1778 4847; x_wconf 85' lang='lat' dir='ltr'><strong>liberi,</strong></span> <span class='ocrx_word' id='word_1_535' title='bbox 1800 4781 1886 4837; x_wconf 91' lang='lat' dir='ltr'><strong>cui</strong></span> <span class='ocrx_word' id='word_1_536' title='bbox 1913 4780 2178 4837; x_wconf 86' lang='lat' dir='ltr'><strong>excidium</strong></span> 
     </span>
    </p>
   </div>
   <div class='ocr_carea' id='block_1_70' title="bbox 585 4873 2178 4951">
    <p class='ocr_par' dir='ltr' id='par_1_70' title="bbox 585 4873 2178 4951">
     <span class='ocr_line' id='line_1_70' title="bbox 585 4873 2178 4951; baseline -0.003 -17"><span class='ocrx_word' id='word_1_537' title='bbox 585 4888 741 4951; x_wconf 84' lang='lat' dir='ltr'><strong>putas</strong></span> <span class='ocrx_word' id='word_1_538' title='bbox 766 4878 837 4933; x_wconf 84' lang='lat' dir='ltr'><strong>de</strong></span> <span class='ocrx_word' id='word_1_539' title='bbox 874 4876 987 4933; x_wconf 89' lang='lat' dir='ltr'><strong>suis</strong></span> <span class='ocrx_word' id='word_1_540' title='bbox 1024 4874 1271 4931; x_wconf 86' lang='lat' dir='ltr'><strong>laudibus</strong></span> <span class='ocrx_word' id='word_1_541' title='bbox 1310 4883 1700 4946; x_wconf 86' lang='lat' dir='ltr'><strong>comparatum.</strong></span> <span class='ocrx_word' id='word_1_542' title='bbox 1747 4873 1887 4943; x_wconf 84' lang='lat' dir='ltr'><strong>Quid</strong></span> <span class='ocrx_word' id='word_1_543' title='bbox 1925 4890 2053 4946; x_wconf 86' lang='lat' dir='ltr'><strong>ergo</strong></span> <span class='ocrx_word' id='word_1_544' title='bbox 2078 4890 2178 4930; x_wconf 84' lang='lat' dir='ltr'><strong>no-</strong></span> 
     </span>
    </p>
   </div>
   <div class='ocr_carea' id='block_1_71' title="bbox 585 4963 2179 5044">
    <p class='ocr_par' dir='ltr' id='par_1_71' title="bbox 585 4963 2179 5044">
     <span class='ocr_line' id='line_1_71' title="bbox 585 4963 2179 5044; baseline 0.001 -25"><span class='ocrx_word' id='word_1_545' title='bbox 585 4985 748 5035; x_wconf 85' lang='lat' dir='ltr'><strong>vum,</strong></span> <span class='ocrx_word' id='word_1_546' title='bbox 776 4966 905 5038; x_wconf 89' lang='lat' dir='ltr'><strong>quid</strong></span> <span class='ocrx_word' id='word_1_547' title='bbox 936 4968 1264 5037; x_wconf 86' lang='lat' dir='ltr'><strong>insperatum</strong></span> <span class='ocrx_word' id='word_1_548' title='bbox 1294 4963 1638 5044; x_wconf 84' lang='lat' dir='ltr'><strong>delinquente</strong></span> <span class='ocrx_word' id='word_1_549' title='bbox 1666 4964 1689 4997; x_wconf 79' lang='grc'><strong>’⁵</strong></span> <span class='ocrx_word' id='word_1_550' title='bbox 1720 4963 1940 5020; x_wconf 88' lang='lat' dir='ltr'><strong>homine</strong></span> <span class='ocrx_word' id='word_1_551' title='bbox 1964 4965 2179 5030; x_wconf 90' lang='lat' dir='ltr'><strong>accidit,</strong></span> 
     </span>
    </p>
   </div>
   <div class='ocr_carea' id='block_1_72' title="bbox 578 5056 2178 5130">
    <p class='ocr_par' dir='ltr' id='par_1_72' title="bbox 578 5056 2178 5130">
     <span class='ocr_line' id='line_1_72' title="bbox 578 5056 2178 5130; baseline -0.003 -14"><span class='ocrx_word' id='word_1_552' title='bbox 578 5076 680 5130; x_wconf 86' lang='lat' dir='ltr'><strong>per</strong></span> <span class='ocrx_word' id='word_1_553' title='bbox 707 5058 850 5130; x_wconf 84' lang='lat' dir='ltr'><strong>quod</strong></span> <span class='ocrx_word' id='word_1_554' title='bbox 899 5058 991 5114; x_wconf 89' lang='lat' dir='ltr'><strong>Dei</strong></span> <span class='ocrx_word' id='word_1_555' title='bbox 1038 5059 1277 5115; x_wconf 86' lang='lat' dir='ltr'><strong>instituta</strong></span> <span class='ocrx_word' id='word_1_556' title='bbox 1325 5057 1682 5114; x_wconf 86' lang='lat' dir='ltr'><strong>corruerent?</strong></span> <span class='ocrx_word' id='word_1_557' title='bbox 1724 5056 1924 5113; x_wconf 80' lang='lat' dir='ltr'><strong>Factus</strong></span> <span class='ocrx_word' id='word_1_558' title='bbox 1966 5066 2048 5112; x_wconf 91' lang='lat' dir='ltr'><strong>est</strong></span> <span class='ocrx_word' id='word_1_559' title='bbox 2089 5059 2178 5128; x_wconf 85' lang='lat' dir='ltr'><strong>qui</strong></span> 
     </span>
    </p>
   </div>
   <div class='ocr_carea' id='block_1_73' title="bbox 2323 1941 3866 2033">
    <p class='ocr_par' dir='ltr' id='par_1_73' title="bbox 2323 1941 3866 2033">
     <span class='ocr_line' id='line_1_73' title="bbox 2323 1941 3866 2033; baseline 0.02 -40"><span class='ocrx_word' id='word_1_560' title='bbox 2323 1941 2521 2011; x_wconf 72' lang='lat' dir='ltr'><strong>nimias,</strong></span> <span class='ocrx_word' id='word_1_561' title='bbox 2542 1947 2681 2017; x_wconf 72' lang='lat'><strong>12.7).</strong></span> <span class='ocrx_word' id='word_1_562' title='bbox 2705 1942 2934 2007; x_wconf 86' lang='lat' dir='ltr'><strong>Videsne</strong></span> <span class='ocrx_word' id='word_1_563' title='bbox 2953 1955 3077 2024; x_wconf 90' lang='lat' dir='ltr'><strong>quid</strong></span> <span class='ocrx_word' id='word_1_564' title='bbox 3099 1958 3270 2027; x_wconf 87' lang='lat' dir='ltr'><strong>sapiat</strong></span> <span class='ocrx_word' id='word_1_565' title='bbox 3284 1957 3306 1991; x_wconf 70' lang='grc' dir='ltr'>δ</span> <span class='ocrx_word' id='word_1_566' title='bbox 3325 1975 3423 2033; x_wconf 79' lang='lat' dir='ltr'><strong>per</strong></span> <span class='ocrx_word' id='word_1_567' title='bbox 3439 1962 3720 2021; x_wconf 89' lang='lat' dir='ltr'><strong>ministrum</strong></span> <span class='ocrx_word' id='word_1_568' title='bbox 3736 1941 3866 2024; x_wconf 76' lang='lat' dir='ltr'><strong>suum</strong></span> 
     </span>
    </p>
   </div>
   <div class='ocr_carea' id='block_1_74' title="bbox 2321 2035 3866 2118">
    <p class='ocr_par' dir='ltr' id='par_1_74' title="bbox 2321 2035 3866 2118">
     <span class='ocr_line' id='line_1_74' title="bbox 2321 2035 3866 2118; baseline 0.019 -29"><span class='ocrx_word' id='word_1_569' title='bbox 2321 2035 2578 2094; x_wconf 87' lang='lat' dir='ltr'><strong>catholica</strong></span> <span class='ocrx_word' id='word_1_570' title='bbox 2600 2040 2776 2097; x_wconf 81' lang='lat' dir='ltr'><strong>fides?</strong></span> <span class='ocrx_word' id='word_1_571' title='bbox 2809 2043 2964 2102; x_wconf 87' lang='lat' dir='ltr'><strong>Vides</strong></span> <span class='ocrx_word' id='word_1_572' title='bbox 2986 2049 3388 2117; x_wconf 86' lang='lat' dir='ltr'><strong>possibilitatem</strong></span> <span class='ocrx_word' id='word_1_573' title='bbox 3410 2056 3581 2110; x_wconf 89' lang='lat' dir='ltr'><strong>standi</strong></span> <span class='ocrx_word' id='word_1_574' title='bbox 3604 2065 3657 2112; x_wconf 90' lang='lat' dir='ltr'><strong>et</strong></span> <span class='ocrx_word' id='word_1_575' title='bbox 3677 2060 3866 2118; x_wconf 89' lang='lat' dir='ltr'><strong>cadendi</strong></span> 
     </span>
    </p>
   </div>
   <div class='ocr_carea' id='block_1_75' title="bbox 2320 2126 3867 2224">
    <p class='ocr_par' dir='ltr' id='par_1_75' title="bbox 2320 2126 3867 2224">
     <span class='ocr_line' id='line_1_75' title="bbox 2320 2126 3867 2224; baseline 0.019 -44"><span class='ocrx_word' id='word_1_576' title='bbox 2320 2127 2396 2182; x_wconf 87' lang='lat' dir='ltr'><strong>sic</strong></span> <span class='ocrx_word' id='word_1_577' title='bbox 2417 2126 2664 2188; x_wconf 62' lang='lat' dir='ltr'><strong>habuisse</strong></span> <span class='ocrx_word' id='word_1_578' title='bbox 2687 2133 2976 2205; x_wconf 87' lang='lat' dir='ltr'><strong>hominem,</strong></span> <span class='ocrx_word' id='word_1_579' title='bbox 2999 2148 3054 2195; x_wconf 94' lang='lat' dir='ltr'><strong>ut</strong></span> <span class='ocrx_word' id='word_1_580' title='bbox 3073 2140 3116 2195; x_wconf 92' lang='lat' dir='ltr'><strong>si</strong></span> <span class='ocrx_word' id='word_1_581' title='bbox 3133 2142 3432 2214; x_wconf 90' lang='lat' dir='ltr'><strong>cecidisset,</strong></span> <span class='ocrx_word' id='word_1_582' title='bbox 3453 2163 3559 2203; x_wconf 90' lang='lat' dir='ltr'><strong>non</strong></span> <span class='ocrx_word' id='word_1_583' title='bbox 3575 2149 3744 2206; x_wconf 88' lang='lat' dir='ltr'><strong>eadem</strong></span> <span class='ocrx_word' id='word_1_584' title='bbox 3764 2168 3867 2224; x_wconf 54' lang='lat' dir='ltr'><strong>pos</strong></span> 
     </span>
    </p>
   </div>
   <div class='ocr_carea' id='block_1_76' title="bbox 2319 2218 3867 2308">
    <p class='ocr_par' dir='ltr' id='par_1_76' title="bbox 2319 2218 3867 2308">
     <span class='ocr_line' id='line_1_76' title="bbox 2319 2218 3867 2308; baseline 0.02 -38"><span class='ocrx_word' id='word_1_585' title='bbox 2319 2218 2567 2276; x_wconf 85' lang='lat' dir='ltr'><strong>sibilitate</strong></span> <span class='ocrx_word' id='word_1_586' title='bbox 2594 2239 2695 2294; x_wconf 88' lang='lat' dir='ltr'><strong>qua</strong></span> <span class='ocrx_word' id='word_1_587' title='bbox 2722 2227 2991 2284; x_wconf 88' lang='lat' dir='ltr'><strong>ceciderat</strong></span> <span class='ocrx_word' id='word_1_588' title='bbox 3022 2242 3305 2304; x_wconf 89' lang='lat' dir='ltr'><strong>surgeret,</strong></span> <span class='ocrx_word' id='word_1_589' title='bbox 3339 2237 3548 2308; x_wconf 90' lang='lat' dir='ltr'><strong>culpam</strong></span> <span class='ocrx_word' id='word_1_590' title='bbox 3583 2218 3867 2301; x_wconf 44' lang='lat' dir='ltr'><strong>scilicet—se.</strong></span> 
     </span>
    </p>
   </div>
   <div class='ocr_carea' id='block_1_77' title="bbox 2318 2315 3867 2399">
    <p class='ocr_par' dir='ltr' id='par_1_77' title="bbox 2318 2315 3867 2399">
     <span class='ocr_line' id='line_1_77' title="bbox 2318 2315 3867 2399; baseline 0.019 -38"><span class='ocrx_word' id='word_1_591' title='bbox 2318 2321 2513 2380; x_wconf 87' lang='lat' dir='ltr'><strong>quente</strong></span> <span class='ocrx_word' id='word_1_592' title='bbox 2534 2315 2811 2384; x_wconf 90' lang='lat' dir='ltr'><strong>supplicio.</strong></span> <span class='ocrx_word' id='word_1_593' title='bbox 2835 2318 3059 2391; x_wconf 86' lang='lat' dir='ltr'><strong>Propter</strong></span> <span class='ocrx_word' id='word_1_594' title='bbox 3074 2324 3212 2393; x_wconf 92' lang='lat' dir='ltr'><strong>quod</strong></span> <span class='ocrx_word' id='word_1_595' title='bbox 3234 2324 3429 2381; x_wconf 87' lang='lat' dir='ltr'><strong>Christi</strong></span> <span class='ocrx_word' id='word_1_596' title='bbox 3447 2338 3632 2399; x_wconf 76' lang='lat' dir='ltr'><strong>gratia,</strong></span> <span class='ocrx_word' id='word_1_597' title='bbox 3649 2333 3724 2388; x_wconf 90' lang='lat' dir='ltr'><strong>cui</strong></span> <span class='ocrx_word' id='word_1_598' title='bbox 3740 2334 3867 2391; x_wconf 75' lang='lat' dir='ltr'><strong>mise</strong></span> 
     </span>
    </p>
   </div>
   <div class='ocr_carea' id='block_1_78' title="bbox 2319 2401 3864 2490">
    <p class='ocr_par' dir='ltr' id='par_1_78' title="bbox 2319 2401 3864 2490">
     <span class='ocr_line' id='line_1_78' title="bbox 2319 2401 3864 2490; baseline 0.017 -38"><span class='ocrx_word' id='word_1_599' title='bbox 2319 2401 2556 2490; x_wconf 82' lang='lat' dir='ltr'><strong>rahiliter</strong></span> <span class='ocrx_word' id='word_1_600' title='bbox 2573 2406 2702 2461; x_wconf 91' lang='lat' dir='ltr'><strong>estis</strong></span> <span class='ocrx_word' id='word_1_601' title='bbox 2721 2407 2928 2478; x_wconf 86' lang='lat' dir='ltr'><strong>ingrati,</strong></span> <span class='ocrx_word' id='word_1_602' title='bbox 2947 2414 3343 2483; x_wconf 82' lang='lat' dir='ltr'><strong>quaejacentem</strong></span> <span class='ocrx_word' id='word_1_603' title='bbox 3363 2419 3643 2490; x_wconf 90' lang='lat' dir='ltr'><strong>relevaret,</strong></span> <span class='ocrx_word' id='word_1_604' title='bbox 3663 2424 3864 2480; x_wconf 87' lang='lat' dir='ltr'><strong>advenit.</strong></span> 
     </span>
    </p>
   </div>
   <div class='ocr_carea' id='block_1_79' title="bbox 2315 2489 3864 2583">
    <p class='ocr_par' dir='ltr' id='par_1_79' title="bbox 2315 2489 3864 2583">
     <span class='ocr_line' id='line_1_79' title="bbox 2315 2489 3864 2583; baseline 0.016 -38"><span class='ocrx_word' id='word_1_605' title='bbox 2315 2489 2371 2545; x_wconf 84' lang='lat' dir='ltr'><strong>In</strong></span> <span class='ocrx_word' id='word_1_606' title='bbox 2387 2492 2486 2548; x_wconf 86' lang='lat' dir='ltr'><strong>alia</strong></span> <span class='ocrx_word' id='word_1_607' title='bbox 2506 2510 2715 2566; x_wconf 89' lang='lat' dir='ltr'><strong>quoque</strong></span> <span class='ocrx_word' id='word_1_608' title='bbox 2730 2500 2970 2569; x_wconf 88' lang='lat' dir='ltr'><strong>epistola,</strong></span> <span class='ocrx_word' id='word_1_609' title='bbox 2986 2518 3142 2573; x_wconf 89' lang='lat' dir='ltr'><strong>quam</strong></span> <span class='ocrx_word' id='word_1_610' title='bbox 3159 2504 3226 2561; x_wconf 92' lang='lat' dir='ltr'><strong>de</strong></span> <span class='ocrx_word' id='word_1_611' title='bbox 3241 2508 3388 2564; x_wconf 88' lang='lat' dir='ltr'><strong>vobis</strong></span> <span class='ocrx_word' id='word_1_612' title='bbox 3406 2509 3536 2581; x_wconf 88' lang='lat' dir='ltr'><strong>ipsis</strong></span> <span class='ocrx_word' id='word_1_613' title='bbox 3552 2489 3797 2583; x_wconf 80' lang='lat' dir='ltr'><strong>rescripsit</strong></span> <span class='ocrx_word' id='word_1_614' title='bbox 3810 2515 3864 2570; x_wconf 88' lang='lat' dir='ltr'><strong>ad</strong></span> 
     </span>
    </p>
   </div>
   <div class='ocr_carea' id='block_1_80' title="bbox 2314 2581 3865 2670">
    <p class='ocr_par' dir='ltr' id='par_1_80' title="bbox 2314 2581 3865 2670">
     <span class='ocr_line' id='line_1_80' title="bbox 2314 2581 3865 2670; baseline 0.015 -33"><span class='ocrx_word' id='word_1_615' title='bbox 2314 2581 2603 2641; x_wconf 86' lang='lat' dir='ltr'><strong>Numidas:</strong></span> <span class='ocrx_word' id='word_1_616' title='bbox 2633 2605 2651 2640; x_wconf 78' lang='grc' dir='ltr'><strong>ι</strong></span> <span class='ocrx_word' id='word_1_617' title='bbox 2676 2589 2833 2660; x_wconf 86' lang='lat' dir='ltr'><strong>Ergo,</strong></span> <span class='ocrx_word' id='word_1_618' title='bbox 2865 2610 2884 2645; x_wconf 78' lang='grc' dir='ltr'><strong>ι</strong></span> <span class='ocrx_word' id='word_1_619' title='bbox 2912 2592 3098 2665; x_wconf 87' lang='lat' dir='ltr'><strong>inquit,</strong></span> <span class='ocrx_word' id='word_1_620' title='bbox 3127 2613 3147 2649; x_wconf 76' lang='grc' dir='ltr'><strong>ι</strong></span> <span class='ocrx_word' id='word_1_621' title='bbox 3177 2596 3267 2652; x_wconf 83' lang='lat' dir='ltr'><strong>Dei</strong></span> <span class='ocrx_word' id='word_1_622' title='bbox 3288 2601 3513 2670; x_wconf 87' lang='lat' dir='ltr'><strong>gratiam</strong></span> <span class='ocrx_word' id='word_1_623' title='bbox 3534 2581 3865 2661; x_wconf 51' lang='lat' dir='ltr'><strong>conanturau.</strong></span> 
     </span>
    </p>
   </div>
   <div class='ocr_carea' id='block_1_81' title="bbox 2313 2671 3866 2765">
    <p class='ocr_par' dir='ltr' id='par_1_81' title="bbox 2313 2671 3866 2765">
     <span class='ocr_line' id='line_1_81' title="bbox 2313 2671 3866 2765; baseline 0.014 -37"><span class='ocrx_word' id='word_1_624' title='bbox 2313 2671 2474 2743; x_wconf 88' lang='lat' dir='ltr'><strong>ferre,</strong></span> <span class='ocrx_word' id='word_1_625' title='bbox 2489 2692 2645 2747; x_wconf 89' lang='lat' dir='ltr'><strong>quam</strong></span> <span class='ocrx_word' id='word_1_626' title='bbox 2665 2694 2883 2736; x_wconf 88' lang='lat' dir='ltr'><strong>necesse</strong></span> <span class='ocrx_word' id='word_1_627' title='bbox 2900 2692 3001 2750; x_wconf 82' lang='lat' dir='ltr'><strong>est,</strong></span> <span class='ocrx_word' id='word_1_628' title='bbox 3017 2686 3175 2741; x_wconf 90' lang='lat' dir='ltr'><strong>etiam</strong></span> <span class='ocrx_word' id='word_1_629' title='bbox 3195 2690 3433 2744; x_wconf 90' lang='lat' dir='ltr'><strong>restituta</strong></span> <span class='ocrx_word' id='word_1_630' title='bbox 3453 2692 3604 2748; x_wconf 91' lang='lat' dir='ltr'><strong>nobis</strong></span> <span class='ocrx_word' id='word_1_631' title='bbox 3618 2703 3772 2751; x_wconf 81' lang='lat' dir='ltr'><strong>status</strong></span> <span class='ocrx_word' id='word_1_632' title='bbox 3786 2698 3866 2765; x_wconf 87' lang='lat' dir='ltr'><strong>pri-</strong></span> 
     </span>
    </p>
   </div>
   <div class='ocr_carea' id='block_1_82' title="bbox 2312 2765 3863 2858">
    <p class='ocr_par' dir='ltr' id='par_1_82' title="bbox 2312 2765 3863 2858">
     <span class='ocr_line' id='line_1_82' title="bbox 2312 2765 3863 2858; baseline 0.015 -40"><span class='ocrx_word' id='word_1_633' title='bbox 2312 2765 2435 2858; x_wconf 79' lang='lat' dir='ltr'><strong>stini</strong></span> <span class='ocrx_word' id='word_1_634' title='bbox 2458 2766 2723 2836; x_wconf 86' lang='lat' dir='ltr'><strong>libertate,</strong></span> <span class='ocrx_word' id='word_1_635' title='bbox 2737 2787 3036 2841; x_wconf 72' lang='lat' dir='ltr'><strong>qua&#39;ramus</strong></span> <span class='ocrx_word' id='word_1_636' title='bbox 3057 2776 3277 2849; x_wconf 74' lang='grc' dir='ltr'><strong>»(Ερίδι.</strong></span> <span class='ocrx_word' id='word_1_637' title='bbox 3294 2780 3397 2836; x_wconf 73' lang='grc'><strong>182</strong></span> <span class='ocrx_word' id='word_1_638' title='bbox 3413 2784 3545 2837; x_wconf 79' lang='lat' dir='ltr'><strong>inter</strong></span> <span class='ocrx_word' id='word_1_639' title='bbox 3561 2784 3711 2858; x_wconf 79' lang='lat' dir='ltr'><strong>Aug.,</strong></span> <span class='ocrx_word' id='word_1_640' title='bbox 3731 2803 3776 2840; x_wconf 84' lang='grc' dir='ltr'>ιι.</span> <span class='ocrx_word' id='word_1_641' title='bbox 3795 2782 3863 2857; x_wconf 78' lang='grc' dir='ltr'><strong>ι).</strong></span> 
     </span>
    </p>
   </div>
   <div class='ocr_carea' id='block_1_83' title="bbox 2314 2856 3863 2944">
    <p class='ocr_par' dir='ltr' id='par_1_83' title="bbox 2314 2856 3863 2944">
     <span class='ocr_line' id='line_1_83' title="bbox 2314 2856 3863 2944; baseline 0.014 -34"><span class='ocrx_word' id='word_1_642' title='bbox 2314 2856 2480 2913; x_wconf 85' lang='lat' dir='ltr'><strong>Audis</strong></span> <span class='ocrx_word' id='word_1_643' title='bbox 2509 2860 2714 2915; x_wconf 87' lang='lat' dir='ltr'><strong>restitui</strong></span> <span class='ocrx_word' id='word_1_644' title='bbox 2748 2862 3045 2920; x_wconf 85' lang='lat' dir='ltr'><strong>libertatem</strong></span> <span class='ocrx_word' id='word_1_645' title='bbox 3071 2909 3086 2936; x_wconf 94' lang='lat'><strong>,</strong></span> <span class='ocrx_word' id='word_1_646' title='bbox 3113 2876 3167 2923; x_wconf 93' lang='lat' dir='ltr'><strong>et</strong></span> <span class='ocrx_word' id='word_1_647' title='bbox 3194 2886 3299 2925; x_wconf 93' lang='lat' dir='ltr'><strong>non</strong></span> <span class='ocrx_word' id='word_1_648' title='bbox 3329 2874 3557 2943; x_wconf 89' lang='lat' dir='ltr'><strong>periisse</strong></span> <span class='ocrx_word' id='word_1_649' title='bbox 3580 2856 3863 2944; x_wconf 82' lang='lat' dir='ltr'><strong>contendis;</strong></span> 
     </span>
    </p>
   </div>
   <div class='ocr_carea' id='block_1_84' title="bbox 2309 2948 3863 3039">
    <p class='ocr_par' dir='ltr' id='par_1_84' title="bbox 2309 2948 3863 3039">
     <span class='ocr_line' id='line_1_84' title="bbox 2309 2948 3863 3039; baseline 0.014 -38"><span class='ocrx_word' id='word_1_650' title='bbox 2309 2955 2469 3039; x_wconf 74' lang='lat' dir='ltr'><strong>atque</strong></span> <span class='ocrx_word' id='word_1_651' title='bbox 2495 2948 2723 3007; x_wconf 89' lang='lat' dir='ltr'><strong>humana</strong></span> <span class='ocrx_word' id='word_1_652' title='bbox 2744 2954 3018 3011; x_wconf 85' lang='lat' dir='ltr'><strong>voluntate</strong></span> <span class='ocrx_word' id='word_1_653' title='bbox 3048 2969 3332 3017; x_wconf 90' lang='lat' dir='ltr'><strong>contentus</strong></span> <span class='ocrx_word' id='word_1_654' title='bbox 3362 2963 3596 3022; x_wconf 85' lang='lat' dir='ltr'><strong>divinam</strong></span> <span class='ocrx_word' id='word_1_655' title='bbox 3628 2982 3724 3023; x_wconf 89' lang='lat' dir='ltr'><strong>non</strong></span> <span class='ocrx_word' id='word_1_656' title='bbox 3751 2969 3863 3039; x_wconf 79' lang='lat' dir='ltr'><strong>petis</strong></span> 
     </span>
    </p>
   </div>
   <div class='ocr_carea' id='block_1_85' title="bbox 2308 3032 3864 3123">
    <p class='ocr_par' dir='ltr' id='par_1_85' title="bbox 2308 3032 3864 3123">
     <span class='ocr_line' id='line_1_85' title="bbox 2308 3032 3864 3123; baseline 0.015 -39"><span class='ocrx_word' id='word_1_657' title='bbox 2308 3032 2553 3103; x_wconf 86' lang='lat' dir='ltr'><strong>gratiam,</strong></span> <span class='ocrx_word' id='word_1_658' title='bbox 2582 3052 2738 3105; x_wconf 87' lang='lat' dir='ltr'><strong>quam</strong></span> <span class='ocrx_word' id='word_1_659' title='bbox 2768 3038 2987 3096; x_wconf 91' lang='lat' dir='ltr'><strong>libertas</strong></span> <span class='ocrx_word' id='word_1_660' title='bbox 3012 3051 3194 3098; x_wconf 91' lang='lat' dir='ltr'><strong>nostra</strong></span> <span class='ocrx_word' id='word_1_661' title='bbox 3220 3047 3380 3102; x_wconf 91' lang='lat' dir='ltr'><strong>etiam</strong></span> <span class='ocrx_word' id='word_1_662' title='bbox 3407 3048 3461 3103; x_wconf 92' lang='lat' dir='ltr'><strong>in</strong></span> <span class='ocrx_word' id='word_1_663' title='bbox 3488 3058 3678 3106; x_wconf 86' lang='lat' dir='ltr'><strong>statum</strong></span> <span class='ocrx_word' id='word_1_664' title='bbox 3710 3032 3864 3123; x_wconf 75' lang='lat' dir='ltr'><strong>pristi-</strong></span> 
     </span>
    </p>
   </div>
   <div class='ocr_carea' id='block_1_86' title="bbox 2308 3127 3863 3213">
    <p class='ocr_par' dir='ltr' id='par_1_86' title="bbox 2308 3127 3863 3213">
     <span class='ocr_line' id='line_1_86' title="bbox 2308 3127 3863 3213; baseline 0.012 -35"><span class='ocrx_word' id='word_1_665' title='bbox 2308 3139 2437 3181; x_wconf 91' lang='lat' dir='ltr'><strong>num</strong></span> <span class='ocrx_word' id='word_1_666' title='bbox 2468 3127 2710 3184; x_wconf 89' lang='lat' dir='ltr'><strong>restituta</strong></span> <span class='ocrx_word' id='word_1_667' title='bbox 2737 3130 2839 3187; x_wconf 91' lang='lat' dir='ltr'><strong>sibi</strong></span> <span class='ocrx_word' id='word_1_668' title='bbox 2866 3147 2988 3190; x_wconf 92' lang='lat' dir='ltr'><strong>esse</strong></span> <span class='ocrx_word' id='word_1_669' title='bbox 3018 3133 3260 3207; x_wconf 85' lang='lat' dir='ltr'><strong>intelligit</strong></span> <span class='ocrx_word' id='word_1_670' title='bbox 3288 3136 3668 3197; x_wconf 76' lang='lat' dir='ltr'><strong>necessariam.</strong></span> <span class='ocrx_word' id='word_1_671' title='bbox 3696 3143 3863 3213; x_wconf 71' lang='lat' dir='ltr'><strong>Qttzero</strong></span> 
     </span>
    </p>
   </div>
   <div class='ocr_carea' id='block_1_87' title="bbox 2305 3223 3864 3298">
    <p class='ocr_par' dir='ltr' id='par_1_87' title="bbox 2305 3223 3864 3298">
     <span class='ocr_line' id='line_1_87' title="bbox 2305 3223 3864 3298; baseline 0.013 -26"><span class='ocrx_word' id='word_1_672' title='bbox 2305 3226 2486 3274; x_wconf 89' lang='lat' dir='ltr'><strong>autem</strong></span> <span class='ocrx_word' id='word_1_673' title='bbox 2510 3234 2540 3274; x_wconf 90' lang='lat' dir='ltr'><strong>a</strong></span> <span class='ocrx_word' id='word_1_674' title='bbox 2570 3230 2640 3288; x_wconf 92' lang='lat' dir='ltr'><strong>te,</strong></span> <span class='ocrx_word' id='word_1_675' title='bbox 2671 3229 2849 3278; x_wconf 90' lang='lat' dir='ltr'><strong>utrum</strong></span> <span class='ocrx_word' id='word_1_676' title='bbox 2872 3223 2982 3296; x_wconf 88' lang='lat' dir='ltr'><strong>jam</strong></span> <span class='ocrx_word' id='word_1_677' title='bbox 3012 3225 3066 3281; x_wconf 93' lang='lat' dir='ltr'><strong>in</strong></span> <span class='ocrx_word' id='word_1_678' title='bbox 3094 3227 3373 3298; x_wconf 91' lang='lat' dir='ltr'><strong>pristinum</strong></span> <span class='ocrx_word' id='word_1_679' title='bbox 3405 3241 3605 3289; x_wconf 88' lang='lat' dir='ltr'><strong>statum</strong></span> <span class='ocrx_word' id='word_1_680' title='bbox 3636 3235 3702 3290; x_wconf 87' lang='lat' dir='ltr'><strong>ita</strong></span> <span class='ocrx_word' id='word_1_681' title='bbox 3730 3235 3864 3292; x_wconf 86' lang='lat' dir='ltr'><strong>fuerit</strong></span> 
     </span>
    </p>
   </div>
   <div class='ocr_carea' id='block_1_88' title="bbox 2308 3311 3863 3400">
    <p class='ocr_par' dir='ltr' id='par_1_88' title="bbox 2308 3311 3863 3400">
     <span class='ocr_line' id='line_1_88' title="bbox 2308 3311 3863 3400; baseline 0.012 -36"><span class='ocrx_word' id='word_1_682' title='bbox 2308 3311 2551 3365; x_wconf 86' lang='lat' dir='ltr'><strong>restituta</strong></span> <span class='ocrx_word' id='word_1_683' title='bbox 2582 3313 2800 3370; x_wconf 88' lang='lat' dir='ltr'><strong>libertas</strong></span> <span class='ocrx_word' id='word_1_684' title='bbox 2822 3316 2940 3387; x_wconf 86' lang='lat' dir='ltr'><strong>ejus</strong></span> <span class='ocrx_word' id='word_1_685' title='bbox 2962 3319 3050 3389; x_wconf 85' lang='lat' dir='ltr'><strong>qui</strong></span> <span class='ocrx_word' id='word_1_686' title='bbox 3081 3320 3242 3390; x_wconf 90' lang='lat' dir='ltr'><strong>dicit,</strong></span> <span class='ocrx_word' id='word_1_687' title='bbox 3277 3321 3397 3379; x_wconf 84' lang='lat' dir='ltr'><strong>Non</strong></span> <span class='ocrx_word' id='word_1_688' title='bbox 3419 3327 3557 3397; x_wconf 81' lang='lat' dir='ltr'><strong>quod</strong></span> <span class='ocrx_word' id='word_1_689' title='bbox 3584 3326 3722 3394; x_wconf 77' lang='lat' dir='ltr'><strong>volo,</strong></span> <span class='ocrx_word' id='word_1_690' title='bbox 3747 3342 3863 3400; x_wconf 82' lang='lat' dir='ltr'><strong>ago;</strong></span> 
     </span>
    </p>
   </div>
   <div class='ocr_carea' id='block_1_89' title="bbox 2303 3403 3866 3494">
    <p class='ocr_par' dir='ltr' id='par_1_89' title="bbox 2303 3403 3866 3494">
     <span class='ocr_line' id='line_1_89' title="bbox 2303 3403 3866 3494; baseline 0.015 -39"><span class='ocrx_word' id='word_1_691' title='bbox 2303 3403 2393 3494; x_wconf 77' lang='lat' dir='ltr'><strong>sed</strong></span> <span class='ocrx_word' id='word_1_692' title='bbox 2420 3406 2557 3473; x_wconf 82' lang='lat' dir='ltr'><strong>quod</strong></span> <span class='ocrx_word' id='word_1_693' title='bbox 2585 3407 2703 3475; x_wconf 85' lang='lat' dir='ltr'><strong>odi,</strong></span> <span class='ocrx_word' id='word_1_694' title='bbox 2732 3408 2861 3464; x_wconf 80' lang='lat' dir='ltr'><strong>illud</strong></span> <span class='ocrx_word' id='word_1_695' title='bbox 2887 3411 3021 3481; x_wconf 80' lang='lat' dir='ltr'><strong>facio</strong></span> <span class='ocrx_word' id='word_1_696' title='bbox 3038 3429 3059 3479; x_wconf 83' lang='lat'><strong>,&#39;</strong></span> <span class='ocrx_word' id='word_1_697' title='bbox 3088 3423 3162 3482; x_wconf 89' lang='lat' dir='ltr'><strong>et,</strong></span> <span class='ocrx_word' id='word_1_698' title='bbox 3201 3414 3338 3471; x_wconf 80' lang='lat' dir='ltr'><strong>Velle</strong></span> <span class='ocrx_word' id='word_1_699' title='bbox 3364 3420 3567 3491; x_wconf 83' lang='lat' dir='ltr'><strong>mljacet</strong></span> <span class='ocrx_word' id='word_1_700' title='bbox 3594 3423 3712 3477; x_wconf 81' lang='lat' dir='ltr'><strong>mihi</strong></span> <span class='ocrx_word' id='word_1_701' title='bbox 3726 3440 3747 3489; x_wconf 86' lang='lat'><strong><em>;</em></strong></span> <span class='ocrx_word' id='word_1_702' title='bbox 3769 3438 3866 3494; x_wconf 76' lang='lat' dir='ltr'><strong>pcr-</strong></span> 
     </span>
    </p>
   </div>
   <div class='ocr_carea' id='block_1_90' title="bbox 2302 3493 3859 3585">
    <p class='ocr_par' dir='ltr' id='par_1_90' title="bbox 2302 3493 3859 3585">
     <span class='ocr_line' id='line_1_90' title="bbox 2302 3493 3859 3585; baseline 0.014 -40"><span class='ocrx_word' id='word_1_703' title='bbox 2302 3493 2453 3563; x_wconf 80' lang='lat' dir='ltr'><strong>ﬁcere</strong></span> <span class='ocrx_word' id='word_1_704' title='bbox 2480 3507 2646 3551; x_wconf 82' lang='lat' dir='ltr'><strong>autem</strong></span> <span class='ocrx_word' id='word_1_705' title='bbox 2677 3499 2859 3555; x_wconf 85' lang='lat' dir='ltr'><strong>bonum</strong></span> <span class='ocrx_word' id='word_1_706' title='bbox 2879 3543 2894 3567; x_wconf 95' lang='lat'><strong>,</strong></span> <span class='ocrx_word' id='word_1_707' title='bbox 2924 3519 3022 3558; x_wconf 86' lang='lat' dir='ltr'><strong>non</strong></span> <span class='ocrx_word' id='word_1_708' title='bbox 3057 3505 3252 3561; x_wconf 74' lang='lat' dir='ltr'><strong>invenio</strong></span> <span class='ocrx_word' id='word_1_709' title='bbox 3283 3507 3459 3583; x_wconf 86' lang='lat' dir='ltr'><strong>(Rom.</strong></span> <span class='ocrx_word' id='word_1_710' title='bbox 3499 3529 3591 3582; x_wconf 87' lang='lat' dir='ltr'><strong>vn,</strong></span> <span class='ocrx_word' id='word_1_711' title='bbox 3622 3515 3702 3580; x_wconf 77' lang='grc'><strong>15,</strong></span> <span class='ocrx_word' id='word_1_712' title='bbox 3732 3514 3821 3585; x_wconf 79' lang='grc'><strong>18)</strong></span> <span class='ocrx_word' id='word_1_713' title='bbox 3847 3529 3859 3567; x_wconf 91' lang='lat'>:</span> 
     </span>
    </p>
   </div>
   <div class='ocr_carea' id='block_1_91' title="bbox 2301 3588 3860 3679">
    <p class='ocr_par' dir='ltr' id='par_1_91' title="bbox 2301 3588 3860 3679">
     <span class='ocr_line' id='line_1_91' title="bbox 2301 3588 3860 3679; baseline 0.01 -38"><span class='ocrx_word' id='word_1_714' title='bbox 2301 3597 2354 3642; x_wconf 88' lang='lat' dir='ltr'><strong>et</strong></span> <span class='ocrx_word' id='word_1_715' title='bbox 2384 3588 2576 3659; x_wconf 90' lang='lat' dir='ltr'><strong>quibus</strong></span> <span class='ocrx_word' id='word_1_716' title='bbox 2597 3590 2789 3648; x_wconf 67' lang='lat' dir='ltr'><strong>dicitur</strong></span> <span class='ocrx_word' id='word_1_717' title='bbox 2807 3636 2822 3662; x_wconf 88' lang='lat'><strong>,</strong></span> <span class='ocrx_word' id='word_1_718' title='bbox 2853 3591 2984 3650; x_wconf 83' lang='lat' dir='ltr'><strong>Caro</strong></span> <span class='ocrx_word' id='word_1_719' title='bbox 3012 3599 3319 3679; x_wconf 73' lang='lat' dir='ltr'><strong>concupiscit</strong></span> <span class='ocrx_word' id='word_1_720' title='bbox 3347 3602 3593 3660; x_wconf 83' lang='lat' dir='ltr'><strong>adversus</strong></span> <span class='ocrx_word' id='word_1_721' title='bbox 3620 3606 3860 3677; x_wconf 83' lang='lat' dir='ltr'><strong>spiritum,</strong></span> 
     </span>
    </p>
   </div>
   <div class='ocr_carea' id='block_1_92' title="bbox 2300 3682 3864 3769">
    <p class='ocr_par' dir='ltr' id='par_1_92' title="bbox 2300 3682 3864 3769">
     <span class='ocr_line' id='line_1_92' title="bbox 2300 3682 3864 3769; baseline 0.012 -37"><span class='ocrx_word' id='word_1_722' title='bbox 2300 3689 2348 3733; x_wconf 89' lang='lat' dir='ltr'><strong>ct</strong></span> <span class='ocrx_word' id='word_1_723' title='bbox 2368 3682 2576 3752; x_wconf 77' lang='lat' dir='ltr'><strong>spiritus</strong></span> <span class='ocrx_word' id='word_1_724' title='bbox 2600 3684 2839 3741; x_wconf 82' lang='lat' dir='ltr'><strong>adversus</strong></span> <span class='ocrx_word' id='word_1_725' title='bbox 2863 3705 3064 3745; x_wconf 81' lang='lat' dir='ltr'><strong>carnem</strong></span> <span class='ocrx_word' id='word_1_726' title='bbox 3086 3706 3108 3757; x_wconf 91' lang='lat'><strong><em>;</em></strong></span> <span class='ocrx_word' id='word_1_727' title='bbox 3133 3702 3186 3745; x_wconf 87' lang='lat' dir='ltr'><strong>ut</strong></span> <span class='ocrx_word' id='word_1_728' title='bbox 3214 3710 3313 3748; x_wconf 84' lang='lat' dir='ltr'><strong>non</strong></span> <span class='ocrx_word' id='word_1_729' title='bbox 3333 3712 3391 3749; x_wconf 83' lang='lat' dir='ltr'><strong>ea</strong></span> <span class='ocrx_word' id='word_1_730' title='bbox 3416 3714 3534 3768; x_wconf 79' lang='lat' dir='ltr'><strong>qua:</strong></span> <span class='ocrx_word' id='word_1_731' title='bbox 3562 3697 3705 3753; x_wconf 79' lang='lat' dir='ltr'><strong>vultis</strong></span> <span class='ocrx_word' id='word_1_732' title='bbox 3726 3698 3864 3769; x_wconf 82' lang='lat' dir='ltr'><strong>[ocio-</strong></span> 
     </span>
    </p>
   </div>
   <div class='ocr_carea' id='block_1_93' title="bbox 2300 3772 3861 3860">
    <p class='ocr_par' dir='ltr' id='par_1_93' title="bbox 2300 3772 3861 3860">
     <span class='ocr_line' id='line_1_93' title="bbox 2300 3772 3861 3860; baseline 0.012 -35"><span class='ocrx_word' id='word_1_733' title='bbox 2300 3773 2362 3827; x_wconf 84' lang='lat' dir='ltr'><strong>tis</strong></span> <span class='ocrx_word' id='word_1_734' title='bbox 2385 3772 2595 3845; x_wconf 76' lang='lat' dir='ltr'><strong>(Colat.</strong></span> <span class='ocrx_word' id='word_1_735' title='bbox 2618 3792 2673 3843; x_wconf 90' lang='lat' dir='ltr'><strong>v,</strong></span> <span class='ocrx_word' id='word_1_736' title='bbox 2704 3778 2769 3832; x_wconf 81' lang='lat' dir='ltr'><strong>l7</strong></span> <span class='ocrx_word' id='word_1_737' title='bbox 2789 3777 2834 3850; x_wconf 94' lang='lat'><strong>).</strong></span> <span class='ocrx_word' id='word_1_738' title='bbox 2858 3778 2994 3836; x_wconf 90' lang='lat' dir='ltr'><strong>Puto</strong></span> <span class='ocrx_word' id='word_1_739' title='bbox 3022 3782 3163 3853; x_wconf 90' lang='lat' dir='ltr'><strong>quod</strong></span> <span class='ocrx_word' id='word_1_740' title='bbox 3191 3800 3294 3839; x_wconf 87' lang='lat' dir='ltr'><strong>non</strong></span> <span class='ocrx_word' id='word_1_741' title='bbox 3324 3801 3494 3858; x_wconf 91' lang='lat' dir='ltr'><strong>usque</strong></span> <span class='ocrx_word' id='word_1_742' title='bbox 3516 3789 3651 3845; x_wconf 88' lang='lat' dir='ltr'><strong>adeo</strong></span> <span class='ocrx_word' id='word_1_743' title='bbox 3669 3788 3861 3860; x_wconf 86' lang='lat' dir='ltr'><strong>desipis,</strong></span> 
     </span>
    </p>
   </div>
   <div class='ocr_carea' id='block_1_94' title="bbox 2300 3865 3862 3945">
    <p class='ocr_par' dir='ltr' id='par_1_94' title="bbox 2300 3865 3862 3945">
     <span class='ocr_line' id='line_1_94' title="bbox 2300 3865 3862 3945; baseline 0.01 -26"><span class='ocrx_word' id='word_1_744' title='bbox 2300 3874 2357 3920; x_wconf 90' lang='lat' dir='ltr'><strong>ttt</strong></span> <span class='ocrx_word' id='word_1_745' title='bbox 2382 3865 2435 3921; x_wconf 93' lang='lat' dir='ltr'><strong>in</strong></span> <span class='ocrx_word' id='word_1_746' title='bbox 2465 3865 2547 3923; x_wconf 91' lang='lat' dir='ltr'><strong>his</strong></span> <span class='ocrx_word' id='word_1_747' title='bbox 2576 3866 2723 3924; x_wconf 86' lang='lat' dir='ltr'><strong>dicas</strong></span> <span class='ocrx_word' id='word_1_748' title='bbox 2751 3884 2873 3927; x_wconf 91' lang='lat' dir='ltr'><strong>esse</strong></span> <span class='ocrx_word' id='word_1_749' title='bbox 2902 3879 3072 3929; x_wconf 90' lang='lat' dir='ltr'><strong>status</strong></span> <span class='ocrx_word' id='word_1_750' title='bbox 3110 3875 3320 3945; x_wconf 90' lang='lat' dir='ltr'><strong>pristini</strong></span> <span class='ocrx_word' id='word_1_751' title='bbox 3348 3877 3651 3937; x_wconf 89' lang='lat' dir='ltr'><strong>libertatem</strong></span> <span class='ocrx_word' id='word_1_752' title='bbox 3680 3897 3694 3935; x_wconf 90' lang='lat'><strong>:</strong></span> <span class='ocrx_word' id='word_1_753' title='bbox 3720 3888 3772 3937; x_wconf 93' lang='lat' dir='ltr'><strong>et</strong></span> <span class='ocrx_word' id='word_1_754' title='bbox 3796 3887 3862 3935; x_wconf 83' lang='lat' dir='ltr'><strong>ta-</strong></span> 
     </span>
    </p>
   </div>
   <div class='ocr_carea' id='block_1_95' title="bbox 2297 3959 3865 4044">
    <p class='ocr_par' dir='ltr' id='par_1_95' title="bbox 2297 3959 3865 4044">
     <span class='ocr_line' id='line_1_95' title="bbox 2297 3959 3865 4044; baseline 0.008 -31"><span class='ocrx_word' id='word_1_755' title='bbox 2297 3973 2423 4014; x_wconf 90' lang='lat' dir='ltr'><strong>men</strong></span> <span class='ocrx_word' id='word_1_756' title='bbox 2450 3959 2494 4015; x_wconf 91' lang='lat' dir='ltr'><strong>si</strong></span> <span class='ocrx_word' id='word_1_757' title='bbox 2521 3960 2664 4016; x_wconf 91' lang='lat' dir='ltr'><strong>nulla</strong></span> <span class='ocrx_word' id='word_1_758' title='bbox 2692 3961 2772 4018; x_wconf 91' lang='lat' dir='ltr'><strong>eis</strong></span> <span class='ocrx_word' id='word_1_759' title='bbox 2798 3972 2976 4034; x_wconf 90' lang='lat' dir='ltr'><strong>esset,</strong></span> <span class='ocrx_word' id='word_1_760' title='bbox 3009 3965 3058 4020; x_wconf 90' lang='lat' dir='ltr'><strong>id</strong></span> <span class='ocrx_word' id='word_1_761' title='bbox 3085 3967 3225 4038; x_wconf 89' lang='lat' dir='ltr'><strong>quod</strong></span> <span class='ocrx_word' id='word_1_762' title='bbox 3256 3979 3499 4027; x_wconf 89' lang='lat' dir='ltr'><strong>sanctum</strong></span> <span class='ocrx_word' id='word_1_763' title='bbox 3533 3981 3588 4029; x_wconf 91' lang='lat' dir='ltr'><strong>et</strong></span> <span class='ocrx_word' id='word_1_764' title='bbox 3608 3974 3797 4044; x_wconf 87' lang='lat' dir='ltr'><strong>justum</strong></span> <span class='ocrx_word' id='word_1_765' title='bbox 3819 3977 3865 4027; x_wconf 88' lang='lat' dir='ltr'><strong>et</strong></span> 
     </span>
    </p>
   </div>
   <div class='ocr_carea' id='block_1_96' title="bbox 2296 4049 3864 4136">
    <p class='ocr_par' dir='ltr' id='par_1_96' title="bbox 2296 4049 3864 4136">
     <span class='ocr_line' id='line_1_96' title="bbox 2296 4049 3864 4136; baseline 0.009 -30"><span class='ocrx_word' id='word_1_766' title='bbox 2296 4049 2494 4107; x_wconf 89' lang='lat' dir='ltr'><strong>bonum</strong></span> <span class='ocrx_word' id='word_1_767' title='bbox 2522 4062 2626 4120; x_wconf 92' lang='lat' dir='ltr'><strong>est,</strong></span> <span class='ocrx_word' id='word_1_768' title='bbox 2651 4069 2752 4110; x_wconf 92' lang='lat' dir='ltr'><strong>nec</strong></span> <span class='ocrx_word' id='word_1_769' title='bbox 2770 4054 2908 4111; x_wconf 88' lang='lat' dir='ltr'><strong>velle</strong></span> <span class='ocrx_word' id='word_1_770' title='bbox 2935 4057 3251 4128; x_wconf 90' lang='lat' dir='ltr'><strong>potuissent.</strong></span> <span class='ocrx_word' id='word_1_771' title='bbox 3282 4059 3420 4117; x_wconf 86' lang='lat' dir='ltr'><strong>Sunt</strong></span> <span class='ocrx_word' id='word_1_772' title='bbox 3444 4064 3590 4119; x_wconf 87' lang='lat' dir='ltr'><strong>enim</strong></span> <span class='ocrx_word' id='word_1_773' title='bbox 3612 4078 3741 4136; x_wconf 86' lang='lat' dir='ltr'><strong>quos</strong></span> <span class='ocrx_word' id='word_1_774' title='bbox 3760 4076 3864 4134; x_wconf 84' lang='lat' dir='ltr'><strong>pec-</strong></span> 
     </span>
    </p>
   </div>
   <div class='ocr_carea' id='block_1_97' title="bbox 2296 4148 3862 4231">
    <p class='ocr_par' dir='ltr' id='par_1_97' title="bbox 2296 4148 3862 4231">
     <span class='ocr_line' id='line_1_97' title="bbox 2296 4148 3862 4231; baseline 0.007 -29"><span class='ocrx_word' id='word_1_775' title='bbox 2296 4162 2421 4205; x_wconf 89' lang='lat' dir='ltr'><strong>care</strong></span> <span class='ocrx_word' id='word_1_776' title='bbox 2472 4150 2542 4204; x_wconf 88' lang='lat' dir='ltr'><strong>ita</strong></span> <span class='ocrx_word' id='word_1_777' title='bbox 2587 4148 2852 4220; x_wconf 87' lang='lat' dir='ltr'><strong>delectat,</strong></span> <span class='ocrx_word' id='word_1_778' title='bbox 2901 4161 2959 4209; x_wconf 92' lang='lat' dir='ltr'><strong>ut</strong></span> <span class='ocrx_word' id='word_1_779' title='bbox 3006 4154 3175 4210; x_wconf 90' lang='lat' dir='ltr'><strong>nolint</strong></span> <span class='ocrx_word' id='word_1_780' title='bbox 3218 4155 3537 4229; x_wconf 90' lang='lat' dir='ltr'><strong>oderintque</strong></span> <span class='ocrx_word' id='word_1_781' title='bbox 3580 4157 3862 4231; x_wconf 78' lang='lat' dir='ltr'><strong>justitiam:</strong></span> 
     </span>
    </p>
   </div>
   <div class='ocr_carea' id='block_1_98' title="bbox 2294 4240 3864 4319">
    <p class='ocr_par' dir='ltr' id='par_1_98' title="bbox 2294 4240 3864 4319">
     <span class='ocr_line' id='line_1_98' title="bbox 2294 4240 3864 4319; baseline 0.006 -28"><span class='ocrx_word' id='word_1_782' title='bbox 2294 4252 2454 4309; x_wconf 88' lang='lat' dir='ltr'><strong>quam</strong></span> <span class='ocrx_word' id='word_1_783' title='bbox 2500 4255 2601 4295; x_wconf 87' lang='lat' dir='ltr'><strong>nec</strong></span> <span class='ocrx_word' id='word_1_784' title='bbox 2641 4240 2782 4297; x_wconf 87' lang='lat' dir='ltr'><strong>velle</strong></span> <span class='ocrx_word' id='word_1_785' title='bbox 2826 4243 3019 4314; x_wconf 86' lang='lat' dir='ltr'><strong>aliquis</strong></span> <span class='ocrx_word' id='word_1_786' title='bbox 3060 4253 3272 4315; x_wconf 89' lang='lat' dir='ltr'><strong>potest,</strong></span> <span class='ocrx_word' id='word_1_787' title='bbox 3302 4247 3401 4303; x_wconf 88' lang='lat' dir='ltr'><strong>nisi</strong></span> <span class='ocrx_word' id='word_1_788' title='bbox 3446 4261 3665 4319; x_wconf 88' lang='lat' dir='ltr'><strong>paretur</strong></span> <span class='ocrx_word' id='word_1_789' title='bbox 3702 4248 3864 4302; x_wconf 84' lang='lat' dir='ltr'><strong>volun-</strong></span> 
     </span>
    </p>
   </div>
   <div class='ocr_carea' id='block_1_99' title="bbox 2297 4332 3863 4413">
    <p class='ocr_par' dir='ltr' id='par_1_99' title="bbox 2297 4332 3863 4413">
     <span class='ocr_line' id='line_1_99' title="bbox 2297 4332 3863 4413; baseline 0.008 -27"><span class='ocrx_word' id='word_1_790' title='bbox 2297 4340 2378 4386; x_wconf 91' lang='lat' dir='ltr'><strong>tas</strong></span> <span class='ocrx_word' id='word_1_791' title='bbox 2402 4347 2431 4386; x_wconf 90' lang='lat' dir='ltr'><strong>a</strong></span> <span class='ocrx_word' id='word_1_792' title='bbox 2480 4332 2740 4403; x_wconf 90' lang='lat' dir='ltr'><strong>Domino,</strong></span> <span class='ocrx_word' id='word_1_793' title='bbox 2763 4344 2821 4391; x_wconf 91' lang='lat' dir='ltr'><strong>ut</strong></span> <span class='ocrx_word' id='word_1_794' title='bbox 2849 4335 2914 4391; x_wconf 90' lang='lat' dir='ltr'><strong>ad</strong></span> <span class='ocrx_word' id='word_1_795' title='bbox 2961 4338 3339 4409; x_wconf 81' lang='lat' dir='ltr'><strong>perﬁciendam</strong></span> <span class='ocrx_word' id='word_1_796' title='bbox 3378 4340 3643 4412; x_wconf 86' lang='lat' dir='ltr'><strong>justitiam</strong></span> <span class='ocrx_word' id='word_1_797' title='bbox 3682 4355 3863 4413; x_wconf 64' lang='lat' dir='ltr'><strong>praece-</strong></span> 
     </span>
    </p>
   </div>
   <div class='ocr_carea' id='block_1_100' title="bbox 2293 4421 3862 4501">
    <p class='ocr_par' dir='ltr' id='par_1_100' title="bbox 2293 4421 3862 4501">
     <span class='ocr_line' id='line_1_100' title="bbox 2293 4421 3862 4501; baseline 0.007 -25"><span class='ocrx_word' id='word_1_798' title='bbox 2293 4421 2388 4477; x_wconf 90' lang='lat' dir='ltr'><strong>dat</strong></span> <span class='ocrx_word' id='word_1_799' title='bbox 2421 4423 2746 4480; x_wconf 85' lang='lat' dir='ltr'><strong>desiderium</strong></span> <span class='ocrx_word' id='word_1_800' title='bbox 2784 4426 3072 4483; x_wconf 87' lang='lat' dir='ltr'><strong>voluntatis</strong></span> <span class='ocrx_word' id='word_1_801' title='bbox 3095 4469 3112 4497; x_wconf 97' lang='lat'><strong>,</strong></span> <span class='ocrx_word' id='word_1_802' title='bbox 3143 4438 3197 4485; x_wconf 90' lang='lat' dir='ltr'><strong>et</strong></span> <span class='ocrx_word' id='word_1_803' title='bbox 3238 4430 3491 4500; x_wconf 88' lang='lat' dir='ltr'><strong>paulatim</strong></span> <span class='ocrx_word' id='word_1_804' title='bbox 3536 4431 3753 4488; x_wconf 79' lang='lat' dir='ltr'><strong>eﬂ&#39;cetus</strong></span> <span class='ocrx_word' id='word_1_805' title='bbox 3779 4444 3862 4501; x_wconf 84' lang='lat' dir='ltr'><strong>po-</strong></span> 
     </span>
    </p>
   </div>
   <div class='ocr_carea' id='block_1_101' title="bbox 2296 4514 3865 4592">
    <p class='ocr_par' dir='ltr' id='par_1_101' title="bbox 2296 4514 3865 4592">
     <span class='ocr_line' id='line_1_101' title="bbox 2296 4514 3865 4592; baseline 0.005 -24"><span class='ocrx_word' id='word_1_806' title='bbox 2296 4514 2500 4569; x_wconf 88' lang='lat' dir='ltr'><strong>testatis</strong></span> <span class='ocrx_word' id='word_1_807' title='bbox 2523 4514 2741 4571; x_wconf 87' lang='lat' dir='ltr'><strong>accedat</strong></span> <span class='ocrx_word' id='word_1_808' title='bbox 2764 4558 2779 4583; x_wconf 93' lang='lat'><strong>,</strong></span> <span class='ocrx_word' id='word_1_809' title='bbox 2805 4516 2925 4574; x_wconf 86' lang='lat' dir='ltr'><strong>aliis</strong></span> <span class='ocrx_word' id='word_1_810' title='bbox 2962 4519 3119 4576; x_wconf 88' lang='lat' dir='ltr'><strong>citius</strong></span> <span class='ocrx_word' id='word_1_811' title='bbox 3143 4561 3159 4587; x_wconf 93' lang='lat'><strong>,</strong></span> <span class='ocrx_word' id='word_1_812' title='bbox 3186 4521 3303 4577; x_wconf 87' lang='lat' dir='ltr'><strong>aliis</strong></span> <span class='ocrx_word' id='word_1_813' title='bbox 3330 4522 3532 4579; x_wconf 90' lang='lat' dir='ltr'><strong>tardius</strong></span> <span class='ocrx_word' id='word_1_814' title='bbox 3556 4564 3573 4587; x_wconf 90' lang='lat'><strong>,</strong></span> <span class='ocrx_word' id='word_1_815' title='bbox 3606 4522 3865 4592; x_wconf 82' lang='lat' dir='ltr'><strong>unicuique</strong></span> 
     </span>
    </p>
   </div>
   <div class='ocr_carea' id='block_1_102' title="bbox 2292 4605 3863 4686">
    <p class='ocr_par' dir='ltr' id='par_1_102' title="bbox 2292 4605 3863 4686">
     <span class='ocr_line' id='line_1_102' title="bbox 2292 4605 3863 4686; baseline 0.007 -28"><span class='ocrx_word' id='word_1_816' title='bbox 2292 4605 2430 4660; x_wconf 88' lang='lat' dir='ltr'><strong>sicut</strong></span> <span class='ocrx_word' id='word_1_817' title='bbox 2452 4606 2706 4663; x_wconf 89' lang='lat' dir='ltr'><strong>Dominus</strong></span> <span class='ocrx_word' id='word_1_818' title='bbox 2725 4606 2891 4677; x_wconf 90' lang='lat' dir='ltr'><strong>dedit,</strong></span> <span class='ocrx_word' id='word_1_819' title='bbox 2909 4611 2998 4682; x_wconf 87' lang='lat' dir='ltr'><strong>qui</strong></span> <span class='ocrx_word' id='word_1_820' title='bbox 3018 4612 3166 4667; x_wconf 87' lang='lat' dir='ltr'><strong>solus</strong></span> <span class='ocrx_word' id='word_1_821' title='bbox 3195 4621 3369 4683; x_wconf 89' lang='lat' dir='ltr'><strong>potest</strong></span> <span class='ocrx_word' id='word_1_822' title='bbox 3385 4613 3622 4671; x_wconf 84' lang='lat' dir='ltr'><strong>hominis</strong></span> <span class='ocrx_word' id='word_1_823' title='bbox 3639 4626 3863 4686; x_wconf 80' lang='lat' dir='ltr'><strong>reparare</strong></span> 
     </span>
    </p>
   </div>
   <div class='ocr_carea' id='block_1_103' title="bbox 2292 4696 3866 4772">
    <p class='ocr_par' dir='ltr' id='par_1_103' title="bbox 2292 4696 3866 4772">
     <span class='ocr_line' id='line_1_103' title="bbox 2292 4696 3866 4772; baseline 0.005 -22"><span class='ocrx_word' id='word_1_824' title='bbox 2292 4696 2518 4752; x_wconf 87' lang='lat' dir='ltr'><strong>salutem</strong></span> <span class='ocrx_word' id='word_1_825' title='bbox 2544 4707 2703 4769; x_wconf 89' lang='lat' dir='ltr'><strong>atque</strong></span> <span class='ocrx_word' id='word_1_826' title='bbox 2728 4715 2923 4771; x_wconf 89' lang='lat' dir='ltr'><strong>augere</strong></span> <span class='ocrx_word' id='word_1_827' title='bbox 2957 4700 3068 4772; x_wconf 91' lang='lat' dir='ltr'><strong>jam</strong></span> <span class='ocrx_word' id='word_1_828' title='bbox 3111 4701 3373 4772; x_wconf 87' lang='lat' dir='ltr'><strong>perditam</strong></span> <span class='ocrx_word' id='word_1_829' title='bbox 3413 4713 3467 4759; x_wconf 92' lang='lat' dir='ltr'><strong>ct</strong></span> <span class='ocrx_word' id='word_1_830' title='bbox 3493 4705 3700 4761; x_wconf 85' lang='lat' dir='ltr'><strong>donare</strong></span> <span class='ocrx_word' id='word_1_831' title='bbox 3723 4703 3866 4760; x_wconf 81' lang='lat' dir='ltr'><strong>etiam</strong></span> 
     </span>
    </p>
   </div>
   <div class='ocr_carea' id='block_1_104' title="bbox 2293 4787 3863 4867">
    <p class='ocr_par' dir='ltr' id='par_1_104' title="bbox 2293 4787 3863 4867">
     <span class='ocr_line' id='line_1_104' title="bbox 2293 4787 3863 4867; baseline 0.006 -26"><span class='ocrx_word' id='word_1_832' title='bbox 2293 4787 2396 4843; x_wconf 88' lang='lat' dir='ltr'><strong>hoc</strong></span> <span class='ocrx_word' id='word_1_833' title='bbox 2418 4830 2435 4856; x_wconf 95' lang='lat'><strong>,</strong></span> <span class='ocrx_word' id='word_1_834' title='bbox 2467 4798 2525 4845; x_wconf 91' lang='lat' dir='ltr'><strong>ut</strong></span> <span class='ocrx_word' id='word_1_835' title='bbox 2563 4789 2678 4861; x_wconf 90' lang='lat' dir='ltr'><strong>jam</strong></span> <span class='ocrx_word' id='word_1_836' title='bbox 2710 4792 2886 4862; x_wconf 89' lang='lat' dir='ltr'><strong>perire</strong></span> <span class='ocrx_word' id='word_1_837' title='bbox 2929 4807 3035 4849; x_wconf 91' lang='lat' dir='ltr'><strong>non</strong></span> <span class='ocrx_word' id='word_1_838' title='bbox 3083 4794 3268 4865; x_wconf 90' lang='lat' dir='ltr'><strong>possit.</strong></span> <span class='ocrx_word' id='word_1_839' title='bbox 3318 4794 3372 4851; x_wconf 91' lang='lat' dir='ltr'><strong>lu</strong></span> <span class='ocrx_word' id='word_1_840' title='bbox 3399 4812 3512 4867; x_wconf 87' lang='lat' dir='ltr'><strong>quo</strong></span> <span class='ocrx_word' id='word_1_841' title='bbox 3542 4798 3863 4854; x_wconf 72' lang='lat' dir='ltr'><strong>libentem</strong></span> 
     </span>
    </p>
   </div>
   <div class='ocr_carea' id='block_1_105' title="bbox 2292 4879 3864 4954">
    <p class='ocr_par' dir='ltr' id='par_1_105' title="bbox 2292 4879 3864 4954">
     <span class='ocr_line' id='line_1_105' title="bbox 2292 4879 3864 4954; baseline 0.002 -20"><span class='ocrx_word' id='word_1_842' title='bbox 2292 4894 2519 4936; x_wconf 90' lang='lat' dir='ltr'><strong>numero</strong></span> <span class='ocrx_word' id='word_1_843' title='bbox 2544 4888 2629 4935; x_wconf 89' lang='lat' dir='ltr'><strong>est</strong></span> <span class='ocrx_word' id='word_1_844' title='bbox 2655 4890 2710 4935; x_wconf 91' lang='lat' dir='ltr'><strong>et</strong></span> <span class='ocrx_word' id='word_1_845' title='bbox 2739 4892 2956 4939; x_wconf 87' lang='lat' dir='ltr'><strong>sanctus</strong></span> <span class='ocrx_word' id='word_1_846' title='bbox 2986 4882 3139 4950; x_wconf 82' lang='lat' dir='ltr'><strong>Abel,</strong></span> <span class='ocrx_word' id='word_1_847' title='bbox 3171 4900 3327 4954; x_wconf 89' lang='lat' dir='ltr'><strong>quem</strong></span> <span class='ocrx_word' id='word_1_848' title='bbox 3357 4885 3491 4941; x_wconf 89' lang='lat' dir='ltr'><strong>dicis</strong></span> <span class='ocrx_word' id='word_1_849' title='bbox 3512 4887 3655 4943; x_wconf 87' lang='lat' dir='ltr'><strong>bene</strong></span> <span class='ocrx_word' id='word_1_850' title='bbox 3672 4879 3864 4942; x_wconf 79' lang='lat' dir='ltr'><strong>vivendi</strong></span> 
     </span>
    </p>
   </div>
   <div class='ocr_carea' id='block_1_106' title="bbox 2258 4971 3865 5050">
    <p class='ocr_par' dir='ltr' id='par_1_106' title="bbox 2258 4971 3865 5050">
     <span class='ocr_line' id='line_1_106' title="bbox 2258 4971 3865 5050; baseline 0.004 -25"><span class='ocrx_word' id='word_1_851' title='bbox 2258 4998 2265 5009; x_wconf 69' lang='grc' dir='ltr'><strong>ι</strong></span> <span class='ocrx_word' id='word_1_852' title='bbox 2296 4985 2403 5026; x_wconf 87' lang='grc' dir='ltr'>ιιοιι</span> <span class='ocrx_word' id='word_1_853' title='bbox 2429 4971 2668 5031; x_wconf 89' lang='lat' dir='ltr'><strong>caruisse</strong></span> <span class='ocrx_word' id='word_1_854' title='bbox 2695 4972 2908 5028; x_wconf 90' lang='lat' dir='ltr'><strong>virtute.</strong></span> <span class='ocrx_word' id='word_1_855' title='bbox 2941 4972 3055 5029; x_wconf 85' lang='lat' dir='ltr'><strong>Non</strong></span> <span class='ocrx_word' id='word_1_856' title='bbox 3083 4976 3254 5031; x_wconf 87' lang='lat' dir='ltr'><strong>caruit</strong></span> <span class='ocrx_word' id='word_1_857' title='bbox 3275 4977 3450 5047; x_wconf 91' lang='lat' dir='ltr'><strong>plane,</strong></span> <span class='ocrx_word' id='word_1_858' title='bbox 3477 4978 3579 5034; x_wconf 87' lang='lat' dir='ltr'><strong>sed</strong></span> <span class='ocrx_word' id='word_1_859' title='bbox 3605 4987 3865 5050; x_wconf 85' lang='lat' dir='ltr'><strong>postquam</strong></span> 
     </span>
    </p>
   </div>
   <div class='ocr_carea' id='block_1_107' title="bbox 2290 5064 3863 5138">
    <p class='ocr_par' dir='ltr' id='par_1_107' title="bbox 2290 5064 3863 5138">
     <span class='ocr_line' id='line_1_107' title="bbox 2290 5064 3863 5138; baseline 0.001 -17"><span class='ocrx_word' id='word_1_860' title='bbox 2290 5065 2472 5136; x_wconf 68' lang='lat' dir='ltr'><strong>erepit,</strong></span> <span class='ocrx_word' id='word_1_861' title='bbox 2496 5064 2572 5121; x_wconf 90' lang='lat' dir='ltr'><strong>illi</strong></span> <span class='ocrx_word' id='word_1_862' title='bbox 2592 5079 2714 5121; x_wconf 89' lang='lat' dir='ltr'><strong>esse</strong></span> <span class='ocrx_word' id='word_1_863' title='bbox 2735 5083 2749 5119; x_wconf 90' lang='lat'><strong>:</strong></span> <span class='ocrx_word' id='word_1_864' title='bbox 2772 5074 2927 5122; x_wconf 89' lang='lat' dir='ltr'><strong>antea</strong></span> <span class='ocrx_word' id='word_1_865' title='bbox 2950 5081 3098 5132; x_wconf 86' lang='lat' dir='ltr'><strong>vero,</strong></span> <span class='ocrx_word' id='word_1_866' title='bbox 3126 5067 3246 5138; x_wconf 91' lang='lat' dir='ltr'><strong>quis</strong></span> <span class='ocrx_word' id='word_1_867' title='bbox 3268 5077 3350 5124; x_wconf 88' lang='lat' dir='ltr'><strong>est</strong></span> <span class='ocrx_word' id='word_1_868' title='bbox 3374 5070 3610 5125; x_wconf 89' lang='lat' dir='ltr'><strong>mundus</strong></span> <span class='ocrx_word' id='word_1_869' title='bbox 3633 5084 3666 5126; x_wconf 90' lang='lat' dir='ltr'><strong>a</strong></span> <span class='ocrx_word' id='word_1_870' title='bbox 3690 5066 3863 5125; x_wconf 50' lang='lat' dir='ltr'><strong>sordet</strong></span> 
     </span>
    </p>
   </div>
   <div class='ocr_carea' id='block_1_108' title="bbox 2289 5155 3871 5232">
    <p class='ocr_par' dir='ltr' id='par_1_108' title="bbox 2289 5155 3871 5232">
     <span class='ocr_line' id='line_1_108' title="bbox 2289 5155 3871 5232; baseline 0.004 -21"><span class='ocrx_word' id='word_1_871' title='bbox 2289 5155 2400 5212; x_wconf 84' lang='lat' dir='ltr'><strong>Nec</strong></span> <span class='ocrx_word' id='word_1_872' title='bbox 2428 5156 2635 5223; x_wconf 87' lang='lat' dir='ltr'><strong>infans,</strong></span> <span class='ocrx_word' id='word_1_873' title='bbox 2675 5158 2828 5228; x_wconf 90' lang='lat' dir='ltr'><strong>cujus</strong></span> <span class='ocrx_word' id='word_1_874' title='bbox 2872 5166 2956 5213; x_wconf 90' lang='lat' dir='ltr'><strong>est</strong></span> <span class='ocrx_word' id='word_1_875' title='bbox 2997 5158 3102 5215; x_wconf 90' lang='lat' dir='ltr'><strong>diei</strong></span> <span class='ocrx_word' id='word_1_876' title='bbox 3141 5159 3298 5221; x_wconf 85' lang='lat' dir='ltr'><strong>unius</strong></span> <span class='ocrx_word' id='word_1_877' title='bbox 3335 5159 3440 5216; x_wconf 88' lang='lat' dir='ltr'><strong>vita</strong></span> <span class='ocrx_word' id='word_1_878' title='bbox 3477 5176 3647 5232; x_wconf 87' lang='lat' dir='ltr'><strong>super</strong></span> <span class='ocrx_word' id='word_1_879' title='bbox 3688 5168 3871 5217; x_wconf 73' lang='lat' dir='ltr'><strong>tem!&quot;</strong></span> 
     </span>
    </p>
   </div>
   <div class='ocr_carea' id='block_1_109' title="bbox 2289 5246 3871 5325">
    <p class='ocr_par' dir='ltr' id='par_1_109' title="bbox 2289 5246 3871 5325">
     <span class='ocr_line' id='line_1_109' title="bbox 2289 5246 3871 5325; baseline 0.004 -22"><span class='ocrx_word' id='word_1_880' title='bbox 2289 5246 2424 5321; x_wconf 76' lang='lat' dir='ltr'><strong>(Job</strong></span> <span class='ocrx_word' id='word_1_881' title='bbox 2443 5265 2551 5317; x_wconf 88' lang='lat' dir='ltr'><strong>xtv,</strong></span> <span class='ocrx_word' id='word_1_882' title='bbox 2575 5250 2632 5319; x_wconf 76' lang='grc'><strong>4,</strong></span> <span class='ocrx_word' id='word_1_883' title='bbox 2653 5266 2755 5306; x_wconf 78' lang='lat' dir='ltr'><strong>sec.</strong></span> <span class='ocrx_word' id='word_1_884' title='bbox 2781 5249 2925 5307; x_wconf 77' lang='lat' dir='ltr'><strong>LXX</strong></span> <span class='ocrx_word' id='word_1_885' title='bbox 2944 5251 2984 5321; x_wconf 92' lang='lat'><strong>).</strong></span> <span class='ocrx_word' id='word_1_886' title='bbox 3015 5250 3370 5308; x_wconf 80' lang='lat' dir='ltr'><strong>Redimuntur</strong></span> <span class='ocrx_word' id='word_1_887' title='bbox 3385 5268 3537 5325; x_wconf 88' lang='lat' dir='ltr'><strong>ergo,</strong></span> <span class='ocrx_word' id='word_1_888' title='bbox 3564 5253 3871 5325; x_wconf 67' lang='lat' dir='ltr'><strong>quicumq“e</strong></span> 
     </span>
    </p>
   </div>
   <div class='ocr_carea' id='block_1_110' title="bbox 632 5295 2205 5419">
    <p class='ocr_par' dir='ltr' id='par_1_110' title="bbox 632 5295 2182 5419">
     <span class='ocr_line' id='line_1_110' title="bbox 632 5295 2182 5419; baseline 0.001 -15"><span class='ocrx_word' id='word_1_889' title='bbox 701 5298 1534 5419; x_wconf 45' lang='lat' dir='ltr'><strong>auirio</strong></span> <span class='ocrx_word' id='word_1_890' title='bbox 1555 5352 1679 5417; x_wconf 87' lang='lat' dir='ltr'><strong>legit</strong></span> <span class='ocrx_word' id='word_1_891' title='bbox 1698 5353 1828 5419; x_wconf 84' lang='lat' dir='ltr'><strong>hunc</strong></span> <span class='ocrx_word' id='word_1_892' title='bbox 1848 5354 2008 5405; x_wconf 85' lang='lat' dir='ltr'><strong>locum</strong></span> <span class='ocrx_word' id='word_1_893' title='bbox 2037 5368 2051 5405; x_wconf 92' lang='lat'>:</span> <span class='ocrx_word' id='word_1_894' title='bbox 2086 5364 2182 5419; x_wconf 66' lang='lat' dir='ltr'><strong>nos</strong></span> 
     </span>
    </p>
   </div>
   <div class='ocr_carea' id='block_1_111' title="bbox 2300 5295 3860 5419">
    <p class='ocr_par' dir='ltr' id='par_1_111' title="bbox 2300 5295 3860 5419">
     <span class='ocr_line' id='line_1_111' title="bbox 2300 5295 3860 5325; baseline 0 -20"><span class='ocrx_word' id='word_1_895' title='bbox 2300 5295 2348 5321; x_wconf 51' lang='grc' dir='ltr'>ι-</span> <span class='ocrx_word' id='word_1_896' title='bbox 2365 5295 2418 5304; x_wconf 85' lang='grc'><strong>--</strong></span> <span class='ocrx_word' id='word_1_897' title='bbox 2443 5295 2551 5317; x_wconf 89' lang='grc'><strong>....,</strong></span> <span class='ocrx_word' id='word_1_898' title='bbox 2581 5295 2632 5319; x_wconf 80' lang='grc'><strong>-,</strong></span> <span class='ocrx_word' id='word_1_899' title='bbox 2653 5295 2755 5306; x_wconf 81' lang='grc'><strong>---.</strong></span> <span class='ocrx_word' id='word_1_900' title='bbox 2782 5295 2925 5307; x_wconf 87' lang='lat'><strong>......</strong></span> <span class='ocrx_word' id='word_1_901' title='bbox 2944 5295 2984 5321; x_wconf 90' lang='lat'><strong>,.</strong></span> <span class='ocrx_word' id='word_1_902' title='bbox 3018 5295 3359 5308; x_wconf 81' lang='lat'><strong>..................</strong></span> <span class='ocrx_word' id='word_1_903' title='bbox 3386 5295 3537 5325; x_wconf 59' lang='grc' dir='ltr'><strong>μου,</strong></span> <span class='ocrx_word' id='word_1_904' title='bbox 3564 5295 3860 5325; x_wconf 56' lang='grc' dir='ltr'><strong>,...ν......,.-.</strong></span> 
     </span>
     <span class='ocr_line' id='line_1_112' title="bbox 2300 5341 3860 5419; baseline 0.001 -22"><span class='ocrx_word' id='word_1_905' title='bbox 2300 5341 2626 5398; x_wconf 82' lang='lat' dir='ltr'><strong>redimuntur</strong></span> <span class='ocrx_word' id='word_1_906' title='bbox 2645 5384 2664 5411; x_wconf 93' lang='lat'><strong>,</strong></span> <span class='ocrx_word' id='word_1_907' title='bbox 2692 5343 2761 5401; x_wconf 90' lang='lat' dir='ltr'><strong>ab</strong></span> <span class='ocrx_word' id='word_1_908' title='bbox 2789 5359 2856 5402; x_wconf 90' lang='lat' dir='ltr'><strong>eo</strong></span> <span class='ocrx_word' id='word_1_909' title='bbox 2879 5346 2970 5417; x_wconf 92' lang='lat' dir='ltr'><strong>qui</strong></span> <span class='ocrx_word' id='word_1_910' title='bbox 2998 5346 3145 5404; x_wconf 89' lang='lat' dir='ltr'><strong>venit</strong></span> <span class='ocrx_word' id='word_1_911' title='bbox 3170 5361 3412 5419; x_wconf 68' lang='lat' dir='ltr'><strong>quaerere</strong></span> <span class='ocrx_word' id='word_1_912' title='bbox 3435 5347 3583 5419; x_wconf 90' lang='lat' dir='ltr'><strong>quod</strong></span> <span class='ocrx_word' id='word_1_913' title='bbox 3616 5346 3860 5419; x_wconf 78' lang='lat' dir='ltr'><strong>perierat,</strong></span> 
     </span>
    </p>
   </div>
   <div class='ocr_carea' id='block_1_112' title="bbox 646 5351 2182 5417">
    <p class='ocr_par' dir='ltr' id='par_1_112' title="bbox 646 5351 2182 5417">
     <span class='ocr_line' id='line_1_113' title="bbox 646 5351 2182 5417; baseline 0.003 -14"><span class='ocrx_word' id='word_1_914' title='bbox 646 5359 667 5388; x_wconf 70' lang='lat'>&#39;</span> <span class='ocrx_word' id='word_1_915' title='bbox 702 5351 865 5413; x_wconf 74' lang='lat' dir='ltr'><strong>Morel,</strong></span> <span class='ocrx_word' id='word_1_916' title='bbox 897 5351 1212 5417; x_wconf 41' lang='lat' dir='ltr'><strong>talentm-it”</strong></span> <span class='ocrx_word' id='word_1_917' title='bbox 1258 5351 1322 5417; x_wconf 81' lang='lat' dir='ltr'><strong>p&#39;._</strong></span> <span class='ocrx_word' id='word_1_918' title='bbox 1342 5354 1423 5413; x_wconf 77' lang='grc'><strong>94,</strong></span> <span class='ocrx_word' id='word_1_919' title='bbox 1454 5355 1534 5417; x_wconf 83' lang='lat' dir='ltr'><strong>sic</strong></span> <span class='ocrx_word' id='word_1_920' title='bbox 1555 5352 1679 5417; x_wconf 87' lang='lat' dir='ltr'><strong>legit</strong></span> <span class='ocrx_word' id='word_1_921' title='bbox 1698 5353 1828 5405; x_wconf 86' lang='lat' dir='ltr'><strong>hunc</strong></span> <span class='ocrx_word' id='word_1_922' title='bbox 1848 5354 2008 5405; x_wconf 85' lang='lat' dir='ltr'><strong>locum</strong></span> <span class='ocrx_word' id='word_1_923' title='bbox 2037 5368 2051 5405; x_wconf 93' lang='lat'>:</span> <span class='ocrx_word' id='word_1_924' title='bbox 2086 5364 2182 5408; x_wconf 77' lang='lat' dir='ltr'><strong>nos</strong></span> 
     </span>
    </p>
   </div>
   <div class='ocr_carea' id='block_1_113' title="bbox 586 5411 2181 5525">
    <p class='ocr_par' dir='ltr' id='par_1_113' title="bbox 586 5411 2181 5525">
     <span class='ocr_line' id='line_1_114' title="bbox 586 5411 2181 5525; baseline 0.003 -59"><span class='ocrx_word' id='word_1_925' title='bbox 586 5417 811 5480; x_wconf 80' lang='lat' dir='ltr'><strong>(nempe,</strong></span> <span class='ocrx_word' id='word_1_926' title='bbox 832 5411 1274 5485; x_wconf 41' lang='lat' dir='ltr'><strong>primos-paratus;</strong></span> <span class='ocrx_word' id='word_1_927' title='bbox 1294 5411 1561 5525; x_wconf 51' lang='lat' dir='ltr'><strong>deiguibus</strong></span> <span class='ocrx_word' id='word_1_928' title='bbox 1592 5411 1777 5487; x_wconf 63' lang='lat' dir='ltr'><strong>supra),</strong></span> <span class='ocrx_word' id='word_1_929' title='bbox 1798 5477 1809 5488; x_wconf 43' lang='lat'><em>.</em></span> <span class='ocrx_word' id='word_1_930' title='bbox 1824 5421 2073 5480; x_wconf 82' lang='lat' dir='ltr'><strong>postquam</strong></span> <span class='ocrx_word' id='word_1_931' title='bbox 2108 5417 2181 5471; x_wconf 77' lang='lat' dir='ltr'><strong>uti</strong></span> 
     </span>
     <span class='ocr_line' id='line_1_115' title="bbox 586 5473 2177 5525; baseline 0 0"><span class='ocrx_word' id='word_1_932' title='bbox 586 5483 831 5525; x_wconf 72' lang='lat' dir='ltr'><strong>cauerunt</strong></span> <span class='ocrx_word' id='word_1_933' title='bbox 853 5488 1053 5525; x_wconf 78' lang='lat' dir='ltr'><strong>nronrta</strong></span> <span class='ocrx_word' id='word_1_934' title='bbox 1070 5473 1328 5525; x_wconf 77' lang='lat' dir='ltr'><strong>uoluntate.</strong></span> <span class='ocrx_word' id='word_1_935' title='bbox 1421 5482 1493 5525; x_wconf 81' lang='lat' dir='ltr'><strong>est</strong></span> <span class='ocrx_word' id='word_1_936' title='bbox 1508 5483 1638 5525; x_wconf 86' lang='lat' dir='ltr'><strong>motu</strong></span> <span class='ocrx_word' id='word_1_937' title='bbox 1660 5490 1809 5525; x_wconf 79' lang='lat' dir='ltr'><strong>unum</strong></span> <span class='ocrx_word' id='word_1_938' title='bbox 1822 5484 2015 5525; x_wconf 78' lang='lat' dir='ltr'><strong>coaente</strong></span> <span class='ocrx_word' id='word_1_939' title='bbox 2029 5479 2177 5525; x_wconf 80' lang='lat' dir='ltr'><strong>nulla.</strong></span> 
     </span>
    </p>
   </div>
   <div class='ocr_carea' id='block_1_114' title="bbox 583 5473 2895 5588">
    <p class='ocr_par' dir='ltr' id='par_1_114' title="bbox 583 5473 2895 5588">
     <span class='ocr_line' id='line_1_116' title="bbox 583 5473 2895 5588; baseline 0.001 -59"><span class='ocrx_word' id='word_1_940' title='bbox 583 5473 1053 5588; x_wconf 50' lang='grc' dir='ltr'><strong>ἐωυειῖιιιιίῶιόρήὰ</strong></span> <span class='ocrx_word' id='word_1_941' title='bbox 1070 5473 1328 5547; x_wconf 63' lang='lat' dir='ltr'><strong>uoluntate,</strong></span> <span class='ocrx_word' id='word_1_942' title='bbox 1350 5473 1414 5525; x_wconf 75' lang='lat' dir='ltr'><strong>id</strong></span> <span class='ocrx_word' id='word_1_943' title='bbox 1421 5482 1638 5547; x_wconf 45' lang='lat' dir='ltr'><strong>est.an</strong></span> <span class='ocrx_word' id='word_1_944' title='bbox 1654 5473 1809 5529; x_wconf 56' lang='lat' dir='ltr'><strong>ansis</strong></span> <span class='ocrx_word' id='word_1_945' title='bbox 1822 5473 2015 5544; x_wconf 73' lang='lat' dir='ltr'><strong>cogente</strong></span> <span class='ocrx_word' id='word_1_946' title='bbox 2029 5479 2177 5541; x_wconf 81' lang='lat' dir='ltr'><strong>nullo,</strong></span> <span class='ocrx_word' id='word_1_947' title='bbox 2881 5541 2895 5554; x_wconf 40' lang='grc' dir='ltr'><strong>ο</strong></span> 
     </span>
     <span class='ocr_line' id='line_1_117' title="bbox 584 5534 2895 5588; baseline 0 0"><span class='ocrx_word' id='word_1_948' title='bbox 584 5545 635 5588; x_wconf 81' lang='grc' dir='ltr'><strong>ιιι</strong></span> <span class='ocrx_word' id='word_1_949' title='bbox 658 5537 782 5588; x_wconf 81' lang='lat' dir='ltr'><strong>dicis</strong></span> <span class='ocrx_word' id='word_1_950' title='bbox 807 5537 841 5588; x_wconf 83' lang='lat' dir='ltr'><strong>ti</strong></span> <span class='ocrx_word' id='word_1_951' title='bbox 901 5548 1014 5586; x_wconf 82' lang='lat' dir='ltr'><strong>rum</strong></span> <span class='ocrx_word' id='word_1_952' title='bbox 1035 5535 1292 5586; x_wconf 80' lang='lat' dir='ltr'><strong>arbrtnum</strong></span> <span class='ocrx_word' id='word_1_953' title='bbox 1314 5534 1604 5588; x_wconf 69' lang='lat' dir='ltr'><strong>perdidtsse.</strong></span> <span class='ocrx_word' id='word_1_954' title='bbox 1667 5545 1726 5588; x_wconf 64' lang='grc' dir='ltr'>δι,</span> <span class='ocrx_word' id='word_1_955' title='bbox 2350 5540 2370 5574; x_wconf 74' lang='grc' dir='ltr'><strong>ι</strong></span> <span class='ocrx_word' id='word_1_956' title='bbox 2404 5539 2565 5588; x_wconf 76' lang='lat' dir='ltr'><strong>Codex</strong></span> <span class='ocrx_word' id='word_1_957' title='bbox 2590 5548 2736 5588; x_wconf 65' lang='lat' dir='ltr'><strong>rem.</strong></span> <span class='ocrx_word' id='word_1_958' title='bbox 2761 5542 2895 5588; x_wconf 79' lang='lat' dir='ltr'><strong>natm</strong></span> 
     </span>
    </p>
   </div>
   <div class='ocr_carea' id='block_1_115' title="bbox 584 5534 2930 5600">
    <p class='ocr_par' dir='ltr' id='par_1_115' title="bbox 584 5534 2930 5600">
     <span class='ocr_line' id='line_1_118' title="bbox 584 5534 2930 5600; baseline 0.002 -10"><span class='ocrx_word' id='word_1_959' title='bbox 584 5545 635 5590; x_wconf 80' lang='lat' dir='ltr'><strong>tu</strong></span> <span class='ocrx_word' id='word_1_960' title='bbox 658 5537 782 5589; x_wconf 82' lang='lat' dir='ltr'><strong>dicis</strong></span> <span class='ocrx_word' id='word_1_961' title='bbox 807 5534 1014 5600; x_wconf 68' lang='lat' dir='ltr'><strong>liberam</strong></span> <span class='ocrx_word' id='word_1_962' title='bbox 1035 5534 1292 5600; x_wconf 67' lang='lat' dir='ltr'><strong>arbitrium</strong></span> <span class='ocrx_word' id='word_1_963' title='bbox 1314 5534 1604 5600; x_wconf 80' lang='lat' dir='ltr'><strong>perdidisse.</strong></span> <span class='ocrx_word' id='word_1_964' title='bbox 1667 5545 1726 5588; x_wconf 64' lang='grc' dir='ltr'>δι.</span> <span class='ocrx_word' id='word_1_965' title='bbox 1765 5599 1770 5600; x_wconf 17' lang='grc' dir='ltr'>ί</span> <span class='ocrx_word' id='word_1_966' title='bbox 1877 5534 1899 5544; x_wconf 75' lang='grc'>⁷</span> <span class='ocrx_word' id='word_1_967' title='bbox 2161 5534 2174 5541; x_wconf 75' lang='grc'><strong><em>⁷</em></strong></span> <span class='ocrx_word' id='word_1_968' title='bbox 2350 5540 2370 5574; x_wconf 76' lang='grc'><strong><em>³</em></strong></span> <span class='ocrx_word' id='word_1_969' title='bbox 2404 5539 2565 5591; x_wconf 80' lang='lat' dir='ltr'><strong>Codex</strong></span> <span class='ocrx_word' id='word_1_970' title='bbox 2590 5548 2736 5600; x_wconf 79' lang='lat' dir='ltr'><strong>Port.,</strong></span> <span class='ocrx_word' id='word_1_971' title='bbox 2761 5541 2930 5594; x_wconf 73' lang='lat' dir='ltr'><strong>notuit.</strong></span> 
     </span>
    </p>
   </div>
   <div class='ocr_carea' id='block_1_116' title="bbox 2350 5603 3064 5668">
    <p class='ocr_par' dir='ltr' id='par_1_116' title="bbox 2350 5603 3064 5668">
     <span class='ocr_line' id='line_1_119' title="bbox 2350 5603 3064 5668; baseline 0.007 -17"><span class='ocrx_word' id='word_1_972' title='bbox 2350 5604 2372 5668; x_wconf 61' lang='grc' dir='ltr'>ξ</span> <span class='ocrx_word' id='word_1_973' title='bbox 2404 5603 2476 5668; x_wconf 78' lang='lat' dir='ltr'><strong>sic</strong></span> <span class='ocrx_word' id='word_1_974' title='bbox 2497 5609 2604 5652; x_wconf 75' lang='lat' dir='ltr'><strong>Mss.</strong></span> <span class='ocrx_word' id='word_1_975' title='bbox 2629 5611 2678 5654; x_wconf 87' lang='grc' dir='ltr'><strong>ιιι</strong></span> <span class='ocrx_word' id='word_1_976' title='bbox 2703 5606 2859 5668; x_wconf 82' lang='lat' dir='ltr'><strong>vign.,</strong></span> <span class='ocrx_word' id='word_1_977' title='bbox 2884 5611 3064 5656; x_wconf 82' lang='lat' dir='ltr'><strong>nostra.</strong></span> 
     </span>
    </p>
   </div>
   <div class='ocr_carea' id='block_1_117' title="bbox 2352 5665 3152 5732">
    <p class='ocr_par' dir='ltr' id='par_1_117' title="bbox 2352 5665 3152 5732">
     <span class='ocr_line' id='line_1_120' title="bbox 2352 5665 3152 5732; baseline 0.004 -18"><span class='ocrx_word' id='word_1_978' title='bbox 2352 5665 2375 5732; x_wconf 62' lang='grc' dir='ltr'><strong>ξ</strong></span> <span class='ocrx_word' id='word_1_979' title='bbox 2404 5665 2480 5732; x_wconf 69' lang='grc' dir='ltr'>εις</span> <span class='ocrx_word' id='word_1_980' title='bbox 2496 5673 2600 5732; x_wconf 39' lang='grc' dir='ltr'>διες</span> <span class='ocrx_word' id='word_1_981' title='bbox 2626 5672 2677 5732; x_wconf 80' lang='lat' dir='ltr'><strong>tu</strong></span> <span class='ocrx_word' id='word_1_982' title='bbox 2700 5665 2856 5731; x_wconf 68' lang='lat' dir='ltr'><strong>\&#39;ign.,</strong></span> <span class='ocrx_word' id='word_1_983' title='bbox 2880 5681 3152 5732; x_wconf 76' lang='lat' dir='ltr'><strong>oppressus.</strong></span> 
     </span>
    </p>
   </div>
   <div class='ocr_carea' id='block_1_118' title="bbox 2351 5727 3409 5790">
    <p class='ocr_par' dir='ltr' id='par_1_118' title="bbox 2351 5727 3409 5790">
     <span class='ocr_line' id='line_1_121' title="bbox 2351 5727 3409 5790; baseline 0.008 -14"><span class='ocrx_word' id='word_1_984' title='bbox 2351 5728 2374 5758; x_wconf 78' lang='grc'><strong>⁸</strong></span> <span class='ocrx_word' id='word_1_985' title='bbox 2407 5727 2544 5785; x_wconf 73' lang='lat' dir='ltr'><strong>Fditi,</strong></span> <span class='ocrx_word' id='word_1_986' title='bbox 2565 5728 2736 5785; x_wconf 66' lang='lat' dir='ltr'><strong>litciat.</strong></span> <span class='ocrx_word' id='word_1_987' title='bbox 2754 5727 3070 5790; x_wconf 60' lang='lat' dir='ltr'><strong>&#39;Cas&#39;igziatur</strong></span> <span class='ocrx_word' id='word_1_988' title='bbox 3093 5731 3151 5781; x_wconf 83' lang='lat' dir='ltr'><strong>ad</strong></span> <span class='ocrx_word' id='word_1_989' title='bbox 3176 5736 3256 5781; x_wconf 70' lang='lat' dir='ltr'><strong>Ms.</strong></span> <span class='ocrx_word' id='word_1_990' title='bbox 3281 5736 3409 5784; x_wconf 68' lang='lat' dir='ltr'><strong>t’ort.</strong></span> 
     </span>
    </p>
   </div>
   <div class='ocr_carea' id='block_1_119' title="bbox 646 5595 2177 5663">
    <p class='ocr_par' dir='ltr' id='par_1_119' title="bbox 646 5595 2177 5663">
     <span class='ocr_line' id='line_1_122' title="bbox 646 5595 2177 5663; baseline 0.005 -16"><span class='ocrx_word' id='word_1_991' title='bbox 646 5602 667 5634; x_wconf 79' lang='grc'>³</span> <span class='ocrx_word' id='word_1_992' title='bbox 699 5599 942 5663; x_wconf 65' lang='lat' dir='ltr'><strong>tuende!</strong></span> <span class='ocrx_word' id='word_1_993' title='bbox 968 5604 1093 5649; x_wconf 85' lang='lat' dir='ltr'><strong>Port.</strong></span> <span class='ocrx_word' id='word_1_994' title='bbox 1129 5595 1222 5647; x_wconf 79' lang='lat' dir='ltr'><strong>Alii</strong></span> <span class='ocrx_word' id='word_1_995' title='bbox 1241 5595 1552 5661; x_wconf 76' lang='lat' dir='ltr'><strong>manuscripti</strong></span> <span class='ocrx_word' id='word_1_996' title='bbox 1584 5611 1696 5651; x_wconf 69' lang='lat' dir='ltr'><strong>ann</strong></span> <span class='ocrx_word' id='word_1_997' title='bbox 1716 5599 1875 5663; x_wconf 86' lang='lat' dir='ltr'><strong>editis,</strong></span> <span class='ocrx_word' id='word_1_998' title='bbox 1899 5600 2024 5653; x_wconf 72' lang='lat' dir='ltr'><strong>hanc</strong></span> <span class='ocrx_word' id='word_1_999' title='bbox 2045 5607 2177 5655; x_wconf 80' lang='lat' dir='ltr'><strong>tuam</strong></span> 
     </span>
    </p>
   </div>
   <div class='ocr_carea' id='block_1_120' title="bbox 581 5661 1527 5731">
    <p class='ocr_par' dir='ltr' id='par_1_120' title="bbox 581 5661 1527 5731">
     <span class='ocr_line' id='line_1_123' title="bbox 581 5661 1527 5731; baseline 0 0"><span class='ocrx_word' id='word_1_1000' title='bbox 581 5661 1047 5731; x_wconf 56' lang='grc' dir='ltr'><strong>αυξεηιιίὺενωεξιηε</strong></span> <span class='ocrx_word' id='word_1_1001' title='bbox 1227 5723 1241 5731; x_wconf 87' lang='grc'>.</span> <span class='ocrx_word' id='word_1_1002' title='bbox 1368 5717 1403 5731; x_wconf 61' lang='lat'><strong>.,</strong></span> 
     </span>
    </p>
   </div>
   <div class='ocr_carea' id='block_1_121' title="bbox 644 5717 1745 5787">
    <p class='ocr_par' dir='ltr' id='par_1_121' title="bbox 644 5717 1745 5787">
     <span class='ocr_line' id='line_1_124' title="bbox 644 5717 1745 5787; baseline 0.016 -30"><span class='ocrx_word' id='word_1_1003' title='bbox 644 5727 665 5757; x_wconf 70' lang='grc' dir='ltr'>δ</span> <span class='ocrx_word' id='word_1_1004' title='bbox 698 5730 827 5785; x_wconf 54' lang='lat'><strong>53.,</strong></span> <span class='ocrx_word' id='word_1_1005' title='bbox 865 5721 985 5787; x_wconf 79' lang='lat' dir='ltr'><strong>quid</strong></span> <span class='ocrx_word' id='word_1_1006' title='bbox 1024 5719 1323 5785; x_wconf 73' lang='lat' dir='ltr'><strong>imperatum</strong></span> <span class='ocrx_word' id='word_1_1007' title='bbox 1346 5717 1409 5768; x_wconf 85' lang='lat' dir='ltr'><strong>de</strong></span> <span class='ocrx_word' id='word_1_1008' title='bbox 1431 5718 1745 5786; x_wconf 53' lang='lat' dir='ltr'><strong>delinquat“.</strong></span> 
     </span>
    </p>
   </div>
  </div>
