  <div class='ocr_page' id='page_1' title='image "/cluster/home/n/w/nwhite01/storage/ocr_20150623/44-45/uc1.31175026792435/770.png"; bbox 0 0 4124 6558; ppageno 0'>
   <div class='ocr_carea' id='block_1_1' title="bbox 301 468 427 527">
    <p class='ocr_par' dir='ltr' id='par_1_1' title="bbox 301 468 427 527">
     <span class='ocr_line' id='line_1_1' title="bbox 301 468 427 527; baseline 0 0"><span class='ocrx_word' id='word_1_1' title='bbox 301 468 427 527; x_wconf 66' lang='lat'><strong>132!</strong></span> 
     </span>
    </p>
   </div>
   <div class='ocr_carea' id='block_1_2' title="bbox 296 581 1881 658">
    <p class='ocr_par' dir='ltr' id='par_1_2' title="bbox 296 581 1881 658">
     <span class='ocr_line' id='line_1_2' title="bbox 296 581 1881 658; baseline 0.001 -21"><span class='ocrx_word' id='word_1_2' title='bbox 296 587 385 658; x_wconf 83' lang='lat' dir='ltr'><strong>qui</strong></span> <span class='ocrx_word' id='word_1_3' title='bbox 406 594 459 641; x_wconf 91' lang='lat' dir='ltr'><strong>et</strong></span> <span class='ocrx_word' id='word_1_4' title='bbox 481 593 767 657; x_wconf 88' lang='lat' dir='ltr'><strong>antequam</strong></span> <span class='ocrx_word' id='word_1_5' title='bbox 795 585 848 640; x_wconf 87' lang='lat' dir='ltr'><strong>in</strong></span> <span class='ocrx_word' id='word_1_6' title='bbox 874 599 1035 641; x_wconf 87' lang='lat' dir='ltr'><strong>carne</strong></span> <span class='ocrx_word' id='word_1_7' title='bbox 1055 585 1281 654; x_wconf 85' lang='lat' dir='ltr'><strong>veniret,</strong></span> <span class='ocrx_word' id='word_1_8' title='bbox 1306 598 1402 656; x_wconf 88' lang='lat' dir='ltr'><strong>per</strong></span> <span class='ocrx_word' id='word_1_9' title='bbox 1426 581 1584 639; x_wconf 85' lang='lat' dir='ltr'><strong>tidem</strong></span> <span class='ocrx_word' id='word_1_10' title='bbox 1605 583 1771 654; x_wconf 85' lang='lat' dir='ltr'><strong>ipsam</strong></span> <span class='ocrx_word' id='word_1_11' title='bbox 1795 598 1881 639; x_wconf 87' lang='lat' dir='ltr'><strong>re-</strong></span> 
     </span>
    </p>
   </div>
   <div class='ocr_carea' id='block_1_3' title="bbox 295 675 1884 751">
    <p class='ocr_par' dir='ltr' id='par_1_3' title="bbox 295 675 1884 751">
     <span class='ocr_line' id='line_1_3' title="bbox 295 675 1884 751; baseline -0.002 -18"><span class='ocrx_word' id='word_1_12' title='bbox 295 676 496 746; x_wconf 88' lang='lat' dir='ltr'><strong>demit,</strong></span> <span class='ocrx_word' id='word_1_13' title='bbox 543 694 644 751; x_wconf 90' lang='lat' dir='ltr'><strong>qua</strong></span> <span class='ocrx_word' id='word_1_14' title='bbox 686 678 1003 735; x_wconf 91' lang='lat' dir='ltr'><strong>credebatur</strong></span> <span class='ocrx_word' id='word_1_15' title='bbox 1044 693 1166 735; x_wconf 89' lang='lat' dir='ltr'><strong>esse</strong></span> <span class='ocrx_word' id='word_1_16' title='bbox 1209 686 1485 735; x_wconf 90' lang='lat' dir='ltr'><strong>venturus.</strong></span> <span class='ocrx_word' id='word_1_17' title='bbox 1529 675 1884 732; x_wconf 81' lang='lat' dir='ltr'><strong>Redimuntur</strong></span> 
     </span>
    </p>
   </div>
   <div class='ocr_carea' id='block_1_4' title="bbox 292 767 1882 840">
    <p class='ocr_par' dir='ltr' id='par_1_4' title="bbox 292 767 1882 840">
     <span class='ocr_line' id='line_1_4' title="bbox 292 767 1882 840; baseline -0.001 -16"><span class='ocrx_word' id='word_1_18' title='bbox 292 780 471 825; x_wconf 82' lang='lat' dir='ltr'><strong>autem</strong></span> <span class='ocrx_word' id='word_1_19' title='bbox 517 771 571 825; x_wconf 91' lang='lat' dir='ltr'><strong>in</strong></span> <span class='ocrx_word' id='word_1_20' title='bbox 614 769 916 828; x_wconf 90' lang='lat' dir='ltr'><strong>libertatem</strong></span> <span class='ocrx_word' id='word_1_21' title='bbox 959 769 1300 827; x_wconf 89' lang='lat' dir='ltr'><strong>beatitudinis</strong></span> <span class='ocrx_word' id='word_1_22' title='bbox 1342 769 1761 840; x_wconf 89' lang='lat' dir='ltr'><strong>sempiternam,</strong></span> <span class='ocrx_word' id='word_1_23' title='bbox 1793 767 1882 823; x_wconf 91' lang='lat' dir='ltr'><strong>ubi</strong></span> 
     </span>
    </p>
   </div>
   <div class='ocr_carea' id='block_1_5' title="bbox 290 858 1879 932">
    <p class='ocr_par' dir='ltr' id='par_1_5' title="bbox 290 858 1879 932">
     <span class='ocr_line' id='line_1_5' title="bbox 290 858 1879 932; baseline -0.001 -17"><span class='ocrx_word' id='word_1_24' title='bbox 290 858 400 932; x_wconf 82' lang='lat' dir='ltr'><strong>jam</strong></span> <span class='ocrx_word' id='word_1_25' title='bbox 428 870 647 932; x_wconf 87' lang='lat' dir='ltr'><strong>peccato</strong></span> <span class='ocrx_word' id='word_1_26' title='bbox 686 861 890 918; x_wconf 83' lang='lat' dir='ltr'><strong>servire</strong></span> <span class='ocrx_word' id='word_1_27' title='bbox 931 876 1038 917; x_wconf 91' lang='lat' dir='ltr'><strong>non</strong></span> <span class='ocrx_word' id='word_1_28' title='bbox 1081 860 1469 932; x_wconf 86' lang='lat' dir='ltr'><strong>possunt.Nam</strong></span> <span class='ocrx_word' id='word_1_29' title='bbox 1493 861 1561 926; x_wconf 91' lang='lat' dir='ltr'><strong>si,</strong></span> <span class='ocrx_word' id='word_1_30' title='bbox 1593 869 1650 915; x_wconf 96' lang='lat' dir='ltr'><strong>ut</strong></span> <span class='ocrx_word' id='word_1_31' title='bbox 1676 859 1811 915; x_wconf 91' lang='lat' dir='ltr'><strong>dicis</strong></span> <span class='ocrx_word' id='word_1_32' title='bbox 1836 858 1879 926; x_wconf 88' lang='grc'><em>¹,</em></span> 
     </span>
    </p>
   </div>
   <div class='ocr_carea' id='block_1_6' title="bbox 295 951 1882 1025">
    <p class='ocr_par' dir='ltr' id='par_1_6' title="bbox 295 951 1882 1025">
     <span class='ocr_line' id='line_1_6' title="bbox 295 951 1882 1025; baseline -0.002 -17"><span class='ocrx_word' id='word_1_33' title='bbox 295 951 422 1009; x_wconf 85' lang='lat' dir='ltr'><strong>boni</strong></span> <span class='ocrx_word' id='word_1_34' title='bbox 476 954 713 1025; x_wconf 78' lang='lat' dir='ltr'><strong>malique</strong></span> <span class='ocrx_word' id='word_1_35' title='bbox 764 953 1054 1009; x_wconf 81' lang='lat' dir='ltr'><strong>voluntarii</strong></span> <span class='ocrx_word' id='word_1_36' title='bbox 1109 951 1432 1024; x_wconf 81' lang='lat' dir='ltr'><strong>possibilitas</strong></span> <span class='ocrx_word' id='word_1_37' title='bbox 1494 951 1608 1007; x_wconf 89' lang='lat' dir='ltr'><strong>sola</strong></span> <span class='ocrx_word' id='word_1_38' title='bbox 1662 951 1882 1006; x_wconf 86' lang='lat' dir='ltr'><strong>libertas</strong></span> 
     </span>
    </p>
   </div>
   <div class='ocr_carea' id='block_1_7' title="bbox 291 1043 1879 1114">
    <p class='ocr_par' dir='ltr' id='par_1_7' title="bbox 291 1043 1879 1114">
     <span class='ocr_line' id='line_1_7' title="bbox 291 1043 1879 1114; baseline -0.004 -11"><span class='ocrx_word' id='word_1_39' title='bbox 291 1055 410 1113; x_wconf 87' lang='lat' dir='ltr'><strong>est;</strong></span> <span class='ocrx_word' id='word_1_40' title='bbox 471 1065 491 1100; x_wconf 75' lang='grc' dir='ltr'><strong>ι</strong></span> <span class='ocrx_word' id='word_1_41' title='bbox 545 1062 652 1102; x_wconf 90' lang='lat' dir='ltr'><strong>non</strong></span> <span class='ocrx_word' id='word_1_42' title='bbox 706 1044 867 1103; x_wconf 85' lang='lat' dir='ltr'><strong>habet</strong></span> <span class='ocrx_word' id='word_1_43' title='bbox 923 1046 1219 1101; x_wconf 88' lang='lat' dir='ltr'><strong>libertatem</strong></span> <span class='ocrx_word' id='word_1_44' title='bbox 1264 1044 1436 1110; x_wconf 86' lang='lat' dir='ltr'><strong>Deus,</strong></span> <span class='ocrx_word' id='word_1_45' title='bbox 1499 1043 1551 1098; x_wconf 92' lang='lat' dir='ltr'><strong>in</strong></span> <span class='ocrx_word' id='word_1_46' title='bbox 1594 1056 1700 1114; x_wconf 92' lang='lat' dir='ltr'><strong>quo</strong></span> <span class='ocrx_word' id='word_1_47' title='bbox 1751 1055 1879 1112; x_wconf 85' lang='lat' dir='ltr'><strong>pec-</strong></span> 
     </span>
    </p>
   </div>
   <div class='ocr_carea' id='block_1_8' title="bbox 292 1132 1878 1208">
    <p class='ocr_par' dir='ltr' id='par_1_8' title="bbox 292 1132 1878 1208">
     <span class='ocr_line' id='line_1_8' title="bbox 292 1132 1878 1208; baseline -0.003 -16"><span class='ocrx_word' id='word_1_48' title='bbox 292 1136 446 1192; x_wconf 84' lang='lat' dir='ltr'><strong>candi</strong></span> <span class='ocrx_word' id='word_1_49' title='bbox 493 1137 819 1208; x_wconf 78' lang='lat' dir='ltr'><strong>poSsibilitas</strong></span> <span class='ocrx_word' id='word_1_50' title='bbox 874 1151 978 1192; x_wconf 93' lang='lat' dir='ltr'><strong>non</strong></span> <span class='ocrx_word' id='word_1_51' title='bbox 1032 1146 1136 1192; x_wconf 92' lang='lat' dir='ltr'><strong>est.</strong></span> <span class='ocrx_word' id='word_1_52' title='bbox 1194 1133 1437 1191; x_wconf 80' lang='lat' dir='ltr'><strong>Hominis</strong></span> <span class='ocrx_word' id='word_1_53' title='bbox 1482 1148 1611 1189; x_wconf 89' lang='lat' dir='ltr'><strong>vero</strong></span> <span class='ocrx_word' id='word_1_54' title='bbox 1652 1132 1878 1187; x_wconf 89' lang='lat' dir='ltr'><strong>liberum</strong></span> 
     </span>
    </p>
   </div>
   <div class='ocr_carea' id='block_1_9' title="bbox 291 1223 1879 1299">
    <p class='ocr_par' dir='ltr' id='par_1_9' title="bbox 291 1223 1879 1299">
     <span class='ocr_line' id='line_1_9' title="bbox 291 1223 1879 1299; baseline -0.004 -15"><span class='ocrx_word' id='word_1_55' title='bbox 291 1228 567 1285; x_wconf 82' lang='lat' dir='ltr'><strong>arbitrium</strong></span> <span class='ocrx_word' id='word_1_56' title='bbox 589 1228 928 1299; x_wconf 81' lang='lat' dir='ltr'><strong>congenitum</strong></span> <span class='ocrx_word' id='word_1_57' title='bbox 956 1236 1013 1283; x_wconf 91' lang='lat' dir='ltr'><strong>ct</strong></span> <span class='ocrx_word' id='word_1_58' title='bbox 1034 1226 1255 1282; x_wconf 87' lang='lat' dir='ltr'><strong>omnino</strong></span> <span class='ocrx_word' id='word_1_59' title='bbox 1283 1224 1632 1282; x_wconf 88' lang='lat' dir='ltr'><strong>inamissibile</strong></span> <span class='ocrx_word' id='word_1_60' title='bbox 1657 1223 1703 1279; x_wconf 88' lang='lat' dir='ltr'><strong>si</strong></span> <span class='ocrx_word' id='word_1_61' title='bbox 1731 1237 1879 1294; x_wconf 67' lang='lat' dir='ltr'><strong>quaa—</strong></span> 
     </span>
    </p>
   </div>
   <div class='ocr_carea' id='block_1_10' title="bbox 290 1317 1879 1391">
    <p class='ocr_par' dir='ltr' id='par_1_10' title="bbox 290 1317 1879 1391">
     <span class='ocr_line' id='line_1_10' title="bbox 290 1317 1879 1391; baseline -0.003 -16"><span class='ocrx_word' id='word_1_62' title='bbox 290 1321 459 1378; x_wconf 90' lang='lat' dir='ltr'><strong>rimus</strong></span> <span class='ocrx_word' id='word_1_63' title='bbox 481 1360 498 1388; x_wconf 94' lang='lat'><strong>,</strong></span> <span class='ocrx_word' id='word_1_64' title='bbox 532 1320 661 1376; x_wconf 92' lang='lat' dir='ltr'><strong>illud</strong></span> <span class='ocrx_word' id='word_1_65' title='bbox 690 1329 776 1377; x_wconf 90' lang='lat' dir='ltr'><strong>est</strong></span> <span class='ocrx_word' id='word_1_66' title='bbox 800 1335 906 1391; x_wconf 89' lang='lat' dir='ltr'><strong>quo</strong></span> <span class='ocrx_word' id='word_1_67' title='bbox 939 1319 1079 1375; x_wconf 82' lang='lat' dir='ltr'><strong>beati</strong></span> <span class='ocrx_word' id='word_1_68' title='bbox 1105 1333 1292 1376; x_wconf 91' lang='lat' dir='ltr'><strong>omnes</strong></span> <span class='ocrx_word' id='word_1_69' title='bbox 1320 1333 1440 1375; x_wconf 87' lang='lat' dir='ltr'><strong>esse</strong></span> <span class='ocrx_word' id='word_1_70' title='bbox 1464 1317 1689 1386; x_wconf 88' lang='lat' dir='ltr'><strong>volunt,</strong></span> <span class='ocrx_word' id='word_1_71' title='bbox 1717 1317 1879 1372; x_wconf 88' lang='lat' dir='ltr'><strong>etiam</strong></span> 
     </span>
    </p>
   </div>
   <div class='ocr_carea' id='block_1_11' title="bbox 289 1408 1670 1483">
    <p class='ocr_par' dir='ltr' id='par_1_11' title="bbox 289 1408 1670 1483">
     <span class='ocr_line' id='line_1_11' title="bbox 289 1408 1670 1483; baseline -0.003 -16"><span class='ocrx_word' id='word_1_72' title='bbox 289 1412 342 1467; x_wconf 90' lang='lat' dir='ltr'><strong>hi</strong></span> <span class='ocrx_word' id='word_1_73' title='bbox 374 1412 463 1483; x_wconf 88' lang='lat' dir='ltr'><strong>qui</strong></span> <span class='ocrx_word' id='word_1_74' title='bbox 491 1428 553 1469; x_wconf 90' lang='lat' dir='ltr'><strong>ea</strong></span> <span class='ocrx_word' id='word_1_75' title='bbox 581 1414 771 1469; x_wconf 91' lang='lat' dir='ltr'><strong>nolunt</strong></span> <span class='ocrx_word' id='word_1_76' title='bbox 795 1428 915 1482; x_wconf 73' lang='lat' dir='ltr'><strong>qua:</strong></span> <span class='ocrx_word' id='word_1_77' title='bbox 942 1412 1011 1469; x_wconf 89' lang='lat' dir='ltr'><strong>ad</strong></span> <span class='ocrx_word' id='word_1_78' title='bbox 1036 1410 1418 1468; x_wconf 88' lang='lat' dir='ltr'><strong>beatitudinem</strong></span> <span class='ocrx_word' id='word_1_79' title='bbox 1444 1408 1670 1465; x_wconf 90' lang='lat' dir='ltr'><strong>ducunt.</strong></span> 
     </span>
    </p>
   </div>
   <div class='ocr_carea' id='block_1_12' title="bbox 358 1500 1882 1573">
    <p class='ocr_par' dir='ltr' id='par_1_12' title="bbox 358 1500 1882 1573">
     <span class='ocr_line' id='line_1_12' title="bbox 358 1500 1882 1573; baseline -0.004 -12"><span class='ocrx_word' id='word_1_80' title='bbox 358 1503 475 1561; x_wconf 76' lang='grc' dir='ltr'><strong>ΧΠ.</strong></span> <span class='ocrx_word' id='word_1_81' title='bbox 502 1503 623 1561; x_wconf 67' lang='lat' dir='ltr'><strong>Jun.</strong></span> <span class='ocrx_word' id='word_1_82' title='bbox 655 1503 891 1569; x_wconf 89' lang='lat' dir='ltr'><strong>Deinde,</strong></span> <span class='ocrx_word' id='word_1_83' title='bbox 920 1512 979 1559; x_wconf 93' lang='lat' dir='ltr'><strong>ut</strong></span> <span class='ocrx_word' id='word_1_84' title='bbox 1010 1512 1277 1573; x_wconf 73' lang='lat' dir='ltr'><strong>praerupta</strong></span> <span class='ocrx_word' id='word_1_85' title='bbox 1296 1503 1318 1534; x_wconf 76' lang='grc'><em>³</em></span> <span class='ocrx_word' id='word_1_86' title='bbox 1345 1500 1612 1571; x_wconf 81' lang='lat' dir='ltr'><strong>Opinionis</strong></span> <span class='ocrx_word' id='word_1_87' title='bbox 1650 1507 1754 1555; x_wconf 71' lang='lat' dir='ltr'><strong>ture</strong></span> <span class='ocrx_word' id='word_1_88' title='bbox 1794 1511 1882 1555; x_wconf 80' lang='lat' dir='ltr'><strong>se-</strong></span> 
     </span>
    </p>
   </div>
   <div class='ocr_carea' id='block_1_13' title="bbox 286 1591 1875 1668">
    <p class='ocr_par' dir='ltr' id='par_1_13' title="bbox 286 1591 1875 1668">
     <span class='ocr_line' id='line_1_13' title="bbox 286 1591 1875 1668; baseline -0.003 -18"><span class='ocrx_word' id='word_1_89' title='bbox 286 1610 546 1667; x_wconf 84' lang='lat' dir='ltr'><strong>quamur,</strong></span> <span class='ocrx_word' id='word_1_90' title='bbox 590 1595 982 1668; x_wconf 79' lang='lat' dir='ltr'><strong>argumentaris</strong></span> <span class='ocrx_word' id='word_1_91' title='bbox 1021 1594 1109 1650; x_wconf 86' lang='lat' dir='ltr'><strong>tali</strong></span> <span class='ocrx_word' id='word_1_92' title='bbox 1152 1593 1455 1649; x_wconf 89' lang='lat' dir='ltr'><strong>conditione</strong></span> <span class='ocrx_word' id='word_1_93' title='bbox 1481 1592 1706 1649; x_wconf 90' lang='lat' dir='ltr'><strong>liberum</strong></span> <span class='ocrx_word' id='word_1_94' title='bbox 1732 1591 1875 1647; x_wconf 84' lang='lat' dir='ltr'><strong>arbi-</strong></span> 
     </span>
    </p>
   </div>
   <div class='ocr_carea' id='block_1_14' title="bbox 286 1684 1877 1754">
    <p class='ocr_par' dir='ltr' id='par_1_14' title="bbox 286 1684 1877 1754">
     <span class='ocr_line' id='line_1_14' title="bbox 286 1684 1877 1754; baseline -0.001 -15"><span class='ocrx_word' id='word_1_95' title='bbox 286 1686 449 1742; x_wconf 92' lang='lat' dir='ltr'><strong>trium</strong></span> <span class='ocrx_word' id='word_1_96' title='bbox 491 1686 791 1743; x_wconf 89' lang='lat' dir='ltr'><strong>ordinatum</strong></span> <span class='ocrx_word' id='word_1_97' title='bbox 838 1686 1029 1754; x_wconf 88' lang='lat' dir='ltr'><strong>fuisse,</strong></span> <span class='ocrx_word' id='word_1_98' title='bbox 1058 1694 1117 1740; x_wconf 94' lang='lat' dir='ltr'><strong>ut</strong></span> <span class='ocrx_word' id='word_1_99' title='bbox 1149 1685 1256 1740; x_wconf 89' lang='lat' dir='ltr'><strong>vim</strong></span> <span class='ocrx_word' id='word_1_100' title='bbox 1285 1700 1435 1740; x_wconf 91' lang='lat' dir='ltr'><strong>suam</strong></span> <span class='ocrx_word' id='word_1_101' title='bbox 1465 1684 1656 1739; x_wconf 89' lang='lat' dir='ltr'><strong>merito</strong></span> <span class='ocrx_word' id='word_1_102' title='bbox 1680 1692 1877 1739; x_wconf 74' lang='lat' dir='ltr'><strong>secutae</strong></span> 
     </span>
    </p>
   </div>
   <div class='ocr_carea' id='block_1_15' title="bbox 286 1772 1875 1848">
    <p class='ocr_par' dir='ltr' id='par_1_15' title="bbox 286 1772 1875 1848">
     <span class='ocr_line' id='line_1_15' title="bbox 286 1772 1875 1848; baseline -0.003 -15"><span class='ocrx_word' id='word_1_103' title='bbox 286 1777 575 1834; x_wconf 87' lang='lat' dir='ltr'><strong>voluntatis</strong></span> <span class='ocrx_word' id='word_1_104' title='bbox 609 1778 906 1845; x_wconf 90' lang='lat' dir='ltr'><strong>amitteret,</strong></span> <span class='ocrx_word' id='word_1_105' title='bbox 936 1785 992 1832; x_wconf 92' lang='lat' dir='ltr'><strong>et</strong></span> <span class='ocrx_word' id='word_1_106' title='bbox 1017 1775 1288 1848; x_wconf 82' lang='lat' dir='ltr'><strong>qualitatis</strong></span> <span class='ocrx_word' id='word_1_107' title='bbox 1322 1789 1480 1846; x_wconf 91' lang='lat' dir='ltr'><strong>quam</strong></span> <span class='ocrx_word' id='word_1_108' title='bbox 1507 1772 1755 1844; x_wconf 78' lang='lat' dir='ltr'><strong>elegisset</strong></span> <span class='ocrx_word' id='word_1_109' title='bbox 1778 1786 1875 1828; x_wconf 87' lang='lat' dir='ltr'><strong>ne-</strong></span> 
     </span>
    </p>
   </div>
   <div class='ocr_carea' id='block_1_16' title="bbox 284 1865 1874 1941">
    <p class='ocr_par' dir='ltr' id='par_1_16' title="bbox 284 1865 1874 1941">
     <span class='ocr_line' id='line_1_16' title="bbox 284 1865 1874 1941; baseline -0.003 -15"><span class='ocrx_word' id='word_1_110' title='bbox 284 1870 624 1940; x_wconf 87' lang='lat' dir='ltr'><strong>cessitatem,</strong></span> <span class='ocrx_word' id='word_1_111' title='bbox 666 1871 719 1927; x_wconf 93' lang='lat' dir='ltr'><strong>in</strong></span> <span class='ocrx_word' id='word_1_112' title='bbox 755 1869 1017 1941; x_wconf 89' lang='lat' dir='ltr'><strong>reliquum</strong></span> <span class='ocrx_word' id='word_1_113' title='bbox 1048 1869 1350 1925; x_wconf 87' lang='lat' dir='ltr'><strong>sustineret.</strong></span> <span class='ocrx_word' id='word_1_114' title='bbox 1382 1867 1517 1924; x_wconf 81' lang='lat' dir='ltr'><strong>Hinc</strong></span> <span class='ocrx_word' id='word_1_115' title='bbox 1540 1882 1668 1938; x_wconf 85' lang='lat' dir='ltr'><strong>ergo</strong></span> <span class='ocrx_word' id='word_1_116' title='bbox 1692 1865 1816 1938; x_wconf 90' lang='lat' dir='ltr'><strong>quid</strong></span> <span class='ocrx_word' id='word_1_117' title='bbox 1844 1881 1874 1921; x_wconf 90' lang='lat' dir='ltr'><strong>a</strong></span> 
     </span>
    </p>
   </div>
   <div class='ocr_carea' id='block_1_17' title="bbox 284 1961 1878 2033">
    <p class='ocr_par' dir='ltr' id='par_1_17' title="bbox 284 1961 1878 2033">
     <span class='ocr_line' id='line_1_17' title="bbox 284 1961 1878 2033; baseline -0.001 -14"><span class='ocrx_word' id='word_1_118' title='bbox 284 1963 442 2019; x_wconf 86' lang='lat' dir='ltr'><strong>nobis</strong></span> <span class='ocrx_word' id='word_1_119' title='bbox 469 1963 730 2020; x_wconf 76' lang='lat' dir='ltr'><strong>referatur</strong></span> <span class='ocrx_word' id='word_1_120' title='bbox 752 1963 987 2020; x_wconf 88' lang='lat' dir='ltr'><strong>attende.</strong></span> <span class='ocrx_word' id='word_1_121' title='bbox 1017 1962 1227 2020; x_wconf 85' lang='lat' dir='ltr'><strong>Siccine</strong></span> <span class='ocrx_word' id='word_1_122' title='bbox 1256 1971 1409 2033; x_wconf 89' lang='lat' dir='ltr'><strong>putas</strong></span> <span class='ocrx_word' id='word_1_123' title='bbox 1432 1961 1702 2018; x_wconf 88' lang='lat' dir='ltr'><strong>hominem</strong></span> <span class='ocrx_word' id='word_1_124' title='bbox 1725 1976 1878 2018; x_wconf 87' lang='lat' dir='ltr'><strong>crea-</strong></span> 
     </span>
    </p>
   </div>
   <div class='ocr_carea' id='block_1_18' title="bbox 284 2052 1875 2127">
    <p class='ocr_par' dir='ltr' id='par_1_18' title="bbox 284 2052 1875 2127">
     <span class='ocr_line' id='line_1_18' title="bbox 284 2052 1875 2127; baseline -0.001 -15"><span class='ocrx_word' id='word_1_125' title='bbox 284 2065 421 2126; x_wconf 91' lang='lat' dir='ltr'><strong>tum,</strong></span> <span class='ocrx_word' id='word_1_126' title='bbox 444 2067 503 2112; x_wconf 91' lang='lat' dir='ltr'><strong>ut</strong></span> <span class='ocrx_word' id='word_1_127' title='bbox 528 2056 665 2112; x_wconf 81' lang='lat' dir='ltr'><strong>hanc</strong></span> <span class='ocrx_word' id='word_1_128' title='bbox 687 2055 871 2112; x_wconf 69' lang='lat' dir='ltr'><strong>electae</strong></span> <span class='ocrx_word' id='word_1_129' title='bbox 890 2055 1161 2127; x_wconf 84' lang='lat' dir='ltr'><strong>qualitatis</strong></span> <span class='ocrx_word' id='word_1_130' title='bbox 1183 2053 1554 2111; x_wconf 82' lang='lat' dir='ltr'><strong>necessitatem</strong></span> <span class='ocrx_word' id='word_1_131' title='bbox 1576 2052 1629 2108; x_wconf 91' lang='lat' dir='ltr'><strong>in</strong></span> <span class='ocrx_word' id='word_1_132' title='bbox 1651 2061 1875 2125; x_wconf 87' lang='lat' dir='ltr'><strong>utraque</strong></span> 
     </span>
    </p>
   </div>
   <div class='ocr_carea' id='block_1_19' title="bbox 283 2144 1876 2219">
    <p class='ocr_par' dir='ltr' id='par_1_19' title="bbox 283 2144 1876 2219">
     <span class='ocr_line' id='line_1_19' title="bbox 283 2144 1876 2219; baseline -0.004 -14"><span class='ocrx_word' id='word_1_133' title='bbox 283 2155 438 2219; x_wconf 77' lang='lat' dir='ltr'><strong>parte</strong></span> <span class='ocrx_word' id='word_1_134' title='bbox 465 2155 756 2218; x_wconf 88' lang='lat' dir='ltr'><strong>pateretur,</strong></span> <span class='ocrx_word' id='word_1_135' title='bbox 781 2146 833 2202; x_wconf 90' lang='lat' dir='ltr'><strong>id</strong></span> <span class='ocrx_word' id='word_1_136' title='bbox 859 2155 961 2212; x_wconf 91' lang='lat' dir='ltr'><strong>est,</strong></span> <span class='ocrx_word' id='word_1_137' title='bbox 982 2155 1039 2202; x_wconf 91' lang='lat' dir='ltr'><strong>ut</strong></span> <span class='ocrx_word' id='word_1_138' title='bbox 1064 2147 1109 2203; x_wconf 91' lang='lat' dir='ltr'><strong>si</strong></span> <span class='ocrx_word' id='word_1_139' title='bbox 1132 2147 1330 2203; x_wconf 91' lang='lat' dir='ltr'><strong>bonum</strong></span> <span class='ocrx_word' id='word_1_140' title='bbox 1355 2145 1629 2211; x_wconf 90' lang='lat' dir='ltr'><strong>voluisset,</strong></span> <span class='ocrx_word' id='word_1_141' title='bbox 1650 2144 1876 2200; x_wconf 89' lang='lat' dir='ltr'><strong>ulterius</strong></span> 
     </span>
    </p>
   </div>
   <div class='ocr_carea' id='block_1_20' title="bbox 283 2238 1874 2312">
    <p class='ocr_par' dir='ltr' id='par_1_20' title="bbox 283 2238 1874 2312">
     <span class='ocr_line' id='line_1_20' title="bbox 283 2238 1874 2312; baseline -0.001 -16"><span class='ocrx_word' id='word_1_142' title='bbox 283 2255 509 2310; x_wconf 86' lang='lat' dir='ltr'><strong>peccare</strong></span> <span class='ocrx_word' id='word_1_143' title='bbox 537 2255 643 2296; x_wconf 90' lang='lat' dir='ltr'><strong>non</strong></span> <span class='ocrx_word' id='word_1_144' title='bbox 674 2249 884 2312; x_wconf 88' lang='lat' dir='ltr'><strong>posset;</strong></span> <span class='ocrx_word' id='word_1_145' title='bbox 916 2246 972 2294; x_wconf 91' lang='lat' dir='ltr'><strong>et</strong></span> <span class='ocrx_word' id='word_1_146' title='bbox 1008 2239 1054 2295; x_wconf 90' lang='lat' dir='ltr'><strong>si</strong></span> <span class='ocrx_word' id='word_1_147' title='bbox 1095 2238 1347 2310; x_wconf 82' lang='lat' dir='ltr'><strong>elegisset</strong></span> <span class='ocrx_word' id='word_1_148' title='bbox 1388 2238 1583 2292; x_wconf 90' lang='lat' dir='ltr'><strong>malum</strong></span> <span class='ocrx_word' id='word_1_149' title='bbox 1603 2277 1619 2304; x_wconf 95' lang='lat'><strong>,</strong></span> <span class='ocrx_word' id='word_1_150' title='bbox 1650 2238 1786 2293; x_wconf 88' lang='lat' dir='ltr'><strong>ultra</strong></span> <span class='ocrx_word' id='word_1_151' title='bbox 1814 2252 1874 2294; x_wconf 90' lang='lat' dir='ltr'><strong>se</strong></span> 
     </span>
    </p>
   </div>
   <div class='ocr_carea' id='block_1_21' title="bbox 280 2329 1873 2403">
    <p class='ocr_par' dir='ltr' id='par_1_21' title="bbox 280 2329 1873 2403">
     <span class='ocr_line' id='line_1_21' title="bbox 280 2329 1873 2403; baseline -0.002 -16"><span class='ocrx_word' id='word_1_152' title='bbox 280 2331 574 2389; x_wconf 89' lang='lat' dir='ltr'><strong>emendare</strong></span> <span class='ocrx_word' id='word_1_153' title='bbox 612 2331 894 2403; x_wconf 80' lang='lat' dir='ltr'><strong>nequiret?</strong></span> <span class='ocrx_word' id='word_1_154' title='bbox 930 2347 997 2387; x_wconf 88' lang='lat' dir='ltr'><strong>an</strong></span> <span class='ocrx_word' id='word_1_155' title='bbox 1036 2341 1096 2388; x_wconf 87' lang='lat' dir='ltr'><strong>ut</strong></span> <span class='ocrx_word' id='word_1_156' title='bbox 1131 2330 1501 2387; x_wconf 85' lang='lat' dir='ltr'><strong>tantummodo</strong></span> <span class='ocrx_word' id='word_1_157' title='bbox 1529 2329 1720 2386; x_wconf 91' lang='lat' dir='ltr'><strong>malam</strong></span> <span class='ocrx_word' id='word_1_158' title='bbox 1744 2336 1873 2402; x_wconf 83' lang='lat' dir='ltr'><strong>par-</strong></span> 
     </span>
    </p>
   </div>
   <div class='ocr_carea' id='block_1_22' title="bbox 281 2421 1873 2495">
    <p class='ocr_par' dir='ltr' id='par_1_22' title="bbox 281 2421 1873 2495">
     <span class='ocr_line' id='line_1_22' title="bbox 281 2421 1873 2495; baseline -0.001 -16"><span class='ocrx_word' id='word_1_159' title='bbox 281 2433 392 2482; x_wconf 92' lang='lat' dir='ltr'><strong>tem</strong></span> <span class='ocrx_word' id='word_1_160' title='bbox 423 2425 545 2481; x_wconf 89' lang='lat' dir='ltr'><strong>mali</strong></span> <span class='ocrx_word' id='word_1_161' title='bbox 586 2426 877 2481; x_wconf 74' lang='lat' dir='ltr'><strong>necessitas</strong></span> <span class='ocrx_word' id='word_1_162' title='bbox 905 2432 1247 2495; x_wconf 83' lang='lat' dir='ltr'><strong>sequeretur,</strong></span> <span class='ocrx_word' id='word_1_163' title='bbox 1291 2423 1344 2478; x_wconf 92' lang='lat' dir='ltr'><strong>in</strong></span> <span class='ocrx_word' id='word_1_164' title='bbox 1375 2422 1512 2477; x_wconf 90' lang='lat' dir='ltr'><strong>bona</strong></span> <span class='ocrx_word' id='word_1_165' title='bbox 1539 2431 1714 2477; x_wconf 90' lang='lat' dir='ltr'><strong>autem</strong></span> <span class='ocrx_word' id='word_1_166' title='bbox 1741 2421 1873 2477; x_wconf 85' lang='lat' dir='ltr'><strong>nihil</strong></span> 
     </span>
    </p>
   </div>
   <div class='ocr_carea' id='block_1_23' title="bbox 279 2512 1873 2586">
    <p class='ocr_par' dir='ltr' id='par_1_23' title="bbox 279 2512 1873 2586">
     <span class='ocr_line' id='line_1_23' title="bbox 279 2512 1873 2586; baseline -0.002 -17"><span class='ocrx_word' id='word_1_167' title='bbox 279 2513 390 2570; x_wconf 88' lang='lat' dir='ltr'><strong>tale</strong></span> <span class='ocrx_word' id='word_1_168' title='bbox 417 2515 771 2586; x_wconf 89' lang='lat' dir='ltr'><strong>contingeret,</strong></span> <span class='ocrx_word' id='word_1_169' title='bbox 802 2514 895 2570; x_wconf 90' lang='lat' dir='ltr'><strong>sed</strong></span> <span class='ocrx_word' id='word_1_170' title='bbox 924 2529 1139 2585; x_wconf 89' lang='lat' dir='ltr'><strong>semper</strong></span> <span class='ocrx_word' id='word_1_171' title='bbox 1163 2512 1413 2583; x_wconf 87' lang='lat' dir='ltr'><strong>periculis</strong></span> <span class='ocrx_word' id='word_1_172' title='bbox 1434 2512 1748 2569; x_wconf 91' lang='lat' dir='ltr'><strong>varietatum</strong></span> <span class='ocrx_word' id='word_1_173' title='bbox 1780 2527 1873 2582; x_wconf 85' lang='lat' dir='ltr'><strong>pa—</strong></span> 
     </span>
    </p>
   </div>
   <div class='ocr_carea' id='block_1_24' title="bbox 277 2604 1872 2679">
    <p class='ocr_par' dir='ltr' id='par_1_24' title="bbox 277 2604 1872 2679">
     <span class='ocr_line' id='line_1_24' title="bbox 277 2604 1872 2679; baseline -0.001 -16"><span class='ocrx_word' id='word_1_174' title='bbox 277 2606 459 2663; x_wconf 84' lang='lat' dir='ltr'><strong>teret?</strong></span> <span class='ocrx_word' id='word_1_175' title='bbox 487 2606 565 2662; x_wconf 85' lang='lat' dir='ltr'><strong>Ex</strong></span> <span class='ocrx_word' id='word_1_176' title='bbox 607 2606 690 2662; x_wconf 90' lang='lat' dir='ltr'><strong>his</strong></span> <span class='ocrx_word' id='word_1_177' title='bbox 726 2607 935 2664; x_wconf 88' lang='lat' dir='ltr'><strong>duobus</strong></span> <span class='ocrx_word' id='word_1_178' title='bbox 977 2606 1253 2679; x_wconf 82' lang='lat' dir='ltr'><strong>quodlibet</strong></span> <span class='ocrx_word' id='word_1_179' title='bbox 1292 2606 1489 2662; x_wconf 89' lang='lat' dir='ltr'><strong>sumito</strong></span> <span class='ocrx_word' id='word_1_180' title='bbox 1529 2622 1544 2660; x_wconf 92' lang='lat'><strong>:</strong></span> <span class='ocrx_word' id='word_1_181' title='bbox 1585 2606 1631 2661; x_wconf 88' lang='lat' dir='ltr'><strong>si</strong></span> <span class='ocrx_word' id='word_1_182' title='bbox 1671 2604 1872 2662; x_wconf 82' lang='lat' dir='ltr'><strong>dixeris</strong></span> 
     </span>
    </p>
   </div>
   <div class='ocr_carea' id='block_1_25' title="bbox 275 2698 1874 2771">
    <p class='ocr_par' dir='ltr' id='par_1_25' title="bbox 275 2698 1874 2771">
     <span class='ocr_line' id='line_1_25' title="bbox 275 2698 1874 2771; baseline -0.001 -15"><span class='ocrx_word' id='word_1_183' title='bbox 275 2701 441 2756; x_wconf 81' lang='lat' dir='ltr'><strong>talem</strong></span> <span class='ocrx_word' id='word_1_184' title='bbox 466 2699 658 2756; x_wconf 88' lang='lat' dir='ltr'><strong>factam</strong></span> <span class='ocrx_word' id='word_1_185' title='bbox 682 2714 803 2757; x_wconf 90' lang='lat' dir='ltr'><strong>esse</strong></span> <span class='ocrx_word' id='word_1_186' title='bbox 828 2709 1088 2766; x_wconf 89' lang='lat' dir='ltr'><strong>naturam,</strong></span> <span class='ocrx_word' id='word_1_187' title='bbox 1115 2715 1234 2771; x_wconf 69' lang='lat' dir='ltr'><strong>qua:</strong></span> <span class='ocrx_word' id='word_1_188' title='bbox 1258 2700 1385 2755; x_wconf 89' lang='lat' dir='ltr'><strong>mali</strong></span> <span class='ocrx_word' id='word_1_189' title='bbox 1411 2707 1612 2755; x_wconf 90' lang='lat' dir='ltr'><strong>tantum</strong></span> <span class='ocrx_word' id='word_1_190' title='bbox 1639 2698 1874 2755; x_wconf 85' lang='lat' dir='ltr'><strong>necessi-</strong></span> 
     </span>
    </p>
   </div>
   <div class='ocr_carea' id='block_1_26' title="bbox 276 2791 1872 2864">
    <p class='ocr_par' dir='ltr' id='par_1_26' title="bbox 276 2791 1872 2864">
     <span class='ocr_line' id='line_1_26' title="bbox 276 2791 1872 2864; baseline -0.001 -14"><span class='ocrx_word' id='word_1_191' title='bbox 276 2801 444 2850; x_wconf 76' lang='lat' dir='ltr'><strong>tatem</strong></span> <span class='ocrx_word' id='word_1_192' title='bbox 472 2803 780 2864; x_wconf 89' lang='lat' dir='ltr'><strong>pateretur:</strong></span> <span class='ocrx_word' id='word_1_193' title='bbox 804 2793 935 2849; x_wconf 88' lang='lat' dir='ltr'><strong>nulli</strong></span> <span class='ocrx_word' id='word_1_194' title='bbox 957 2793 1173 2848; x_wconf 90' lang='lat' dir='ltr'><strong>dubium</strong></span> <span class='ocrx_word' id='word_1_195' title='bbox 1198 2793 1514 2857; x_wconf 86' lang='lat' dir='ltr'><strong>remanebit,</strong></span> <span class='ocrx_word' id='word_1_196' title='bbox 1546 2791 1872 2848; x_wconf 86' lang='lat' dir='ltr'><strong>teterrimam</strong></span> 
     </span>
    </p>
   </div>
   <div class='ocr_carea' id='block_1_27' title="bbox 273 2882 1870 2954">
    <p class='ocr_par' dir='ltr' id='par_1_27' title="bbox 273 2882 1870 2954">
     <span class='ocr_line' id='line_1_27' title="bbox 273 2882 1870 2954; baseline -0.003 -12"><span class='ocrx_word' id='word_1_197' title='bbox 273 2900 401 2942; x_wconf 85' lang='lat' dir='ltr'><strong>eam</strong></span> <span class='ocrx_word' id='word_1_198' title='bbox 440 2884 682 2951; x_wconf 75' lang='lat' dir='ltr'><strong>deliniri,</strong></span> <span class='ocrx_word' id='word_1_199' title='bbox 712 2884 797 2938; x_wconf 91' lang='lat' dir='ltr'><strong>cui</strong></span> <span class='ocrx_word' id='word_1_200' title='bbox 829 2883 1026 2954; x_wconf 87' lang='lat' dir='ltr'><strong>pejoris</strong></span> <span class='ocrx_word' id='word_1_201' title='bbox 1056 2882 1223 2953; x_wconf 92' lang='lat' dir='ltr'><strong>partis</strong></span> <span class='ocrx_word' id='word_1_202' title='bbox 1252 2885 1503 2939; x_wconf 88' lang='lat' dir='ltr'><strong>violentia</strong></span> <span class='ocrx_word' id='word_1_203' title='bbox 1530 2884 1641 2939; x_wconf 90' lang='lat' dir='ltr'><strong>sola</strong></span> <span class='ocrx_word' id='word_1_204' title='bbox 1670 2884 1870 2940; x_wconf 85' lang='lat' dir='ltr'><strong>tribua-</strong></span> 
     </span>
    </p>
   </div>
   <div class='ocr_carea' id='block_1_28' title="bbox 278 2972 1869 3046">
    <p class='ocr_par' dir='ltr' id='par_1_28' title="bbox 278 2972 1869 3046">
     <span class='ocr_line' id='line_1_28' title="bbox 278 2972 1869 3046; baseline -0.001 -15"><span class='ocrx_word' id='word_1_205' title='bbox 278 2985 404 3044; x_wconf 89' lang='lat' dir='ltr'><strong>tur;</strong></span> <span class='ocrx_word' id='word_1_206' title='bbox 438 2975 798 3046; x_wconf 87' lang='lat' dir='ltr'><strong>probaturque</strong></span> <span class='ocrx_word' id='word_1_207' title='bbox 824 2972 995 3028; x_wconf 85' lang='lat' dir='ltr'><strong>Adam</strong></span> <span class='ocrx_word' id='word_1_208' title='bbox 1025 2988 1235 3044; x_wconf 87' lang='lat' dir='ltr'><strong>quoque</strong></span> <span class='ocrx_word' id='word_1_209' title='bbox 1261 2974 1416 3029; x_wconf 79' lang='lat' dir='ltr'><strong>make</strong></span> <span class='ocrx_word' id='word_1_210' title='bbox 1444 2974 1606 3030; x_wconf 91' lang='lat' dir='ltr'><strong>fuisse</strong></span> <span class='ocrx_word' id='word_1_211' title='bbox 1633 2985 1869 3043; x_wconf 73' lang='lat' dir='ltr'><strong>natum;</strong></span> 
     </span>
    </p>
   </div>
   <div class='ocr_carea' id='block_1_29' title="bbox 273 3065 1868 3136">
    <p class='ocr_par' dir='ltr' id='par_1_29' title="bbox 273 3065 1868 3136">
     <span class='ocr_line' id='line_1_29' title="bbox 273 3065 1868 3136; baseline -0.003 -12"><span class='ocrx_word' id='word_1_212' title='bbox 273 3078 335 3124; x_wconf 90' lang='lat' dir='ltr'><strong>et</strong></span> <span class='ocrx_word' id='word_1_213' title='bbox 367 3068 563 3123; x_wconf 89' lang='lat' dir='ltr'><strong>nullius</strong></span> <span class='ocrx_word' id='word_1_214' title='bbox 593 3065 891 3123; x_wconf 84' lang='lat' dir='ltr'><strong>remanebit</strong></span> <span class='ocrx_word' id='word_1_215' title='bbox 918 3065 1236 3129; x_wconf 88' lang='lat' dir='ltr'><strong>voluntarii,</strong></span> <span class='ocrx_word' id='word_1_216' title='bbox 1280 3067 1379 3121; x_wconf 90' lang='lat' dir='ltr'><strong>sub</strong></span> <span class='ocrx_word' id='word_1_217' title='bbox 1420 3081 1523 3136; x_wconf 86' lang='lat' dir='ltr'><strong>qua</strong></span> <span class='ocrx_word' id='word_1_218' title='bbox 1565 3066 1868 3133; x_wconf 87' lang='lat' dir='ltr'><strong>delitescas,</strong></span> 
     </span>
    </p>
   </div>
   <div class='ocr_carea' id='block_1_30' title="bbox 274 3140 1870 3228">
    <p class='ocr_par' dir='ltr' id='par_1_30' title="bbox 274 3140 1870 3228">
     <span class='ocr_line' id='line_1_30' title="bbox 274 3140 1870 3228; baseline -0.001 -13"><span class='ocrx_word' id='word_1_219' title='bbox 274 3157 472 3215; x_wconf 74' lang='lat' dir='ltr'><strong>umbra</strong></span> <span class='ocrx_word' id='word_1_220' title='bbox 495 3157 790 3214; x_wconf 86' lang='lat' dir='ltr'><strong>commissi.</strong></span> <span class='ocrx_word' id='word_1_221' title='bbox 817 3156 910 3214; x_wconf 89' lang='lat' dir='ltr'><strong>Sin</strong></span> <span class='ocrx_word' id='word_1_222' title='bbox 935 3164 1113 3212; x_wconf 87' lang='lat' dir='ltr'><strong>autem</strong></span> <span class='ocrx_word' id='word_1_223' title='bbox 1140 3157 1456 3228; x_wconf 81' lang='lat' dir='ltr'><strong>profitearis,</strong></span> <span class='ocrx_word' id='word_1_224' title='bbox 1484 3140 1646 3213; x_wconf 83' lang='lat' dir='ltr'><strong>etiam</strong></span> <span class='ocrx_word' id='word_1_225' title='bbox 1672 3159 1724 3213; x_wconf 90' lang='lat' dir='ltr'><strong>in</strong></span> <span class='ocrx_word' id='word_1_226' title='bbox 1746 3156 1870 3214; x_wconf 91' lang='lat' dir='ltr'><strong>boni</strong></span> 
     </span>
    </p>
   </div>
   <div class='ocr_carea' id='block_1_31' title="bbox 276 3249 1874 3322">
    <p class='ocr_par' dir='ltr' id='par_1_31' title="bbox 276 3249 1874 3322">
     <span class='ocr_line' id='line_1_31' title="bbox 276 3249 1874 3322; baseline 0.001 -17"><span class='ocrx_word' id='word_1_227' title='bbox 276 3259 435 3322; x_wconf 85' lang='lat' dir='ltr'><strong>parte</strong></span> <span class='ocrx_word' id='word_1_228' title='bbox 464 3249 606 3307; x_wconf 91' lang='lat' dir='ltr'><strong>idem</strong></span> <span class='ocrx_word' id='word_1_229' title='bbox 638 3249 799 3307; x_wconf 89' lang='lat' dir='ltr'><strong>fuisse</strong></span> <span class='ocrx_word' id='word_1_230' title='bbox 824 3258 1151 3317; x_wconf 91' lang='lat' dir='ltr'><strong>secuturum,</strong></span> <span class='ocrx_word' id='word_1_231' title='bbox 1184 3249 1237 3305; x_wconf 90' lang='lat' dir='ltr'><strong>id</strong></span> <span class='ocrx_word' id='word_1_232' title='bbox 1263 3258 1366 3318; x_wconf 93' lang='lat' dir='ltr'><strong>est,</strong></span> <span class='ocrx_word' id='word_1_233' title='bbox 1399 3257 1455 3305; x_wconf 94' lang='lat' dir='ltr'><strong>ut</strong></span> <span class='ocrx_word' id='word_1_234' title='bbox 1481 3250 1525 3304; x_wconf 88' lang='lat' dir='ltr'><strong>si</strong></span> <span class='ocrx_word' id='word_1_235' title='bbox 1551 3249 1747 3306; x_wconf 92' lang='lat' dir='ltr'><strong>bonum</strong></span> <span class='ocrx_word' id='word_1_236' title='bbox 1771 3266 1874 3307; x_wconf 82' lang='lat' dir='ltr'><strong>vo-</strong></span> 
     </span>
    </p>
   </div>
   <div class='ocr_carea' id='block_1_32' title="bbox 275 3342 1873 3417">
    <p class='ocr_par' dir='ltr' id='par_1_32' title="bbox 275 3342 1873 3417">
     <span class='ocr_line' id='line_1_32' title="bbox 275 3342 1873 3417; baseline 0.001 -18"><span class='ocrx_word' id='word_1_237' title='bbox 275 3343 488 3409; x_wconf 64' lang='lat' dir='ltr'><strong>fuisset,</strong></span> <span class='ocrx_word' id='word_1_238' title='bbox 516 3343 737 3400; x_wconf 90' lang='lat' dir='ltr'><strong>ulterius</strong></span> <span class='ocrx_word' id='word_1_239' title='bbox 761 3358 982 3415; x_wconf 87' lang='lat' dir='ltr'><strong>peccare</strong></span> <span class='ocrx_word' id='word_1_240' title='bbox 1008 3358 1115 3399; x_wconf 93' lang='lat' dir='ltr'><strong>non</strong></span> <span class='ocrx_word' id='word_1_241' title='bbox 1143 3354 1320 3415; x_wconf 86' lang='lat' dir='ltr'><strong>posset</strong></span> <span class='ocrx_word' id='word_1_242' title='bbox 1348 3362 1361 3399; x_wconf 91' lang='lat'>:</span> <span class='ocrx_word' id='word_1_243' title='bbox 1390 3344 1585 3413; x_wconf 91' lang='lat' dir='ltr'><strong>refero,</strong></span> <span class='ocrx_word' id='word_1_244' title='bbox 1612 3342 1721 3398; x_wconf 89' lang='lat' dir='ltr'><strong>Cur</strong></span> <span class='ocrx_word' id='word_1_245' title='bbox 1746 3359 1873 3417; x_wconf 84' lang='lat' dir='ltr'><strong>ergo</strong></span> 
     </span>
    </p>
   </div>
   <div class='ocr_carea' id='block_1_33' title="bbox 276 3434 1871 3508">
    <p class='ocr_par' dir='ltr' id='par_1_33' title="bbox 276 3434 1871 3508">
     <span class='ocr_line' id='line_1_33' title="bbox 276 3434 1871 3508; baseline 0.001 -18"><span class='ocrx_word' id='word_1_246' title='bbox 276 3434 563 3508; x_wconf 83' lang='lat' dir='ltr'><strong>peccavit?</strong></span> <span class='ocrx_word' id='word_1_247' title='bbox 589 3434 699 3489; x_wconf 92' lang='lat' dir='ltr'><strong>Cur</strong></span> <span class='ocrx_word' id='word_1_248' title='bbox 726 3434 925 3489; x_wconf 89' lang='lat' dir='ltr'><strong>nullam</strong></span> <span class='ocrx_word' id='word_1_249' title='bbox 966 3450 1155 3505; x_wconf 82' lang='lat' dir='ltr'><strong>passus</strong></span> <span class='ocrx_word' id='word_1_250' title='bbox 1191 3442 1274 3490; x_wconf 89' lang='lat' dir='ltr'><strong>est</strong></span> <span class='ocrx_word' id='word_1_251' title='bbox 1311 3434 1436 3490; x_wconf 88' lang='lat' dir='ltr'><strong>boni</strong></span> <span class='ocrx_word' id='word_1_252' title='bbox 1479 3436 1871 3502; x_wconf 79' lang='lat' dir='ltr'><strong>necessitatem,</strong></span> 
     </span>
    </p>
   </div>
   <div class='ocr_carea' id='block_1_34' title="bbox 276 3525 1874 3605">
    <p class='ocr_par' dir='ltr' id='par_1_34' title="bbox 276 3525 1874 3605">
     <span class='ocr_line' id='line_1_34' title="bbox 276 3525 1874 3605; baseline 0.003 -27"><span class='ocrx_word' id='word_1_253' title='bbox 276 3537 337 3582; x_wconf 88' lang='lat' dir='ltr'><strong>ut</strong></span> <span class='ocrx_word' id='word_1_254' title='bbox 363 3525 569 3581; x_wconf 90' lang='lat' dir='ltr'><strong>insidiis</strong></span> <span class='ocrx_word' id='word_1_255' title='bbox 590 3525 786 3581; x_wconf 90' lang='lat' dir='ltr'><strong>diaboli</strong></span> <span class='ocrx_word' id='word_1_256' title='bbox 811 3526 1230 3595; x_wconf 87' lang='lat' dir='ltr'><strong>impenetrabilis</strong></span> <span class='ocrx_word' id='word_1_257' title='bbox 1253 3535 1554 3599; x_wconf 84' lang='lat' dir='ltr'><strong>appareret,</strong></span> <span class='ocrx_word' id='word_1_258' title='bbox 1581 3527 1671 3603; x_wconf 88' lang='lat' dir='ltr'><strong>qui</strong></span> <span class='ocrx_word' id='word_1_259' title='bbox 1698 3528 1874 3605; x_wconf 88' lang='lat' dir='ltr'><strong>aliquo</strong></span> 
     </span>
    </p>
   </div>
   <div class='ocr_carea' id='block_1_35' title="bbox 277 3618 1874 3689">
    <p class='ocr_par' dir='ltr' id='par_1_35' title="bbox 277 3618 1874 3689">
     <span class='ocr_line' id='line_1_35' title="bbox 277 3618 1874 3689; baseline 0.002 -16"><span class='ocrx_word' id='word_1_260' title='bbox 277 3626 559 3689; x_wconf 82' lang='lat' dir='ltr'><strong>tempore,</strong></span> <span class='ocrx_word' id='word_1_261' title='bbox 609 3618 913 3688; x_wconf 82' lang='lat' dir='ltr'><strong>priusquam</strong></span> <span class='ocrx_word' id='word_1_262' title='bbox 960 3627 1238 3688; x_wconf 85' lang='lat' dir='ltr'><strong>peccaret,</strong></span> <span class='ocrx_word' id='word_1_263' title='bbox 1281 3620 1443 3679; x_wconf 76' lang='lat' dir='ltr'><strong>fuisse</strong></span> <span class='ocrx_word' id='word_1_264' title='bbox 1479 3618 1735 3675; x_wconf 91' lang='lat' dir='ltr'><strong>obcdiens</strong></span> <span class='ocrx_word' id='word_1_265' title='bbox 1764 3619 1874 3676; x_wconf 90' lang='lat' dir='ltr'><strong>Deo</strong></span> 
     </span>
    </p>
   </div>
   <div class='ocr_carea' id='block_1_36' title="bbox 276 3707 1874 3781">
    <p class='ocr_par' dir='ltr' id='par_1_36' title="bbox 276 3707 1874 3781">
     <span class='ocr_line' id='line_1_36' title="bbox 276 3707 1874 3781; baseline -0.001 -16"><span class='ocrx_word' id='word_1_266' title='bbox 276 3709 588 3765; x_wconf 78' lang='lat' dir='ltr'><strong>invenitur?</strong></span> <span class='ocrx_word' id='word_1_267' title='bbox 629 3707 814 3779; x_wconf 88' lang='lat' dir='ltr'><strong>Neque</strong></span> <span class='ocrx_word' id='word_1_268' title='bbox 857 3710 999 3765; x_wconf 89' lang='lat' dir='ltr'><strong>enim</strong></span> <span class='ocrx_word' id='word_1_269' title='bbox 1050 3709 1195 3765; x_wconf 78' lang='lat' dir='ltr'><strong>illico</strong></span> <span class='ocrx_word' id='word_1_270' title='bbox 1235 3710 1376 3781; x_wconf 86' lang='lat' dir='ltr'><strong>quod</strong></span> <span class='ocrx_word' id='word_1_271' title='bbox 1416 3709 1657 3780; x_wconf 83' lang='lat' dir='ltr'><strong>ingressu</strong></span> <span class='ocrx_word' id='word_1_272' title='bbox 1684 3711 1874 3765; x_wconf 71' lang='lat' dir='ltr'><strong>anima:</strong></span> 
     </span>
    </p>
   </div>
   <div class='ocr_carea' id='block_1_37' title="bbox 277 3799 1874 3870">
    <p class='ocr_par' dir='ltr' id='par_1_37' title="bbox 277 3799 1874 3870">
     <span class='ocr_line' id='line_1_37' title="bbox 277 3799 1874 3870; baseline 0.002 -15"><span class='ocrx_word' id='word_1_273' title='bbox 277 3799 443 3855; x_wconf 87' lang='lat' dir='ltr'><strong>limus</strong></span> <span class='ocrx_word' id='word_1_274' title='bbox 470 3799 728 3870; x_wconf 85' lang='lat' dir='ltr'><strong>intepuit,</strong></span> <span class='ocrx_word' id='word_1_275' title='bbox 758 3801 810 3854; x_wconf 90' lang='lat' dir='ltr'><strong>in</strong></span> <span class='ocrx_word' id='word_1_276' title='bbox 841 3800 1132 3870; x_wconf 85' lang='lat' dir='ltr'><strong>appetitum</strong></span> <span class='ocrx_word' id='word_1_277' title='bbox 1161 3800 1311 3855; x_wconf 82' lang='lat' dir='ltr'><strong>malae</strong></span> <span class='ocrx_word' id='word_1_278' title='bbox 1338 3801 1625 3856; x_wconf 82' lang='lat' dir='ltr'><strong>voluntatis</strong></span> <span class='ocrx_word' id='word_1_279' title='bbox 1655 3801 1874 3858; x_wconf 82' lang='lat' dir='ltr'><strong>exarsit.</strong></span> 
     </span>
    </p>
   </div>
   <div class='ocr_carea' id='block_1_38' title="bbox 276 3889 1875 3964">
    <p class='ocr_par' dir='ltr' id='par_1_38' title="bbox 276 3889 1875 3964">
     <span class='ocr_line' id='line_1_38' title="bbox 276 3889 1875 3964; baseline 0.002 -18"><span class='ocrx_word' id='word_1_280' title='bbox 276 3889 502 3961; x_wconf 81' lang='lat' dir='ltr'><strong>Legitur</strong></span> <span class='ocrx_word' id='word_1_281' title='bbox 530 3890 802 3961; x_wconf 85' lang='lat' dir='ltr'><strong>quinimo.,</strong></span> <span class='ocrx_word' id='word_1_282' title='bbox 830 3891 907 3946; x_wconf 78' lang='lat' dir='ltr'><strong>ad</strong></span> <span class='ocrx_word' id='word_1_283' title='bbox 926 3891 1186 3947; x_wconf 85' lang='lat' dir='ltr'><strong>culturam</strong></span> <span class='ocrx_word' id='word_1_284' title='bbox 1215 3890 1446 3961; x_wconf 84' lang='lat' dir='ltr'><strong>paradisi</strong></span> <span class='ocrx_word' id='word_1_285' title='bbox 1474 3892 1875 3964; x_wconf 80' lang='lat' dir='ltr'><strong>custodiamque</strong></span> 
     </span>
    </p>
   </div>
   <div class='ocr_carea' id='block_1_39' title="bbox 277 3984 1876 4056">
    <p class='ocr_par' dir='ltr' id='par_1_39' title="bbox 277 3984 1876 4056">
     <span class='ocr_line' id='line_1_39' title="bbox 277 3984 1876 4056; baseline 0.001 -18"><span class='ocrx_word' id='word_1_286' title='bbox 277 3984 577 4038; x_wconf 88' lang='lat' dir='ltr'><strong>translatus</strong></span> <span class='ocrx_word' id='word_1_287' title='bbox 620 3984 889 4055; x_wconf 84' lang='lat' dir='ltr'><strong>accepisse</strong></span> <span class='ocrx_word' id='word_1_288' title='bbox 927 3994 1250 4056; x_wconf 85' lang='lat' dir='ltr'><strong>praeceptum</strong></span> <span class='ocrx_word' id='word_1_289' title='bbox 1281 3999 1311 4038; x_wconf 94' lang='lat' dir='ltr'><strong>a</strong></span> <span class='ocrx_word' id='word_1_290' title='bbox 1341 3985 1484 4052; x_wconf 88' lang='lat' dir='ltr'><strong>Deo,</strong></span> <span class='ocrx_word' id='word_1_291' title='bbox 1533 3993 1589 4039; x_wconf 91' lang='lat' dir='ltr'><strong>ut</strong></span> <span class='ocrx_word' id='word_1_292' title='bbox 1618 3986 1876 4041; x_wconf 82' lang='lat' dir='ltr'><strong>universis</strong></span> 
     </span>
    </p>
   </div>
   <div class='ocr_carea' id='block_1_40' title="bbox 277 4075 1874 4147">
    <p class='ocr_par' dir='ltr' id='par_1_40' title="bbox 277 4075 1874 4147">
     <span class='ocr_line' id='line_1_40' title="bbox 277 4075 1874 4147; baseline -0.001 -15"><span class='ocrx_word' id='word_1_293' title='bbox 277 4075 547 4132; x_wconf 83' lang='lat' dir='ltr'><strong>fructibus</strong></span> <span class='ocrx_word' id='word_1_294' title='bbox 571 4086 897 4144; x_wconf 89' lang='lat' dir='ltr'><strong>vcsceretur,</strong></span> <span class='ocrx_word' id='word_1_295' title='bbox 922 4076 1015 4132; x_wconf 90' lang='lat' dir='ltr'><strong>sed</strong></span> <span class='ocrx_word' id='word_1_296' title='bbox 1040 4091 1070 4130; x_wconf 91' lang='lat' dir='ltr'><strong>a</strong></span> <span class='ocrx_word' id='word_1_297' title='bbox 1095 4077 1248 4147; x_wconf 84' lang='lat' dir='ltr'><strong>ligno.</strong></span> <span class='ocrx_word' id='word_1_298' title='bbox 1262 4077 1499 4133; x_wconf 67' lang='lat' dir='ltr'><strong>scientia:</strong></span> <span class='ocrx_word' id='word_1_299' title='bbox 1530 4076 1653 4132; x_wconf 91' lang='lat' dir='ltr'><strong>boui</strong></span> <span class='ocrx_word' id='word_1_300' title='bbox 1681 4087 1733 4132; x_wconf 91' lang='lat' dir='ltr'><strong>et</strong></span> <span class='ocrx_word' id='word_1_301' title='bbox 1760 4093 1874 4131; x_wconf 83' lang='lat' dir='ltr'><strong>ma-</strong></span> 
     </span>
    </p>
   </div>
   <div class='ocr_carea' id='block_1_41' title="bbox 278 4169 1876 4242">
    <p class='ocr_par' dir='ltr' id='par_1_41' title="bbox 278 4169 1876 4242">
     <span class='ocr_line' id='line_1_41' title="bbox 278 4169 1876 4242; baseline 0.002 -17"><span class='ocrx_word' id='word_1_302' title='bbox 278 4169 346 4235; x_wconf 92' lang='lat' dir='ltr'><strong>li,</strong></span> <span class='ocrx_word' id='word_1_303' title='bbox 379 4169 526 4225; x_wconf 85' lang='lat' dir='ltr'><strong>dicto</strong></span> <span class='ocrx_word' id='word_1_304' title='bbox 555 4170 776 4226; x_wconf 88' lang='lat' dir='ltr'><strong>audiens</strong></span> <span class='ocrx_word' id='word_1_305' title='bbox 800 4169 1112 4225; x_wconf 89' lang='lat' dir='ltr'><strong>abstineret.</strong></span> <span class='ocrx_word' id='word_1_306' title='bbox 1136 4172 1435 4240; x_wconf 84' lang='lat' dir='ltr'><strong>Antequam</strong></span> <span class='ocrx_word' id='word_1_307' title='bbox 1464 4186 1592 4242; x_wconf 89' lang='lat' dir='ltr'><strong>ergo</strong></span> <span class='ocrx_word' id='word_1_308' title='bbox 1617 4171 1684 4227; x_wconf 87' lang='lat' dir='ltr'><strong>de</strong></span> <span class='ocrx_word' id='word_1_309' title='bbox 1709 4172 1876 4228; x_wconf 82' lang='lat' dir='ltr'><strong>latere</strong></span> 
     </span>
    </p>
   </div>
   <div class='ocr_carea' id='block_1_42' title="bbox 278 4261 1875 4342">
    <p class='ocr_par' dir='ltr' id='par_1_42' title="bbox 278 4261 1875 4342">
     <span class='ocr_line' id='line_1_42' title="bbox 278 4261 1875 4342; baseline 0.002 -27"><span class='ocrx_word' id='word_1_310' title='bbox 278 4262 401 4342; x_wconf 76' lang='lat' dir='ltr'><strong>ejus</strong></span> <span class='ocrx_word' id='word_1_311' title='bbox 443 4278 638 4332; x_wconf 88' lang='lat' dir='ltr'><strong>corpus</strong></span> <span class='ocrx_word' id='word_1_312' title='bbox 675 4261 993 4317; x_wconf 74' lang='lat' dir='ltr'><strong>{armaretur</strong></span> <span class='ocrx_word' id='word_1_313' title='bbox 1022 4263 1202 4317; x_wconf 78' lang='lat' dir='ltr'><strong>uxoris</strong></span> <span class='ocrx_word' id='word_1_314' title='bbox 1222 4305 1235 4326; x_wconf 92' lang='lat'><strong>,</strong></span> <span class='ocrx_word' id='word_1_315' title='bbox 1268 4262 1523 4319; x_wconf 87' lang='lat' dir='ltr'><strong>obcdiens</strong></span> <span class='ocrx_word' id='word_1_316' title='bbox 1551 4265 1746 4319; x_wconf 88' lang='lat' dir='ltr'><strong>mansit</strong></span> <span class='ocrx_word' id='word_1_317' title='bbox 1774 4265 1875 4319; x_wconf 83' lang='lat' dir='ltr'><strong>im-</strong></span> 
     </span>
    </p>
   </div>
   <div class='ocr_carea' id='block_1_43' title="bbox 276 4354 1872 4436">
    <p class='ocr_par' dir='ltr' id='par_1_43' title="bbox 276 4354 1872 4436">
     <span class='ocr_line' id='line_1_43' title="bbox 276 4354 1872 4436; baseline -0.003 -25"><span class='ocrx_word' id='word_1_318' title='bbox 276 4357 455 4436; x_wconf 76' lang='lat' dir='ltr'><strong>perio,</strong></span> <span class='ocrx_word' id='word_1_319' title='bbox 482 4355 678 4412; x_wconf 68' lang='lat' dir='ltr'><strong>amoeni</strong></span> <span class='ocrx_word' id='word_1_320' title='bbox 706 4355 846 4410; x_wconf 91' lang='lat' dir='ltr'><strong>ruris</strong></span> <span class='ocrx_word' id='word_1_321' title='bbox 873 4356 1044 4413; x_wconf 86' lang='lat' dir='ltr'><strong>cultor</strong></span> <span class='ocrx_word' id='word_1_322' title='bbox 1066 4354 1086 4386; x_wconf 88' lang='grc'>³</span> <span class='ocrx_word' id='word_1_323' title='bbox 1119 4355 1378 4411; x_wconf 90' lang='lat' dir='ltr'><strong>innocuus</strong></span> <span class='ocrx_word' id='word_1_324' title='bbox 1405 4373 1419 4411; x_wconf 89' lang='lat'><strong>:</strong></span> <span class='ocrx_word' id='word_1_325' title='bbox 1450 4364 1569 4427; x_wconf 91' lang='lat' dir='ltr'><strong>post</strong></span> <span class='ocrx_word' id='word_1_326' title='bbox 1597 4356 1701 4411; x_wconf 87' lang='lat' dir='ltr'><strong>hoc</strong></span> <span class='ocrx_word' id='word_1_327' title='bbox 1726 4372 1872 4423; x_wconf 84' lang='lat' dir='ltr'><strong>vero,</strong></span> 
     </span>
    </p>
   </div>
   <div class='ocr_carea' id='block_1_44' title="bbox 278 4447 1880 4520">
    <p class='ocr_par' dir='ltr' id='par_1_44' title="bbox 278 4447 1880 4520">
     <span class='ocr_line' id='line_1_44' title="bbox 278 4447 1880 4520; baseline 0.001 -17"><span class='ocrx_word' id='word_1_328' title='bbox 278 4449 611 4520; x_wconf 88' lang='lat' dir='ltr'><strong>adjutorium</strong></span> <span class='ocrx_word' id='word_1_329' title='bbox 652 4447 843 4511; x_wconf 87' lang='lat' dir='ltr'><strong>similis</strong></span> <span class='ocrx_word' id='word_1_330' title='bbox 880 4447 982 4503; x_wconf 89' lang='lat' dir='ltr'><strong>sibi</strong></span> <span class='ocrx_word' id='word_1_331' title='bbox 1020 4447 1284 4503; x_wconf 79' lang='lat' dir='ltr'><strong>conSnrtis</strong></span> <span class='ocrx_word' id='word_1_332' title='bbox 1313 4449 1560 4504; x_wconf 89' lang='lat' dir='ltr'><strong>emeruit.</strong></span> <span class='ocrx_word' id='word_1_333' title='bbox 1592 4448 1880 4504; x_wconf 82' lang='lat' dir='ltr'><strong>inculcavit</strong></span> 
     </span>
    </p>
   </div>
   <div class='ocr_carea' id='block_1_45' title="bbox 280 4540 1875 4613">
    <p class='ocr_par' dir='ltr' id='par_1_45' title="bbox 280 4540 1875 4613">
     <span class='ocr_line' id='line_1_45' title="bbox 280 4540 1875 4613; baseline -0.001 -15"><span class='ocrx_word' id='word_1_334' title='bbox 280 4552 484 4613; x_wconf 87' lang='lat' dir='ltr'><strong>nempe</strong></span> <span class='ocrx_word' id='word_1_335' title='bbox 521 4540 621 4597; x_wconf 89' lang='lat' dir='ltr'><strong>has</strong></span> <span class='ocrx_word' id='word_1_336' title='bbox 660 4540 1027 4596; x_wconf 89' lang='lat' dir='ltr'><strong>distinctiones</strong></span> <span class='ocrx_word' id='word_1_337' title='bbox 1067 4548 1366 4609; x_wconf 91' lang='lat' dir='ltr'><strong>temporum</strong></span> <span class='ocrx_word' id='word_1_338' title='bbox 1397 4540 1686 4612; x_wconf 74' lang='lat' dir='ltr'><strong>Scriptum</strong></span> <span class='ocrx_word' id='word_1_339' title='bbox 1724 4541 1875 4597; x_wconf 85' lang='lat' dir='ltr'><strong>ﬁdes.</strong></span> 
     </span>
    </p>
   </div>
   <div class='ocr_carea' id='block_1_46' title="bbox 281 4628 1877 4705">
    <p class='ocr_par' dir='ltr' id='par_1_46' title="bbox 281 4628 1877 4705">
     <span class='ocr_line' id='line_1_46' title="bbox 281 4628 1877 4705; baseline -0.001 -16"><span class='ocrx_word' id='word_1_340' title='bbox 281 4632 576 4705; x_wconf 83' lang='lat' dir='ltr'><strong>Postquam</strong></span> <span class='ocrx_word' id='word_1_341' title='bbox 613 4646 741 4693; x_wconf 81' lang='lat' dir='ltr'><strong>vero</strong></span> <span class='ocrx_word' id='word_1_342' title='bbox 774 4631 882 4702; x_wconf 91' lang='lat' dir='ltr'><strong>jam</strong></span> <span class='ocrx_word' id='word_1_343' title='bbox 922 4630 1021 4686; x_wconf 88' lang='lat' dir='ltr'><strong>sibi</strong></span> <span class='ocrx_word' id='word_1_344' title='bbox 1060 4630 1337 4686; x_wconf 90' lang='lat' dir='ltr'><strong>mulierem</strong></span> <span class='ocrx_word' id='word_1_345' title='bbox 1363 4628 1496 4685; x_wconf 88' lang='lat' dir='ltr'><strong>vidit</strong></span> <span class='ocrx_word' id='word_1_346' title='bbox 1519 4639 1757 4702; x_wconf 87' lang='lat' dir='ltr'><strong>paratam</strong></span> <span class='ocrx_word' id='word_1_347' title='bbox 1778 4673 1793 4699; x_wconf 91' lang='lat'><strong>,</strong></span> <span class='ocrx_word' id='word_1_348' title='bbox 1824 4632 1877 4687; x_wconf 91' lang='lat' dir='ltr'><strong>in</strong></span> 
     </span>
    </p>
   </div>
   <div class='ocr_carea' id='block_1_47' title="bbox 283 4712 1880 4796">
    <p class='ocr_par' dir='ltr' id='par_1_47' title="bbox 283 4712 1880 4796">
     <span class='ocr_line' id='line_1_47' title="bbox 283 4712 1880 4796; baseline -0.003 -13"><span class='ocrx_word' id='word_1_349' title='bbox 283 4712 495 4783; x_wconf 82' lang='lat' dir='ltr'><strong>tantum</strong></span> <span class='ocrx_word' id='word_1_350' title='bbox 531 4734 801 4796; x_wconf 62' lang='lat' dir='ltr'><strong>praecepto</strong></span> <span class='ocrx_word' id='word_1_351' title='bbox 830 4723 925 4779; x_wconf 86' lang='lat' dir='ltr'><strong>Dei</strong></span> <span class='ocrx_word' id='word_1_352' title='bbox 963 4722 1152 4779; x_wconf 78' lang='lat' dir='ltr'><strong>sedulo</strong></span> <span class='ocrx_word' id='word_1_353' title='bbox 1189 4720 1544 4778; x_wconf 88' lang='lat' dir='ltr'><strong>famulabatur</strong></span> <span class='ocrx_word' id='word_1_354' title='bbox 1579 4721 1790 4791; x_wconf 83' lang='lat' dir='ltr'><strong>ofﬁcio,</strong></span> <span class='ocrx_word' id='word_1_355' title='bbox 1822 4734 1880 4779; x_wconf 91' lang='lat' dir='ltr'><strong>ut</strong></span> 
     </span>
    </p>
   </div>
   <div class='ocr_carea' id='block_1_48' title="bbox 282 4802 1878 4890">
    <p class='ocr_par' dir='ltr' id='par_1_48' title="bbox 282 4802 1878 4890">
     <span class='ocr_line' id='line_1_48' title="bbox 282 4802 1878 4890; baseline -0.003 -14"><span class='ocrx_word' id='word_1_356' title='bbox 282 4821 449 4887; x_wconf 85' lang='lat' dir='ltr'><strong>etiam</strong></span> <span class='ocrx_word' id='word_1_357' title='bbox 479 4802 689 4885; x_wconf 65' lang='lat' dir='ltr'><strong>feminae</strong></span> <span class='ocrx_word' id='word_1_358' title='bbox 714 4819 904 4890; x_wconf 88' lang='lat' dir='ltr'><strong>legem,</strong></span> <span class='ocrx_word' id='word_1_359' title='bbox 935 4831 1092 4887; x_wconf 90' lang='lat' dir='ltr'><strong>quam</strong></span> <span class='ocrx_word' id='word_1_360' title='bbox 1122 4827 1423 4887; x_wconf 88' lang='lat' dir='ltr'><strong>acceperat,</strong></span> <span class='ocrx_word' id='word_1_361' title='bbox 1448 4817 1735 4873; x_wconf 87' lang='lat' dir='ltr'><strong>intimaret.</strong></span> <span class='ocrx_word' id='word_1_362' title='bbox 1763 4818 1878 4874; x_wconf 83' lang='lat' dir='ltr'><strong>Non</strong></span> 
     </span>
    </p>
   </div>
   <div class='ocr_carea' id='block_1_49' title="bbox 283 4908 1878 4983">
    <p class='ocr_par' dir='ltr' id='par_1_49' title="bbox 283 4908 1878 4983">
     <span class='ocr_line' id='line_1_49' title="bbox 283 4908 1878 4983; baseline -0.004 -12"><span class='ocrx_word' id='word_1_363' title='bbox 283 4914 465 4971; x_wconf 84' lang='lat' dir='ltr'><strong>solum</strong></span> <span class='ocrx_word' id='word_1_364' title='bbox 495 4911 657 4983; x_wconf 88' lang='lat' dir='ltr'><strong>igitur</strong></span> <span class='ocrx_word' id='word_1_365' title='bbox 681 4922 862 4969; x_wconf 91' lang='lat' dir='ltr'><strong>custos</strong></span> <span class='ocrx_word' id='word_1_366' title='bbox 887 4909 1087 4977; x_wconf 90' lang='lat' dir='ltr'><strong>divini,</strong></span> <span class='ocrx_word' id='word_1_367' title='bbox 1122 4908 1216 4965; x_wconf 92' lang='lat' dir='ltr'><strong>sed</strong></span> <span class='ocrx_word' id='word_1_368' title='bbox 1245 4909 1404 4965; x_wconf 90' lang='lat' dir='ltr'><strong>etiam</strong></span> <span class='ocrx_word' id='word_1_369' title='bbox 1436 4909 1749 4981; x_wconf 74' lang='lat' dir='ltr'><strong>praedicator</strong></span> <span class='ocrx_word' id='word_1_370' title='bbox 1776 4910 1878 4965; x_wconf 87' lang='lat' dir='ltr'><strong>im-</strong></span> 
     </span>
    </p>
   </div>
   <div class='ocr_carea' id='block_1_50' title="bbox 285 4999 1877 5074">
    <p class='ocr_par' dir='ltr' id='par_1_50' title="bbox 285 4999 1877 5074">
     <span class='ocr_line' id='line_1_50' title="bbox 285 4999 1877 5074; baseline -0.001 -15"><span class='ocrx_word' id='word_1_371' title='bbox 285 5002 445 5074; x_wconf 75' lang='lat' dir='ltr'><strong>perii,</strong></span> <span class='ocrx_word' id='word_1_372' title='bbox 473 5001 833 5059; x_wconf 88' lang='lat' dir='ltr'><strong>condocefecit</strong></span> <span class='ocrx_word' id='word_1_373' title='bbox 861 5002 1026 5058; x_wconf 86' lang='lat' dir='ltr'><strong>Evam</strong></span> <span class='ocrx_word' id='word_1_374' title='bbox 1050 5009 1107 5057; x_wconf 91' lang='lat' dir='ltr'><strong>et</strong></span> <span class='ocrx_word' id='word_1_375' title='bbox 1128 4999 1481 5057; x_wconf 89' lang='lat' dir='ltr'><strong>reverentiam</strong></span> <span class='ocrx_word' id='word_1_376' title='bbox 1503 5001 1877 5072; x_wconf 64' lang='lat' dir='ltr'><strong>praecipientis,</strong></span> 
     </span>
    </p>
   </div>
   <div class='ocr_carea' id='block_1_51' title="bbox 287 5090 1883 5167">
    <p class='ocr_par' dir='ltr' id='par_1_51' title="bbox 287 5090 1883 5167">
     <span class='ocr_line' id='line_1_51' title="bbox 287 5090 1883 5167; baseline -0.004 -15"><span class='ocrx_word' id='word_1_377' title='bbox 287 5107 344 5160; x_wconf 83' lang='lat' dir='ltr'><strong>et</strong></span> <span class='ocrx_word' id='word_1_378' title='bbox 363 5110 537 5167; x_wconf 82' lang='lat' dir='ltr'><strong>genus</strong></span> <span class='ocrx_word' id='word_1_379' title='bbox 563 5093 859 5157; x_wconf 84' lang='lat' dir='ltr'><strong>servitutis,</strong></span> <span class='ocrx_word' id='word_1_380' title='bbox 891 5102 945 5149; x_wconf 89' lang='lat' dir='ltr'><strong>et</strong></span> <span class='ocrx_word' id='word_1_381' title='bbox 972 5107 1185 5148; x_wconf 88' lang='lat' dir='ltr'><strong>causam</strong></span> <span class='ocrx_word' id='word_1_382' title='bbox 1215 5091 1440 5147; x_wconf 88' lang='lat' dir='ltr'><strong>timoris.</strong></span> <span class='ocrx_word' id='word_1_383' title='bbox 1469 5090 1597 5149; x_wconf 83' lang='lat' dir='ltr'><strong>inde</strong></span> <span class='ocrx_word' id='word_1_384' title='bbox 1621 5101 1705 5148; x_wconf 90' lang='lat' dir='ltr'><strong>est</strong></span> <span class='ocrx_word' id='word_1_385' title='bbox 1729 5093 1883 5163; x_wconf 84' lang='lat' dir='ltr'><strong>quip-</strong></span> 
     </span>
    </p>
   </div>
   <div class='ocr_carea' id='block_1_52' title="bbox 284 5183 1881 5261">
    <p class='ocr_par' dir='ltr' id='par_1_52' title="bbox 284 5183 1881 5261">
     <span class='ocr_line' id='line_1_52' title="bbox 284 5183 1881 5261; baseline -0.001 -19"><span class='ocrx_word' id='word_1_386' title='bbox 284 5202 356 5261; x_wconf 90' lang='lat' dir='ltr'><strong>pe</strong></span> <span class='ocrx_word' id='word_1_387' title='bbox 384 5186 529 5259; x_wconf 89' lang='lat' dir='ltr'><strong>quod</strong></span> <span class='ocrx_word' id='word_1_388' title='bbox 558 5187 720 5244; x_wconf 88' lang='lat' dir='ltr'><strong>etiam</strong></span> <span class='ocrx_word' id='word_1_389' title='bbox 759 5186 952 5242; x_wconf 89' lang='lat' dir='ltr'><strong>mulier</strong></span> <span class='ocrx_word' id='word_1_390' title='bbox 977 5184 1346 5257; x_wconf 85' lang='lat' dir='ltr'><strong>congredienti</strong></span> <span class='ocrx_word' id='word_1_391' title='bbox 1372 5183 1587 5241; x_wconf 88' lang='lat' dir='ltr'><strong>diabolo</strong></span> <span class='ocrx_word' id='word_1_392' title='bbox 1613 5184 1881 5241; x_wconf 88' lang='lat' dir='ltr'><strong>obluctata</strong></span> 
     </span>
    </p>
   </div>
   <div class='ocr_carea' id='block_1_53' title="bbox 289 5274 1883 5348">
    <p class='ocr_par' dir='ltr' id='par_1_53' title="bbox 289 5274 1883 5348">
     <span class='ocr_line' id='line_1_53' title="bbox 289 5274 1883 5348; baseline -0.002 -13"><span class='ocrx_word' id='word_1_393' title='bbox 289 5279 542 5347; x_wconf 82' lang='lat' dir='ltr'><strong>sollicite,</strong></span> <span class='ocrx_word' id='word_1_394' title='bbox 568 5279 657 5336; x_wconf 90' lang='lat' dir='ltr'><strong>cui</strong></span> <span class='ocrx_word' id='word_1_395' title='bbox 681 5278 814 5335; x_wconf 86' lang='lat' dir='ltr'><strong>nihil</strong></span> <span class='ocrx_word' id='word_1_396' title='bbox 835 5278 975 5334; x_wconf 88' lang='lat' dir='ltr'><strong>Deus</strong></span> <span class='ocrx_word' id='word_1_397' title='bbox 999 5277 1375 5348; x_wconf 89' lang='lat' dir='ltr'><strong>imperaverat,</strong></span> <span class='ocrx_word' id='word_1_398' title='bbox 1398 5274 1594 5332; x_wconf 88' lang='lat' dir='ltr'><strong>refellit</strong></span> <span class='ocrx_word' id='word_1_399' title='bbox 1617 5276 1883 5347; x_wconf 88' lang='lat' dir='ltr'><strong>serpentis</strong></span> 
     </span>
    </p>
   </div>
   <div class='ocr_carea' id='block_1_54' title="bbox 286 5369 1881 5446">
    <p class='ocr_par' dir='ltr' id='par_1_54' title="bbox 286 5369 1881 5446">
     <span class='ocr_line' id='line_1_54' title="bbox 286 5369 1881 5446; baseline -0.003 -18"><span class='ocrx_word' id='word_1_400' title='bbox 286 5373 464 5446; x_wconf 86' lang='lat' dir='ltr'><strong>prima</strong></span> <span class='ocrx_word' id='word_1_401' title='bbox 511 5373 686 5429; x_wconf 86' lang='lat' dir='ltr'><strong>fronte</strong></span> <span class='ocrx_word' id='word_1_402' title='bbox 733 5370 1042 5436; x_wconf 90' lang='lat' dir='ltr'><strong>mendacia,</strong></span> <span class='ocrx_word' id='word_1_403' title='bbox 1086 5378 1144 5426; x_wconf 90' lang='lat' dir='ltr'><strong>et</strong></span> <span class='ocrx_word' id='word_1_404' title='bbox 1184 5369 1315 5427; x_wconf 87' lang='lat' dir='ltr'><strong>dicit</strong></span> <span class='ocrx_word' id='word_1_405' title='bbox 1355 5386 1464 5427; x_wconf 92' lang='lat' dir='ltr'><strong>non</strong></span> <span class='ocrx_word' id='word_1_406' title='bbox 1504 5369 1881 5427; x_wconf 86' lang='lat' dir='ltr'><strong>abstinentiam</strong></span> 
     </span>
    </p>
   </div>
   <div class='ocr_carea' id='block_1_55' title="bbox 285 5450 1880 5536">
    <p class='ocr_par' dir='ltr' id='par_1_55' title="bbox 285 5450 1880 5536">
     <span class='ocr_line' id='line_1_55' title="bbox 285 5450 1880 5536; baseline -0.004 -13"><span class='ocrx_word' id='word_1_407' title='bbox 285 5450 533 5524; x_wconf 76' lang='lat' dir='ltr'><strong>omnium</strong></span> <span class='ocrx_word' id='word_1_408' title='bbox 577 5464 878 5536; x_wconf 85' lang='lat' dir='ltr'><strong>lignorum,</strong></span> <span class='ocrx_word' id='word_1_409' title='bbox 923 5462 1063 5517; x_wconf 91' lang='lat' dir='ltr'><strong>sicut</strong></span> <span class='ocrx_word' id='word_1_410' title='bbox 1105 5461 1196 5518; x_wconf 92' lang='lat' dir='ltr'><strong>ille</strong></span> <span class='ocrx_word' id='word_1_411' title='bbox 1235 5462 1603 5528; x_wconf 76' lang='lat' dir='ltr'><strong>conﬂuxerat,</strong></span> <span class='ocrx_word' id='word_1_412' title='bbox 1636 5461 1730 5518; x_wconf 90' lang='lat' dir='ltr'><strong>sed</strong></span> <span class='ocrx_word' id='word_1_413' title='bbox 1760 5475 1880 5518; x_wconf 89' lang='lat' dir='ltr'><strong>cum</strong></span> 
     </span>
    </p>
   </div>
   <div class='ocr_carea' id='block_1_56' title="bbox 287 5551 1881 5635">
    <p class='ocr_par' dir='ltr' id='par_1_56' title="bbox 287 5551 1881 5635">
     <span class='ocr_line' id='line_1_56' title="bbox 287 5551 1881 5635; baseline -0.003 -23"><span class='ocrx_word' id='word_1_414' title='bbox 287 5555 558 5635; x_wconf 82' lang='lat' dir='ltr'><strong>permissu</strong></span> <span class='ocrx_word' id='word_1_415' title='bbox 579 5552 1148 5614; x_wconf 69' lang='lat' dir='ltr'><strong>fertilitatisuniversm</strong></span> <span class='ocrx_word' id='word_1_416' title='bbox 1170 5552 1327 5610; x_wconf 88' lang='lat' dir='ltr'><strong>unius</strong></span> <span class='ocrx_word' id='word_1_417' title='bbox 1351 5561 1554 5609; x_wconf 88' lang='lat' dir='ltr'><strong>tantum</strong></span> <span class='ocrx_word' id='word_1_418' title='bbox 1579 5551 1881 5609; x_wconf 85' lang='lat' dir='ltr'><strong>mandatam</strong></span> 
     </span>
    </p>
   </div>
   <div class='ocr_carea' id='block_1_57' title="bbox 286 5646 1879 5719">
    <p class='ocr_par' dir='ltr' id='par_1_57' title="bbox 286 5646 1879 5719">
     <span class='ocr_line' id='line_1_57' title="bbox 286 5646 1879 5719; baseline -0.005 -13"><span class='ocrx_word' id='word_1_419' title='bbox 286 5646 593 5707; x_wconf 65' lang='lat' dir='ltr'><strong>arbusculae</strong></span> <span class='ocrx_word' id='word_1_420' title='bbox 630 5646 965 5714; x_wconf 90' lang='lat' dir='ltr'><strong>cautionem,</strong></span> <span class='ocrx_word' id='word_1_421' title='bbox 1008 5652 1319 5719; x_wconf 90' lang='lat' dir='ltr'><strong>metumque</strong></span> <span class='ocrx_word' id='word_1_422' title='bbox 1362 5646 1551 5703; x_wconf 89' lang='lat' dir='ltr'><strong>mortis</strong></span> <span class='ocrx_word' id='word_1_423' title='bbox 1592 5646 1879 5718; x_wconf 73' lang='lat' dir='ltr'><strong>obiectum,</strong></span> 
     </span>
    </p>
   </div>
   <div class='ocr_carea' id='block_1_58' title="bbox 354 5797 1740 5866">
    <p class='ocr_par' dir='ltr' id='par_1_58' title="bbox 354 5797 1740 5866">
     <span class='ocr_line' id='line_1_58' title="bbox 354 5797 1740 5866; baseline -0.002 -15"><span class='ocrx_word' id='word_1_424' title='bbox 354 5804 371 5837; x_wconf 75' lang='grc' dir='ltr'><strong>ι</strong></span> <span class='ocrx_word' id='word_1_425' title='bbox 413 5803 703 5866; x_wconf 74' lang='lat' dir='ltr'><strong>vignierius,</strong></span> <span class='ocrx_word' id='word_1_426' title='bbox 729 5799 905 5866; x_wconf 67' lang='grc' dir='ltr'><strong>κωτιςὶ</strong></span> <span class='ocrx_word' id='word_1_427' title='bbox 922 5806 974 5866; x_wconf 69' lang='lat' dir='ltr'><strong>tu</strong></span> <span class='ocrx_word' id='word_1_428' title='bbox 992 5797 1134 5851; x_wconf 75' lang='lat' dir='ltr'><strong>dicis.</strong></span> <span class='ocrx_word' id='word_1_429' title='bbox 1157 5805 1287 5861; x_wconf 69' lang='lat' dir='ltr'><strong>Mss,</strong></span> <span class='ocrx_word' id='word_1_430' title='bbox 1310 5807 1429 5851; x_wconf 77' lang='lat' dir='ltr'><strong>Nam</strong></span> <span class='ocrx_word' id='word_1_431' title='bbox 1451 5798 1512 5862; x_wconf 79' lang='lat' dir='ltr'><strong>si,</strong></span> <span class='ocrx_word' id='word_1_432' title='bbox 1536 5805 1586 5851; x_wconf 84' lang='lat' dir='ltr'><strong>ut</strong></span> <span class='ocrx_word' id='word_1_433' title='bbox 1603 5798 1740 5852; x_wconf 80' lang='lat' dir='ltr'><strong>dicis.</strong></span> 
     </span>
    </p>
   </div>
   <div class='ocr_carea' id='block_1_59' title="bbox 352 5863 1302 5928">
    <p class='ocr_par' dir='ltr' id='par_1_59' title="bbox 352 5863 1302 5928">
     <span class='ocr_line' id='line_1_59' title="bbox 352 5863 1302 5928; baseline -0.003 -14"><span class='ocrx_word' id='word_1_434' title='bbox 352 5868 379 5928; x_wconf 55' lang='grc' dir='ltr'>ξ</span> <span class='ocrx_word' id='word_1_435' title='bbox 410 5863 492 5914; x_wconf 71' lang='lat' dir='ltr'><strong>Sic&#39;</strong></span> <span class='ocrx_word' id='word_1_436' title='bbox 506 5870 587 5914; x_wconf 78' lang='lat' dir='ltr'><strong>Its.</strong></span> <span class='ocrx_word' id='word_1_437' title='bbox 612 5863 1302 5928; x_wconf 63' lang='lat' dir='ltr'><strong>vignieriusmrorupta.</strong></span> 
     </span>
    </p>
   </div>
   <div class='ocr_carea' id='block_1_60' title="bbox 356 5925 1119 5988">
    <p class='ocr_par' dir='ltr' id='par_1_60' title="bbox 356 5925 1119 5988">
     <span class='ocr_line' id='line_1_60' title="bbox 356 5925 1119 5988; baseline -0.007 -10"><span class='ocrx_word' id='word_1_438' title='bbox 356 5926 394 5968; x_wconf 70' lang='grc' dir='ltr'><em>ι.</em></span> <span class='ocrx_word' id='word_1_439' title='bbox 642 5925 761 5977; x_wconf 81' lang='lat' dir='ltr'><strong>Idlti</strong></span> <span class='ocrx_word' id='word_1_440' title='bbox 782 5925 922 5988; x_wconf 75' lang='lat' dir='ltr'><strong>vero,</strong></span> <span class='ocrx_word' id='word_1_441' title='bbox 945 5930 1119 5975; x_wconf 77' lang='lat' dir='ltr'><strong>custos.</strong></span> 
     </span>
    </p>
   </div>
   <div class='ocr_carea' id='block_1_61' title="bbox 1698 464 2225 533">
    <p class='ocr_par' dir='ltr' id='par_1_61' title="bbox 1698 464 2225 533">
     <span class='ocr_line' id='line_1_61' title="bbox 1698 464 2225 533; baseline 0.011 -10"><span class='ocrx_word' id='word_1_442' title='bbox 1698 469 1901 533; x_wconf 78' lang='lat' dir='ltr'><strong>LIBER</strong></span> <span class='ocrx_word' id='word_1_443' title='bbox 1938 464 2225 528; x_wconf 72' lang='lat' dir='ltr'><strong>SEXTUS.</strong></span> 
     </span>
    </p>
   </div>
   <div class='ocr_carea' id='block_1_62' title="bbox 3434 472 3573 531">
    <p class='ocr_par' dir='ltr' id='par_1_62' title="bbox 3434 472 3573 531">
     <span class='ocr_line' id='line_1_62' title="bbox 3434 472 3573 531; baseline 0.014 -2"><span class='ocrx_word' id='word_1_444' title='bbox 3434 472 3573 531; x_wconf 64' lang='lat'><strong>152!</strong></span> 
     </span>
    </p>
   </div>
   <div class='ocr_carea' id='block_1_63' title="bbox 1990 583 3570 662">
    <p class='ocr_par' dir='ltr' id='par_1_63' title="bbox 1990 583 3570 662">
     <span class='ocr_line' id='line_1_63' title="bbox 1990 583 3570 662; baseline 0.006 -23"><span class='ocrx_word' id='word_1_445' title='bbox 1990 583 2081 654; x_wconf 87' lang='lat' dir='ltr'><strong>qui</strong></span> <span class='ocrx_word' id='word_1_446' title='bbox 2108 586 2125 618; x_wconf 70' lang='grc' dir='ltr'><strong><em>τ</em></strong></span> <span class='ocrx_word' id='word_1_447' title='bbox 2149 586 2583 657; x_wconf 68' lang='lat' dir='ltr'><strong>prtevarlcatores</strong></span> <span class='ocrx_word' id='word_1_448' title='bbox 2607 586 2729 659; x_wconf 87' lang='lat' dir='ltr'><strong>jure</strong></span> <span class='ocrx_word' id='word_1_449' title='bbox 2766 597 3096 658; x_wconf 88' lang='lat' dir='ltr'><strong>sequeretur.</strong></span> <span class='ocrx_word' id='word_1_450' title='bbox 3127 588 3241 646; x_wconf 86' lang='lat' dir='ltr'><strong>Non</strong></span> <span class='ocrx_word' id='word_1_451' title='bbox 3268 604 3397 662; x_wconf 81' lang='lat' dir='ltr'><strong>ergo</strong></span> <span class='ocrx_word' id='word_1_452' title='bbox 3425 592 3570 649; x_wconf 84' lang='lat' dir='ltr'><strong>brevi</strong></span> 
     </span>
    </p>
   </div>
   <div class='ocr_carea' id='block_1_64' title="bbox 1989 676 3571 755">
    <p class='ocr_par' dir='ltr' id='par_1_64' title="bbox 1989 676 3571 755">
     <span class='ocr_line' id='line_1_64' title="bbox 1989 676 3571 755; baseline 0.004 -26"><span class='ocrx_word' id='word_1_453' title='bbox 1989 683 2229 748; x_wconf 88' lang='lat' dir='ltr'><strong>tempore</strong></span> <span class='ocrx_word' id='word_1_454' title='bbox 2269 687 2490 749; x_wconf 87' lang='lat' dir='ltr'><strong>apparet</strong></span> <span class='ocrx_word' id='word_1_455' title='bbox 2533 677 2702 733; x_wconf 86' lang='lat' dir='ltr'><strong>Adam</strong></span> <span class='ocrx_word' id='word_1_456' title='bbox 2749 676 3045 734; x_wconf 89' lang='lat' dir='ltr'><strong>custodisse</strong></span> <span class='ocrx_word' id='word_1_457' title='bbox 3091 679 3429 748; x_wconf 87' lang='lat' dir='ltr'><strong>mandatum;</strong></span> <span class='ocrx_word' id='word_1_458' title='bbox 3477 690 3571 755; x_wconf 74' lang='lat' dir='ltr'><strong>seq</strong></span> 
     </span>
    </p>
   </div>
   <div class='ocr_carea' id='block_1_65' title="bbox 1987 766 3570 841">
    <p class='ocr_par' dir='ltr' id='par_1_65' title="bbox 1987 766 3570 841">
     <span class='ocr_line' id='line_1_65' title="bbox 1987 766 3570 841; baseline 0.004 -20"><span class='ocrx_word' id='word_1_459' title='bbox 1987 766 2146 821; x_wconf 91' lang='lat' dir='ltr'><strong>ctiam</strong></span> <span class='ocrx_word' id='word_1_460' title='bbox 2170 767 2334 823; x_wconf 85' lang='lat' dir='ltr'><strong>Evam</strong></span> <span class='ocrx_word' id='word_1_461' title='bbox 2359 783 2541 823; x_wconf 90' lang='lat' dir='ltr'><strong>curam</strong></span> <span class='ocrx_word' id='word_1_462' title='bbox 2570 768 2869 825; x_wconf 87' lang='lat' dir='ltr'><strong>devotionis</strong></span> <span class='ocrx_word' id='word_1_463' title='bbox 2893 768 3165 837; x_wconf 85' lang='lat' dir='ltr'><strong>habuisse,</strong></span> <span class='ocrx_word' id='word_1_464' title='bbox 3192 786 3309 841; x_wconf 84' lang='lat' dir='ltr'><strong>quae</strong></span> <span class='ocrx_word' id='word_1_465' title='bbox 3333 771 3570 827; x_wconf 75' lang='lat' dir='ltr'><strong>scientize</strong></span> 
     </span>
    </p>
   </div>
   <div class='ocr_carea' id='block_1_66' title="bbox 1986 858 3567 933">
    <p class='ocr_par' dir='ltr' id='par_1_66' title="bbox 1986 858 3567 933">
     <span class='ocr_line' id='line_1_66' title="bbox 1986 858 3567 933; baseline 0.003 -20"><span class='ocrx_word' id='word_1_466' title='bbox 1986 868 2040 913; x_wconf 91' lang='lat' dir='ltr'><strong>et</strong></span> <span class='ocrx_word' id='word_1_467' title='bbox 2059 858 2348 916; x_wconf 89' lang='lat' dir='ltr'><strong>divinitatis</strong></span> <span class='ocrx_word' id='word_1_468' title='bbox 2367 876 2549 917; x_wconf 90' lang='lat' dir='ltr'><strong>amore</strong></span> <span class='ocrx_word' id='word_1_469' title='bbox 2573 862 2806 933; x_wconf 83' lang='lat' dir='ltr'><strong>collapsa</strong></span> <span class='ocrx_word' id='word_1_470' title='bbox 2828 872 2926 918; x_wconf 89' lang='lat' dir='ltr'><strong>est.</strong></span> <span class='ocrx_word' id='word_1_471' title='bbox 2952 861 3062 917; x_wconf 91' lang='lat' dir='ltr'><strong>Cur</strong></span> <span class='ocrx_word' id='word_1_472' title='bbox 3080 877 3207 933; x_wconf 87' lang='lat' dir='ltr'><strong>ergo</strong></span> <span class='ocrx_word' id='word_1_473' title='bbox 3233 863 3318 916; x_wconf 88' lang='lat' dir='ltr'><strong>illa</strong></span> <span class='ocrx_word' id='word_1_474' title='bbox 3340 863 3567 933; x_wconf 91' lang='lat' dir='ltr'><strong>jnstitia,</strong></span> 
     </span>
    </p>
   </div>
   <div class='ocr_carea' id='block_1_67' title="bbox 1986 949 3572 1025">
    <p class='ocr_par' dir='ltr' id='par_1_67' title="bbox 1986 949 3572 1025">
     <span class='ocr_line' id='line_1_67' title="bbox 1986 949 3572 1025; baseline 0.003 -20"><span class='ocrx_word' id='word_1_475' title='bbox 1986 949 2074 1005; x_wconf 90' lang='lat' dir='ltr'><strong>illa</strong></span> <span class='ocrx_word' id='word_1_476' title='bbox 2100 951 2342 1019; x_wconf 87' lang='lat' dir='ltr'><strong>devotio,</strong></span> <span class='ocrx_word' id='word_1_477' title='bbox 2368 969 2487 1025; x_wconf 77' lang='lat' dir='ltr'><strong>qua:</strong></span> <span class='ocrx_word' id='word_1_478' title='bbox 2516 953 2568 1009; x_wconf 92' lang='lat' dir='ltr'><strong>in</strong></span> <span class='ocrx_word' id='word_1_479' title='bbox 2596 952 2764 1009; x_wconf 82' lang='lat' dir='ltr'><strong>Adam</strong></span> <span class='ocrx_word' id='word_1_480' title='bbox 2795 954 2883 1009; x_wconf 92' lang='lat' dir='ltr'><strong>diu</strong></span> <span class='ocrx_word' id='word_1_481' title='bbox 2903 995 2919 1020; x_wconf 94' lang='lat'><strong>,</strong></span> <span class='ocrx_word' id='word_1_482' title='bbox 2948 954 3000 1009; x_wconf 92' lang='lat' dir='ltr'><strong>in</strong></span> <span class='ocrx_word' id='word_1_483' title='bbox 3029 955 3135 1009; x_wconf 88' lang='lat' dir='ltr'><strong>Eva</strong></span> <span class='ocrx_word' id='word_1_484' title='bbox 3162 954 3465 1025; x_wconf 87' lang='lat' dir='ltr'><strong>aliquandiu</strong></span> <span class='ocrx_word' id='word_1_485' title='bbox 3492 956 3572 1009; x_wconf 83' lang='lat' dir='ltr'><strong>vi-</strong></span> 
     </span>
    </p>
   </div>
   <div class='ocr_carea' id='block_1_68' title="bbox 1984 1044 3570 1116">
    <p class='ocr_par' dir='ltr' id='par_1_68' title="bbox 1984 1044 3570 1116">
     <span class='ocr_line' id='line_1_68' title="bbox 1984 1044 3570 1116; baseline 0.003 -19"><span class='ocrx_word' id='word_1_486' title='bbox 1984 1044 2131 1115; x_wconf 89' lang='lat' dir='ltr'><strong>guit,</strong></span> <span class='ocrx_word' id='word_1_487' title='bbox 2163 1060 2268 1100; x_wconf 92' lang='lat' dir='ltr'><strong>non</strong></span> <span class='ocrx_word' id='word_1_488' title='bbox 2298 1046 2490 1116; x_wconf 89' lang='lat' dir='ltr'><strong>eripuit</strong></span> <span class='ocrx_word' id='word_1_489' title='bbox 2516 1045 2854 1116; x_wconf 89' lang='lat' dir='ltr'><strong>delinquendi</strong></span> <span class='ocrx_word' id='word_1_490' title='bbox 2882 1045 3283 1116; x_wconf 86' lang='lat' dir='ltr'><strong>possibilitatem</strong></span> <span class='ocrx_word' id='word_1_491' title='bbox 3302 1086 3317 1111; x_wconf 96' lang='lat'><strong>,</strong></span> <span class='ocrx_word' id='word_1_492' title='bbox 3357 1056 3417 1100; x_wconf 90' lang='lat' dir='ltr'><strong>ut</strong></span> <span class='ocrx_word' id='word_1_493' title='bbox 3443 1045 3570 1103; x_wconf 91' lang='lat' dir='ltr'><strong>boni</strong></span> 
     </span>
    </p>
   </div>
   <div class='ocr_carea' id='block_1_69' title="bbox 1985 1133 3571 1206">
    <p class='ocr_par' dir='ltr' id='par_1_69' title="bbox 1985 1133 3571 1206">
     <span class='ocr_line' id='line_1_69' title="bbox 1985 1133 3571 1206; baseline 0.002 -17"><span class='ocrx_word' id='word_1_494' title='bbox 1985 1133 2273 1191; x_wconf 88' lang='lat' dir='ltr'><strong>necessitas</strong></span> <span class='ocrx_word' id='word_1_495' title='bbox 2302 1135 2733 1206; x_wconf 89' lang='lat' dir='ltr'><strong>impenetrabiles</strong></span> <span class='ocrx_word' id='word_1_496' title='bbox 2761 1152 2854 1193; x_wconf 90' lang='lat' dir='ltr'><strong>eos</strong></span> <span class='ocrx_word' id='word_1_497' title='bbox 2882 1136 3112 1193; x_wconf 89' lang='lat' dir='ltr'><strong>suadelis</strong></span> <span class='ocrx_word' id='word_1_498' title='bbox 3148 1137 3391 1194; x_wconf 91' lang='lat' dir='ltr'><strong>sontibus</strong></span> <span class='ocrx_word' id='word_1_499' title='bbox 3420 1136 3571 1192; x_wconf 81' lang='lat' dir='ltr'><strong>exhi-</strong></span> 
     </span>
    </p>
   </div>
   <div class='ocr_carea' id='block_1_70' title="bbox 1986 1225 3568 1301">
    <p class='ocr_par' dir='ltr' id='par_1_70' title="bbox 1986 1225 3568 1301">
     <span class='ocr_line' id='line_1_70' title="bbox 1986 1225 3568 1301; baseline 0.001 -20"><span class='ocrx_word' id='word_1_500' title='bbox 1986 1225 2175 1282; x_wconf 72' lang='lat' dir='ltr'><strong>heret?</strong></span> <span class='ocrx_word' id='word_1_501' title='bbox 2211 1226 2449 1283; x_wconf 84' lang='lat' dir='ltr'><strong>Fuerunt</strong></span> <span class='ocrx_word' id='word_1_502' title='bbox 2484 1244 2613 1301; x_wconf 91' lang='lat' dir='ltr'><strong>ergo</strong></span> <span class='ocrx_word' id='word_1_503' title='bbox 2645 1228 2897 1301; x_wconf 87' lang='lat' dir='ltr'><strong>quamdiu</strong></span> <span class='ocrx_word' id='word_1_504' title='bbox 2925 1230 3205 1285; x_wconf 90' lang='lat' dir='ltr'><strong>voluerunt</strong></span> <span class='ocrx_word' id='word_1_505' title='bbox 3233 1228 3568 1295; x_wconf 88' lang='lat' dir='ltr'><strong>obedientes,</strong></span> 
     </span>
    </p>
   </div>
   <div class='ocr_carea' id='block_1_71' title="bbox 1983 1321 3569 1393">
    <p class='ocr_par' dir='ltr' id='par_1_71' title="bbox 1983 1321 3569 1393">
     <span class='ocr_line' id='line_1_71' title="bbox 1983 1321 3569 1393; baseline 0.001 -18"><span class='ocrx_word' id='word_1_506' title='bbox 1983 1332 2085 1377; x_wconf 89' lang='lat' dir='ltr'><strong>nec</strong></span> <span class='ocrx_word' id='word_1_507' title='bbox 2112 1329 2290 1376; x_wconf 87' lang='lat' dir='ltr'><strong>tamen</strong></span> <span class='ocrx_word' id='word_1_508' title='bbox 2317 1321 2665 1393; x_wconf 90' lang='lat' dir='ltr'><strong>perdiderunt</strong></span> <span class='ocrx_word' id='word_1_509' title='bbox 2701 1323 2891 1379; x_wconf 89' lang='lat' dir='ltr'><strong>merito</strong></span> <span class='ocrx_word' id='word_1_510' title='bbox 2930 1322 3227 1379; x_wconf 89' lang='lat' dir='ltr'><strong>devotionis</strong></span> <span class='ocrx_word' id='word_1_511' title='bbox 3265 1321 3569 1378; x_wconf 87' lang='lat' dir='ltr'><strong>facultatem</strong></span> 
     </span>
    </p>
   </div>
   <div class='ocr_carea' id='block_1_72' title="bbox 1984 1412 3571 1489">
    <p class='ocr_par' dir='ltr' id='par_1_72' title="bbox 1984 1412 3571 1489">
     <span class='ocr_line' id='line_1_72' title="bbox 1984 1412 3571 1489; baseline 0.003 -24"><span class='ocrx_word' id='word_1_512' title='bbox 1984 1412 2364 1482; x_wconf 64' lang='lat' dir='ltr'><strong>praevaricandi</strong></span> <span class='ocrx_word' id='word_1_513' title='bbox 2396 1433 2408 1468; x_wconf 91' lang='lat'>:</span> <span class='ocrx_word' id='word_1_514' title='bbox 2435 1414 2667 1486; x_wconf 89' lang='lat' dir='ltr'><strong>denique</strong></span> <span class='ocrx_word' id='word_1_515' title='bbox 2691 1415 2824 1486; x_wconf 89' lang='lat' dir='ltr'><strong>lapsi</strong></span> <span class='ocrx_word' id='word_1_516' title='bbox 2855 1424 2980 1471; x_wconf 89' lang='lat' dir='ltr'><strong>sunt</strong></span> <span class='ocrx_word' id='word_1_517' title='bbox 3009 1414 3159 1488; x_wconf 79' lang='lat' dir='ltr'><strong>(Gen.</strong></span> <span class='ocrx_word' id='word_1_518' title='bbox 3185 1431 3222 1471; x_wconf 86' lang='lat' dir='ltr'><strong>tt</strong></span> <span class='ocrx_word' id='word_1_519' title='bbox 3249 1424 3294 1471; x_wconf 83' lang='lat' dir='ltr'><strong>et</strong></span> <span class='ocrx_word' id='word_1_520' title='bbox 3318 1413 3398 1489; x_wconf 84' lang='lat' dir='ltr'><strong>ill)</strong></span> <span class='ocrx_word' id='word_1_521' title='bbox 3427 1433 3441 1470; x_wconf 87' lang='lat'><strong>:</strong></span> <span class='ocrx_word' id='word_1_522' title='bbox 3472 1413 3571 1486; x_wconf 79' lang='lat' dir='ltr'><strong>igi-</strong></span> 
     </span>
    </p>
   </div>
   <div class='ocr_carea' id='block_1_73' title="bbox 1984 1507 3568 1576">
    <p class='ocr_par' dir='ltr' id='par_1_73' title="bbox 1984 1507 3568 1576">
     <span class='ocr_line' id='line_1_73' title="bbox 1984 1507 3568 1576; baseline 0.003 -19"><span class='ocrx_word' id='word_1_523' title='bbox 1984 1510 2073 1557; x_wconf 87' lang='lat' dir='ltr'><strong>tur</strong></span> <span class='ocrx_word' id='word_1_524' title='bbox 2096 1512 2148 1558; x_wconf 90' lang='lat' dir='ltr'><strong>et</strong></span> <span class='ocrx_word' id='word_1_525' title='bbox 2176 1513 2521 1576; x_wconf 88' lang='lat' dir='ltr'><strong>posteaquam</strong></span> <span class='ocrx_word' id='word_1_526' title='bbox 2554 1516 2935 1576; x_wconf 87' lang='lat' dir='ltr'><strong>peccaverunt,</strong></span> <span class='ocrx_word' id='word_1_527' title='bbox 2973 1507 3313 1563; x_wconf 86' lang='lat' dir='ltr'><strong>manifestum</strong></span> <span class='ocrx_word' id='word_1_528' title='bbox 3345 1516 3427 1562; x_wconf 90' lang='lat' dir='ltr'><strong>est</strong></span> <span class='ocrx_word' id='word_1_529' title='bbox 3469 1521 3568 1562; x_wconf 89' lang='lat' dir='ltr'><strong>ne-</strong></span> 
     </span>
    </p>
   </div>
   <div class='ocr_carea' id='block_1_74' title="bbox 1981 1596 3569 1668">
    <p class='ocr_par' dir='ltr' id='par_1_74' title="bbox 1981 1596 3569 1668">
     <span class='ocr_line' id='line_1_74' title="bbox 1981 1596 3569 1668; baseline 0.003 -21"><span class='ocrx_word' id='word_1_530' title='bbox 1981 1608 2245 1665; x_wconf 89' lang='lat' dir='ltr'><strong>quaquam</strong></span> <span class='ocrx_word' id='word_1_531' title='bbox 2273 1609 2368 1651; x_wconf 90' lang='lat' dir='ltr'><strong>eos</strong></span> <span class='ocrx_word' id='word_1_532' title='bbox 2400 1596 2641 1668; x_wconf 90' lang='lat' dir='ltr'><strong>potuisse</strong></span> <span class='ocrx_word' id='word_1_533' title='bbox 2677 1596 2782 1652; x_wconf 87' lang='lat' dir='ltr'><strong>vim</strong></span> <span class='ocrx_word' id='word_1_534' title='bbox 2820 1597 3169 1653; x_wconf 90' lang='lat' dir='ltr'><strong>correctionis</strong></span> <span class='ocrx_word' id='word_1_535' title='bbox 3203 1597 3468 1653; x_wconf 88' lang='lat' dir='ltr'><strong>amittere.</strong></span> <span class='ocrx_word' id='word_1_536' title='bbox 3504 1597 3569 1652; x_wconf 88' lang='lat' dir='ltr'><strong>Et</strong></span> 
     </span>
    </p>
   </div>
   <div class='ocr_carea' id='block_1_75' title="bbox 1981 1684 3568 1760">
    <p class='ocr_par' dir='ltr' id='par_1_75' title="bbox 1981 1684 3568 1760">
     <span class='ocr_line' id='line_1_75' title="bbox 1981 1684 3568 1760; baseline 0.002 -20"><span class='ocrx_word' id='word_1_537' title='bbox 1981 1684 2104 1741; x_wconf 90' lang='lat' dir='ltr'><strong>ideo</strong></span> <span class='ocrx_word' id='word_1_538' title='bbox 2128 1694 2187 1742; x_wconf 92' lang='lat' dir='ltr'><strong>ut</strong></span> <span class='ocrx_word' id='word_1_539' title='bbox 2211 1687 2264 1742; x_wconf 93' lang='lat' dir='ltr'><strong>in</strong></span> <span class='ocrx_word' id='word_1_540' title='bbox 2289 1687 2538 1744; x_wconf 90' lang='lat' dir='ltr'><strong>omnibus</strong></span> <span class='ocrx_word' id='word_1_541' title='bbox 2560 1687 2712 1757; x_wconf 87' lang='lat' dir='ltr'><strong>locis,</strong></span> <span class='ocrx_word' id='word_1_542' title='bbox 2738 1688 2824 1745; x_wconf 90' lang='lat' dir='ltr'><strong>hic</strong></span> <span class='ocrx_word' id='word_1_543' title='bbox 2844 1703 3056 1760; x_wconf 90' lang='lat' dir='ltr'><strong>quoque</strong></span> <span class='ocrx_word' id='word_1_544' title='bbox 3080 1697 3246 1744; x_wconf 91' lang='lat' dir='ltr'><strong>totum</strong></span> <span class='ocrx_word' id='word_1_545' title='bbox 3270 1687 3412 1760; x_wconf 93' lang='lat' dir='ltr'><strong>quod</strong></span> <span class='ocrx_word' id='word_1_546' title='bbox 3434 1702 3568 1743; x_wconf 91' lang='lat' dir='ltr'><strong>con-</strong></span> 
     </span>
    </p>
   </div>
   <div class='ocr_carea' id='block_1_76' title="bbox 1983 1777 3559 1852">
    <p class='ocr_par' dir='ltr' id='par_1_76' title="bbox 1983 1777 3559 1852">
     <span class='ocr_line' id='line_1_76' title="bbox 1983 1777 3559 1852; baseline 0.001 -19"><span class='ocrx_word' id='word_1_547' title='bbox 1983 1777 2211 1835; x_wconf 86' lang='lat' dir='ltr'><strong>finxeras</strong></span> <span class='ocrx_word' id='word_1_548' title='bbox 2251 1779 2529 1851; x_wconf 92' lang='lat' dir='ltr'><strong>perdidisti</strong></span> <span class='ocrx_word' id='word_1_549' title='bbox 2561 1797 2577 1834; x_wconf 89' lang='lat'><strong>:</strong></span> <span class='ocrx_word' id='word_1_550' title='bbox 2605 1781 2728 1852; x_wconf 87' lang='lat' dir='ltr'><strong>quia</strong></span> <span class='ocrx_word' id='word_1_551' title='bbox 2772 1788 3047 1851; x_wconf 88' lang='lat' dir='ltr'><strong>peccatum</strong></span> <span class='ocrx_word' id='word_1_552' title='bbox 3091 1778 3223 1836; x_wconf 90' lang='lat' dir='ltr'><strong>illud</strong></span> <span class='ocrx_word' id='word_1_553' title='bbox 3265 1779 3559 1851; x_wconf 90' lang='lat' dir='ltr'><strong>primorum</strong></span> 
     </span>
    </p>
   </div>
   <div class='ocr_carea' id='block_1_77' title="bbox 1981 1869 3558 1934">
    <p class='ocr_par' dir='ltr' id='par_1_77' title="bbox 1981 1869 3558 1934">
     <span class='ocr_line' id='line_1_77' title="bbox 1981 1869 3558 1934; baseline 0.001 -10"><span class='ocrx_word' id='word_1_554' title='bbox 1981 1869 2253 1926; x_wconf 89' lang='lat' dir='ltr'><strong>hominum</strong></span> <span class='ocrx_word' id='word_1_555' title='bbox 2298 1887 2399 1929; x_wconf 89' lang='lat' dir='ltr'><strong>nec</strong></span> <span class='ocrx_word' id='word_1_556' title='bbox 2440 1871 2667 1928; x_wconf 89' lang='lat' dir='ltr'><strong>ullorum</strong></span> <span class='ocrx_word' id='word_1_557' title='bbox 2697 1870 2824 1928; x_wconf 85' lang='lat' dir='ltr'><strong>fecit</strong></span> <span class='ocrx_word' id='word_1_558' title='bbox 2852 1872 3134 1929; x_wconf 90' lang='lat' dir='ltr'><strong>criminum</strong></span> <span class='ocrx_word' id='word_1_559' title='bbox 3165 1871 3558 1934; x_wconf 86' lang='lat' dir='ltr'><strong>necessitatem,</strong></span> 
     </span>
    </p>
   </div>
   <div class='ocr_carea' id='block_1_78' title="bbox 1980 1962 3559 2035">
    <p class='ocr_par' dir='ltr' id='par_1_78' title="bbox 1980 1962 3559 2035">
     <span class='ocr_line' id='line_1_78' title="bbox 1980 1962 3559 2035; baseline -0.001 -17"><span class='ocrx_word' id='word_1_560' title='bbox 1980 1978 2078 2020; x_wconf 89' lang='lat' dir='ltr'><strong>nec</strong></span> <span class='ocrx_word' id='word_1_561' title='bbox 2106 1964 2316 2020; x_wconf 88' lang='lat' dir='ltr'><strong>transiit</strong></span> <span class='ocrx_word' id='word_1_562' title='bbox 2344 1964 2399 2020; x_wconf 92' lang='lat' dir='ltr'><strong>in</strong></span> <span class='ocrx_word' id='word_1_563' title='bbox 2425 1972 2700 2032; x_wconf 88' lang='lat' dir='ltr'><strong>naturam;</strong></span> <span class='ocrx_word' id='word_1_564' title='bbox 2729 1964 2865 2020; x_wconf 91' lang='lat' dir='ltr'><strong>sicut</strong></span> <span class='ocrx_word' id='word_1_565' title='bbox 2886 1964 3089 2035; x_wconf 87' lang='lat' dir='ltr'><strong>justitia</strong></span> <span class='ocrx_word' id='word_1_566' title='bbox 3117 1978 3237 2035; x_wconf 69' lang='lat' dir='ltr'><strong>qum</strong></span> <span class='ocrx_word' id='word_1_567' title='bbox 3263 1962 3559 2034; x_wconf 65' lang='lat' dir='ltr'><strong>praecessit,</strong></span> 
     </span>
    </p>
   </div>
   <div class='ocr_carea' id='block_1_79' title="bbox 1979 2053 3564 2125">
    <p class='ocr_par' dir='ltr' id='par_1_79' title="bbox 1979 2053 3564 2125">
     <span class='ocr_line' id='line_1_79' title="bbox 1979 2053 3564 2125; baseline -0.002 -15"><span class='ocrx_word' id='word_1_568' title='bbox 1979 2071 2080 2113; x_wconf 90' lang='lat' dir='ltr'><strong>nec</strong></span> <span class='ocrx_word' id='word_1_569' title='bbox 2103 2057 2357 2112; x_wconf 89' lang='lat' dir='ltr'><strong>virtutum</strong></span> <span class='ocrx_word' id='word_1_570' title='bbox 2384 2056 2561 2112; x_wconf 92' lang='lat' dir='ltr'><strong>intulit</strong></span> <span class='ocrx_word' id='word_1_571' title='bbox 2588 2056 2984 2125; x_wconf 89' lang='lat' dir='ltr'><strong>necessitatem,</strong></span> <span class='ocrx_word' id='word_1_572' title='bbox 3015 2069 3114 2112; x_wconf 89' lang='lat' dir='ltr'><strong>nec</strong></span> <span class='ocrx_word' id='word_1_573' title='bbox 3137 2054 3239 2112; x_wconf 89' lang='lat' dir='ltr'><strong>sibi</strong></span> <span class='ocrx_word' id='word_1_574' title='bbox 3265 2055 3378 2110; x_wconf 87' lang='lat' dir='ltr'><strong>vias</strong></span> <span class='ocrx_word' id='word_1_575' title='bbox 3401 2053 3564 2109; x_wconf 80' lang='lat' dir='ltr'><strong>semi-</strong></span> 
     </span>
    </p>
   </div>
   <div class='ocr_carea' id='block_1_80' title="bbox 1977 2148 2432 2205">
    <p class='ocr_par' dir='ltr' id='par_1_80' title="bbox 1977 2148 2432 2205">
     <span class='ocr_line' id='line_1_80' title="bbox 1977 2148 2432 2205; baseline -0.002 -2"><span class='ocrx_word' id='word_1_576' title='bbox 1977 2164 2103 2203; x_wconf 87' lang='lat' dir='ltr'><strong>num</strong></span> <span class='ocrx_word' id='word_1_577' title='bbox 2127 2148 2432 2205; x_wconf 86' lang='lat' dir='ltr'><strong>vindicavit.</strong></span> 
     </span>
    </p>
   </div>
   <div class='ocr_carea' id='block_1_81' title="bbox 2049 2240 3563 2313">
    <p class='ocr_par' dir='ltr' id='par_1_81' title="bbox 2049 2240 3563 2313">
     <span class='ocr_line' id='line_1_81' title="bbox 2049 2240 3563 2313; baseline -0.001 -18"><span class='ocrx_word' id='word_1_578' title='bbox 2049 2242 2185 2299; x_wconf 79' lang='lat' dir='ltr'><strong>Ave.</strong></span> <span class='ocrx_word' id='word_1_579' title='bbox 2212 2241 2404 2297; x_wconf 84' lang='lat' dir='ltr'><strong>Totum</strong></span> <span class='ocrx_word' id='word_1_580' title='bbox 2443 2242 2584 2313; x_wconf 90' lang='lat' dir='ltr'><strong>quod</strong></span> <span class='ocrx_word' id='word_1_581' title='bbox 2623 2241 2823 2299; x_wconf 91' lang='lat' dir='ltr'><strong>tamdiu</strong></span> <span class='ocrx_word' id='word_1_582' title='bbox 2860 2251 2913 2299; x_wconf 89' lang='lat' dir='ltr'><strong>et</strong></span> <span class='ocrx_word' id='word_1_583' title='bbox 2949 2249 3094 2297; x_wconf 89' lang='lat' dir='ltr'><strong>tanta</strong></span> <span class='ocrx_word' id='word_1_584' title='bbox 3123 2240 3404 2299; x_wconf 87' lang='lat' dir='ltr'><strong>verborum</strong></span> <span class='ocrx_word' id='word_1_585' title='bbox 3436 2254 3563 2312; x_wconf 86' lang='lat' dir='ltr'><strong>per-</strong></span> 
     </span>
    </p>
   </div>
   <div class='ocr_carea' id='block_1_82' title="bbox 1977 2330 3558 2405">
    <p class='ocr_par' dir='ltr' id='par_1_82' title="bbox 1977 2330 3558 2405">
     <span class='ocr_line' id='line_1_82' title="bbox 1977 2330 3558 2405; baseline 0.001 -19"><span class='ocrx_word' id='word_1_586' title='bbox 1977 2330 2227 2402; x_wconf 89' lang='lat' dir='ltr'><strong>plexitate</strong></span> <span class='ocrx_word' id='word_1_587' title='bbox 2255 2333 2455 2399; x_wconf 79' lang='lat' dir='ltr'><strong>dixisti,</strong></span> <span class='ocrx_word' id='word_1_588' title='bbox 2482 2332 2718 2389; x_wconf 87' lang='lat' dir='ltr'><strong>breviter</strong></span> <span class='ocrx_word' id='word_1_589' title='bbox 2743 2334 2822 2389; x_wconf 90' lang='lat' dir='ltr'><strong>sic</strong></span> <span class='ocrx_word' id='word_1_590' title='bbox 2847 2341 3024 2405; x_wconf 89' lang='lat' dir='ltr'><strong>potest</strong></span> <span class='ocrx_word' id='word_1_591' title='bbox 3050 2333 3175 2389; x_wconf 92' lang='lat' dir='ltr'><strong>dici.</strong></span> <span class='ocrx_word' id='word_1_592' title='bbox 3201 2331 3329 2399; x_wconf 88' lang='lat' dir='ltr'><strong>Cur,</strong></span> <span class='ocrx_word' id='word_1_593' title='bbox 3360 2331 3558 2402; x_wconf 81' lang='lat' dir='ltr'><strong>inquis,</strong></span> 
     </span>
    </p>
   </div>
   <div class='ocr_carea' id='block_1_83' title="bbox 1975 2422 3561 2496">
    <p class='ocr_par' dir='ltr' id='par_1_83' title="bbox 1975 2422 3561 2496">
     <span class='ocr_line' id='line_1_83' title="bbox 1975 2422 3561 2496; baseline 0.002 -18"><span class='ocrx_word' id='word_1_594' title='bbox 1975 2422 2145 2479; x_wconf 84' lang='lat' dir='ltr'><strong>Adam</strong></span> <span class='ocrx_word' id='word_1_595' title='bbox 2166 2424 2305 2479; x_wconf 89' lang='lat' dir='ltr'><strong>male</strong></span> <span class='ocrx_word' id='word_1_596' title='bbox 2323 2424 2530 2495; x_wconf 90' lang='lat' dir='ltr'><strong>agendo</strong></span> <span class='ocrx_word' id='word_1_597' title='bbox 2550 2423 2777 2495; x_wconf 82' lang='lat' dir='ltr'><strong>perdidit</strong></span> <span class='ocrx_word' id='word_1_598' title='bbox 2798 2438 2957 2496; x_wconf 90' lang='lat' dir='ltr'><strong>posse</strong></span> <span class='ocrx_word' id='word_1_599' title='bbox 2984 2422 3123 2480; x_wconf 90' lang='lat' dir='ltr'><strong>bene</strong></span> <span class='ocrx_word' id='word_1_600' title='bbox 3147 2438 3325 2494; x_wconf 79' lang='lat' dir='ltr'><strong>agere,</strong></span> <span class='ocrx_word' id='word_1_601' title='bbox 3347 2432 3401 2478; x_wconf 91' lang='lat' dir='ltr'><strong>et</strong></span> <span class='ocrx_word' id='word_1_602' title='bbox 3421 2422 3561 2481; x_wconf 80' lang='lat' dir='ltr'><strong>bene</strong></span> 
     </span>
    </p>
   </div>
   <div class='ocr_carea' id='block_1_84' title="bbox 1976 2514 3557 2588">
    <p class='ocr_par' dir='ltr' id='par_1_84' title="bbox 1976 2514 3557 2588">
     <span class='ocr_line' id='line_1_84' title="bbox 1976 2514 3557 2588; baseline -0.001 -17"><span class='ocrx_word' id='word_1_603' title='bbox 1976 2517 2124 2587; x_wconf 89' lang='lat' dir='ltr'><strong>prius</strong></span> <span class='ocrx_word' id='word_1_604' title='bbox 2149 2516 2352 2588; x_wconf 82' lang='lat' dir='ltr'><strong>agendo</strong></span> <span class='ocrx_word' id='word_1_605' title='bbox 2382 2532 2486 2572; x_wconf 92' lang='lat' dir='ltr'><strong>non</strong></span> <span class='ocrx_word' id='word_1_606' title='bbox 2516 2516 2746 2587; x_wconf 90' lang='lat' dir='ltr'><strong>perdidit</strong></span> <span class='ocrx_word' id='word_1_607' title='bbox 2785 2531 2947 2588; x_wconf 89' lang='lat' dir='ltr'><strong>posse</strong></span> <span class='ocrx_word' id='word_1_608' title='bbox 2982 2516 3243 2586; x_wconf 85' lang='lat' dir='ltr'><strong>peccare?</strong></span> <span class='ocrx_word' id='word_1_609' title='bbox 3272 2515 3339 2570; x_wconf 91' lang='lat' dir='ltr'><strong>Et</strong></span> <span class='ocrx_word' id='word_1_610' title='bbox 3367 2516 3444 2571; x_wconf 89' lang='lat' dir='ltr'><strong>vis</strong></span> <span class='ocrx_word' id='word_1_611' title='bbox 3474 2514 3557 2569; x_wconf 88' lang='lat' dir='ltr'><strong>in-</strong></span> 
     </span>
    </p>
   </div>
   <div class='ocr_carea' id='block_1_85' title="bbox 1975 2608 3557 2681">
    <p class='ocr_par' dir='ltr' id='par_1_85' title="bbox 1975 2608 3557 2681">
     <span class='ocr_line' id='line_1_85' title="bbox 1975 2608 3557 2681; baseline -0.003 -17"><span class='ocrx_word' id='word_1_612' title='bbox 1975 2609 2135 2681; x_wconf 80' lang='lat' dir='ltr'><strong>telligi</strong></span> <span class='ocrx_word' id='word_1_613' title='bbox 2156 2650 2173 2677; x_wconf 96' lang='lat'><strong>,</strong></span> <span class='ocrx_word' id='word_1_614' title='bbox 2200 2610 2244 2664; x_wconf 88' lang='lat' dir='ltr'><strong>si</strong></span> <span class='ocrx_word' id='word_1_615' title='bbox 2273 2609 2343 2666; x_wconf 89' lang='lat' dir='ltr'><strong>ita</strong></span> <span class='ocrx_word' id='word_1_616' title='bbox 2369 2618 2481 2678; x_wconf 88' lang='lat' dir='ltr'><strong>est,</strong></span> <span class='ocrx_word' id='word_1_617' title='bbox 2509 2609 2778 2666; x_wconf 89' lang='lat' dir='ltr'><strong>hominem</strong></span> <span class='ocrx_word' id='word_1_618' title='bbox 2808 2624 2916 2665; x_wconf 92' lang='lat' dir='ltr'><strong>non</strong></span> <span class='ocrx_word' id='word_1_619' title='bbox 2944 2609 3133 2677; x_wconf 76' lang='lat' dir='ltr'><strong>bonze,</strong></span> <span class='ocrx_word' id='word_1_620' title='bbox 3161 2609 3257 2665; x_wconf 92' lang='lat' dir='ltr'><strong>sed</strong></span> <span class='ocrx_word' id='word_1_621' title='bbox 3294 2608 3449 2663; x_wconf 80' lang='lat' dir='ltr'><strong>malae</strong></span> <span class='ocrx_word' id='word_1_622' title='bbox 3478 2609 3557 2663; x_wconf 58' lang='lat' dir='ltr'><strong>ia.</strong></span> 
     </span>
    </p>
   </div>
   <div class='ocr_carea' id='block_1_86' title="bbox 1973 2698 3560 2772">
    <p class='ocr_par' dir='ltr' id='par_1_86' title="bbox 1973 2698 3560 2772">
     <span class='ocr_line' id='line_1_86' title="bbox 1973 2698 3560 2772; baseline 0 -16"><span class='ocrx_word' id='word_1_623' title='bbox 1973 2709 2118 2756; x_wconf 90' lang='lat' dir='ltr'><strong>ctum</strong></span> <span class='ocrx_word' id='word_1_624' title='bbox 2147 2699 2311 2756; x_wconf 86' lang='lat' dir='ltr'><strong>fuisse</strong></span> <span class='ocrx_word' id='word_1_625' title='bbox 2334 2710 2537 2757; x_wconf 78' lang='lat' dir='ltr'><strong>natura:</strong></span> <span class='ocrx_word' id='word_1_626' title='bbox 2556 2740 2573 2769; x_wconf 93' lang='lat'><strong>,</strong></span> <span class='ocrx_word' id='word_1_627' title='bbox 2602 2701 2653 2756; x_wconf 93' lang='lat' dir='ltr'><strong>in</strong></span> <span class='ocrx_word' id='word_1_628' title='bbox 2679 2714 2786 2772; x_wconf 92' lang='lat' dir='ltr'><strong>quo</strong></span> <span class='ocrx_word' id='word_1_629' title='bbox 2808 2698 2928 2771; x_wconf 93' lang='lat' dir='ltr'><strong>plus</strong></span> <span class='ocrx_word' id='word_1_630' title='bbox 2950 2699 3117 2755; x_wconf 91' lang='lat' dir='ltr'><strong>valuit</strong></span> <span class='ocrx_word' id='word_1_631' title='bbox 3143 2698 3283 2755; x_wconf 89' lang='lat' dir='ltr'><strong>actio</strong></span> <span class='ocrx_word' id='word_1_632' title='bbox 3306 2699 3464 2764; x_wconf 89' lang='lat' dir='ltr'><strong>mala,</strong></span> <span class='ocrx_word' id='word_1_633' title='bbox 3491 2713 3560 2756; x_wconf 88' lang='lat' dir='ltr'><strong>ne</strong></span> 
     </span>
    </p>
   </div>
   <div class='ocr_carea' id='block_1_87' title="bbox 1973 2792 3560 2865">
    <p class='ocr_par' dir='ltr' id='par_1_87' title="bbox 1973 2792 3560 2865">
     <span class='ocr_line' id='line_1_87' title="bbox 1973 2792 3560 2865; baseline 0 -17"><span class='ocrx_word' id='word_1_634' title='bbox 1973 2801 2156 2864; x_wconf 92' lang='lat' dir='ltr'><strong>posset</strong></span> <span class='ocrx_word' id='word_1_635' title='bbox 2183 2808 2343 2865; x_wconf 89' lang='lat' dir='ltr'><strong>agere</strong></span> <span class='ocrx_word' id='word_1_636' title='bbox 2365 2793 2526 2861; x_wconf 88' lang='lat' dir='ltr'><strong>bene,</strong></span> <span class='ocrx_word' id='word_1_637' title='bbox 2556 2809 2714 2865; x_wconf 91' lang='lat' dir='ltr'><strong>quam</strong></span> <span class='ocrx_word' id='word_1_638' title='bbox 2742 2793 2882 2848; x_wconf 88' lang='lat' dir='ltr'><strong>actio</strong></span> <span class='ocrx_word' id='word_1_639' title='bbox 2905 2792 3044 2848; x_wconf 90' lang='lat' dir='ltr'><strong>bona</strong></span> <span class='ocrx_word' id='word_1_640' title='bbox 3060 2833 3074 2857; x_wconf 91' lang='lat'><strong>,</strong></span> <span class='ocrx_word' id='word_1_641' title='bbox 3103 2807 3172 2848; x_wconf 90' lang='lat' dir='ltr'><strong>ne</strong></span> <span class='ocrx_word' id='word_1_642' title='bbox 3198 2800 3379 2863; x_wconf 89' lang='lat' dir='ltr'><strong>posset</strong></span> <span class='ocrx_word' id='word_1_643' title='bbox 3401 2806 3560 2863; x_wconf 85' lang='lat' dir='ltr'><strong>agere</strong></span> 
     </span>
    </p>
   </div>
   <div class='ocr_carea' id='block_1_88' title="bbox 1974 2882 3558 2949">
    <p class='ocr_par' dir='ltr' id='par_1_88' title="bbox 1974 2882 3558 2949">
     <span class='ocr_line' id='line_1_88' title="bbox 1974 2882 3558 2949; baseline 0.001 -11"><span class='ocrx_word' id='word_1_644' title='bbox 1974 2883 2136 2938; x_wconf 86' lang='lat' dir='ltr'><strong>male.</strong></span> <span class='ocrx_word' id='word_1_645' title='bbox 2160 2883 2353 2939; x_wconf 85' lang='lat' dir='ltr'><strong>Posses</strong></span> <span class='ocrx_word' id='word_1_646' title='bbox 2382 2884 2485 2938; x_wconf 91' lang='lat' dir='ltr'><strong>isto</strong></span> <span class='ocrx_word' id='word_1_647' title='bbox 2508 2883 2669 2938; x_wconf 91' lang='lat' dir='ltr'><strong>modo</strong></span> <span class='ocrx_word' id='word_1_648' title='bbox 2692 2882 2871 2938; x_wconf 89' lang='lat' dir='ltr'><strong>dicere</strong></span> <span class='ocrx_word' id='word_1_649' title='bbox 2890 2925 2904 2949; x_wconf 94' lang='lat'><strong>,</strong></span> <span class='ocrx_word' id='word_1_650' title='bbox 2934 2884 3075 2938; x_wconf 90' lang='lat' dir='ltr'><strong>male</strong></span> <span class='ocrx_word' id='word_1_651' title='bbox 3100 2882 3264 2939; x_wconf 89' lang='lat' dir='ltr'><strong>fuisse</strong></span> <span class='ocrx_word' id='word_1_652' title='bbox 3288 2882 3558 2939; x_wconf 88' lang='lat' dir='ltr'><strong>hominem</strong></span> 
     </span>
    </p>
   </div>
   <div class='ocr_carea' id='block_1_89' title="bbox 1974 2971 3557 3043">
    <p class='ocr_par' dir='ltr' id='par_1_89' title="bbox 1974 2971 3557 3043">
     <span class='ocr_line' id='line_1_89' title="bbox 1974 2971 3557 3043; baseline -0.001 -15"><span class='ocrx_word' id='word_1_653' title='bbox 1974 2986 2096 3028; x_wconf 90' lang='lat' dir='ltr'><strong>cum</strong></span> <span class='ocrx_word' id='word_1_654' title='bbox 2123 2971 2291 3027; x_wconf 88' lang='lat' dir='ltr'><strong>oculis</strong></span> <span class='ocrx_word' id='word_1_655' title='bbox 2317 2980 2553 3028; x_wconf 88' lang='lat' dir='ltr'><strong>creatum</strong></span> <span class='ocrx_word' id='word_1_656' title='bbox 2573 3012 2589 3037; x_wconf 93' lang='lat'><strong>,</strong></span> <span class='ocrx_word' id='word_1_657' title='bbox 2613 2973 2736 3043; x_wconf 89' lang='lat' dir='ltr'><strong>quia</strong></span> <span class='ocrx_word' id='word_1_658' title='bbox 2764 2986 2884 3027; x_wconf 90' lang='lat' dir='ltr'><strong>cum</strong></span> <span class='ocrx_word' id='word_1_659' title='bbox 2913 2986 3008 3028; x_wconf 92' lang='lat' dir='ltr'><strong>eos</strong></span> <span class='ocrx_word' id='word_1_660' title='bbox 3035 2972 3380 3038; x_wconf 77' lang='lat' dir='ltr'><strong>exstinxerit,</strong></span> <span class='ocrx_word' id='word_1_661' title='bbox 3424 2971 3557 3027; x_wconf 83' lang='lat' dir='ltr'><strong>litin</strong></span> 
     </span>
    </p>
   </div>
   <div class='ocr_carea' id='block_1_90' title="bbox 1975 3062 3560 3135">
    <p class='ocr_par' dir='ltr' id='par_1_90' title="bbox 1975 3062 3560 3135">
     <span class='ocr_line' id='line_1_90' title="bbox 1975 3062 3560 3135; baseline 0.001 -18"><span class='ocrx_word' id='word_1_662' title='bbox 1975 3064 2068 3118; x_wconf 92' lang='lat' dir='ltr'><strong>illo</strong></span> <span class='ocrx_word' id='word_1_663' title='bbox 2095 3072 2153 3119; x_wconf 91' lang='lat' dir='ltr'><strong>ut</strong></span> <span class='ocrx_word' id='word_1_664' title='bbox 2178 3079 2285 3119; x_wconf 92' lang='lat' dir='ltr'><strong>non</strong></span> <span class='ocrx_word' id='word_1_665' title='bbox 2314 3065 2482 3135; x_wconf 90' lang='lat' dir='ltr'><strong>possit</strong></span> <span class='ocrx_word' id='word_1_666' title='bbox 2514 3064 2727 3129; x_wconf 90' lang='lat' dir='ltr'><strong>videre;</strong></span> <span class='ocrx_word' id='word_1_667' title='bbox 2753 3063 2982 3119; x_wconf 87' lang='lat' dir='ltr'><strong>videndo</strong></span> <span class='ocrx_word' id='word_1_668' title='bbox 3023 3072 3201 3119; x_wconf 92' lang='lat' dir='ltr'><strong>autem</strong></span> <span class='ocrx_word' id='word_1_669' title='bbox 3236 3079 3345 3118; x_wconf 89' lang='lat' dir='ltr'><strong>non</strong></span> <span class='ocrx_word' id='word_1_670' title='bbox 3383 3062 3437 3117; x_wconf 91' lang='lat' dir='ltr'><strong>in</strong></span> <span class='ocrx_word' id='word_1_671' title='bbox 3466 3062 3560 3118; x_wconf 90' lang='lat' dir='ltr'><strong>illo</strong></span> 
     </span>
    </p>
   </div>
   <div class='ocr_carea' id='block_1_91' title="bbox 1976 3152 3559 3226">
    <p class='ocr_par' dir='ltr' id='par_1_91' title="bbox 1976 3152 3559 3226">
     <span class='ocr_line' id='line_1_91' title="bbox 1976 3152 3559 3226; baseline 0.001 -16"><span class='ocrx_word' id='word_1_672' title='bbox 1976 3153 2171 3212; x_wconf 86' lang='lat' dir='ltr'><strong>factum</strong></span> <span class='ocrx_word' id='word_1_673' title='bbox 2198 3164 2283 3212; x_wconf 92' lang='lat' dir='ltr'><strong>est</strong></span> <span class='ocrx_word' id='word_1_674' title='bbox 2308 3165 2368 3211; x_wconf 94' lang='lat' dir='ltr'><strong>ut</strong></span> <span class='ocrx_word' id='word_1_675' title='bbox 2393 3170 2487 3212; x_wconf 91' lang='lat' dir='ltr'><strong>eos</strong></span> <span class='ocrx_word' id='word_1_676' title='bbox 2526 3171 2631 3211; x_wconf 93' lang='lat' dir='ltr'><strong>non</strong></span> <span class='ocrx_word' id='word_1_677' title='bbox 2671 3166 2851 3226; x_wconf 90' lang='lat' dir='ltr'><strong>posset</strong></span> <span class='ocrx_word' id='word_1_678' title='bbox 2887 3152 3223 3224; x_wconf 81' lang='lat' dir='ltr'><strong>exstinguere</strong></span> <span class='ocrx_word' id='word_1_679' title='bbox 3250 3172 3264 3209; x_wconf 91' lang='lat'><strong>:</strong></span> <span class='ocrx_word' id='word_1_680' title='bbox 3293 3164 3385 3211; x_wconf 92' lang='lat' dir='ltr'><strong>aut</strong></span> <span class='ocrx_word' id='word_1_681' title='bbox 3418 3153 3559 3211; x_wconf 89' lang='lat' dir='ltr'><strong>male</strong></span> 
     </span>
    </p>
   </div>
   <div class='ocr_carea' id='block_1_92' title="bbox 1975 3245 3559 3318">
    <p class='ocr_par' dir='ltr' id='par_1_92' title="bbox 1975 3245 3559 3318">
     <span class='ocr_line' id='line_1_92' title="bbox 1975 3245 3559 3318; baseline 0 -17"><span class='ocrx_word' id='word_1_682' title='bbox 1975 3246 2137 3305; x_wconf 82' lang='lat' dir='ltr'><strong>fuisse</strong></span> <span class='ocrx_word' id='word_1_683' title='bbox 2162 3255 2332 3303; x_wconf 90' lang='lat' dir='ltr'><strong>totum</strong></span> <span class='ocrx_word' id='word_1_684' title='bbox 2359 3261 2551 3318; x_wconf 88' lang='lat' dir='ltr'><strong>corpus</strong></span> <span class='ocrx_word' id='word_1_685' title='bbox 2577 3247 2809 3302; x_wconf 91' lang='lat' dir='ltr'><strong>hominis</strong></span> <span class='ocrx_word' id='word_1_686' title='bbox 2833 3245 3105 3302; x_wconf 89' lang='lat' dir='ltr'><strong>conditum</strong></span> <span class='ocrx_word' id='word_1_687' title='bbox 3125 3287 3140 3311; x_wconf 95' lang='lat'><strong>,</strong></span> <span class='ocrx_word' id='word_1_688' title='bbox 3169 3247 3290 3316; x_wconf 90' lang='lat' dir='ltr'><strong>quia</strong></span> <span class='ocrx_word' id='word_1_689' title='bbox 3322 3247 3374 3300; x_wconf 89' lang='lat' dir='ltr'><strong>in</strong></span> <span class='ocrx_word' id='word_1_690' title='bbox 3408 3253 3559 3316; x_wconf 85' lang='lat' dir='ltr'><strong>pote-</strong></span> 
     </span>
    </p>
   </div>
   <div class='ocr_carea' id='block_1_93' title="bbox 1974 3337 3562 3408">
    <p class='ocr_par' dir='ltr' id='par_1_93' title="bbox 1974 3337 3562 3408">
     <span class='ocr_line' id='line_1_93' title="bbox 1974 3337 3562 3408; baseline 0.001 -16"><span class='ocrx_word' id='word_1_691' title='bbox 1974 3346 2113 3394; x_wconf 71' lang='lat' dir='ltr'><strong>svate</strong></span> <span class='ocrx_word' id='word_1_692' title='bbox 2136 3337 2298 3393; x_wconf 89' lang='lat' dir='ltr'><strong>habet</strong></span> <span class='ocrx_word' id='word_1_693' title='bbox 2322 3345 2382 3392; x_wconf 92' lang='lat' dir='ltr'><strong>ut</strong></span> <span class='ocrx_word' id='word_1_694' title='bbox 2406 3338 2519 3408; x_wconf 88' lang='lat' dir='ltr'><strong>ipse</strong></span> <span class='ocrx_word' id='word_1_695' title='bbox 2544 3352 2603 3393; x_wconf 89' lang='lat' dir='ltr'><strong>se</strong></span> <span class='ocrx_word' id='word_1_696' title='bbox 2628 3345 2801 3404; x_wconf 92' lang='lat' dir='ltr'><strong>necet,</strong></span> <span class='ocrx_word' id='word_1_697' title='bbox 2829 3352 2928 3393; x_wconf 88' lang='lat' dir='ltr'><strong>nec</strong></span> <span class='ocrx_word' id='word_1_698' title='bbox 2953 3337 3112 3393; x_wconf 88' lang='lat' dir='ltr'><strong>habet</strong></span> <span class='ocrx_word' id='word_1_699' title='bbox 3135 3337 3188 3393; x_wconf 91' lang='lat' dir='ltr'><strong>in</strong></span> <span class='ocrx_word' id='word_1_700' title='bbox 3217 3345 3477 3407; x_wconf 88' lang='lat' dir='ltr'><strong>potestate</strong></span> <span class='ocrx_word' id='word_1_701' title='bbox 3503 3346 3562 3393; x_wconf 93' lang='lat' dir='ltr'><strong>nt</strong></span> 
     </span>
    </p>
   </div>
   <div class='ocr_carea' id='block_1_94' title="bbox 1975 3428 3558 3500">
    <p class='ocr_par' dir='ltr' id='par_1_94' title="bbox 1975 3428 3558 3500">
     <span class='ocr_line' id='line_1_94' title="bbox 1975 3428 3558 3500; baseline 0.001 -17"><span class='ocrx_word' id='word_1_702' title='bbox 1975 3442 2035 3485; x_wconf 84' lang='lat' dir='ltr'><strong>se</strong></span> <span class='ocrx_word' id='word_1_703' title='bbox 2061 3430 2175 3500; x_wconf 90' lang='lat' dir='ltr'><strong>ipse</strong></span> <span class='ocrx_word' id='word_1_704' title='bbox 2201 3428 2516 3497; x_wconf 90' lang='lat' dir='ltr'><strong>resuscitet;</strong></span> <span class='ocrx_word' id='word_1_705' title='bbox 2545 3437 2606 3486; x_wconf 26' lang='lat' dir='ltr'><strong>et.</strong></span> <span class='ocrx_word' id='word_1_706' title='bbox 2625 3429 2683 3484; x_wconf 84' lang='lat' dir='ltr'><strong>fit</strong></span> <span class='ocrx_word' id='word_1_707' title='bbox 2702 3430 2723 3462; x_wconf 86' lang='grc'><strong><em>²</em></strong></span> <span class='ocrx_word' id='word_1_708' title='bbox 2750 3430 2802 3483; x_wconf 92' lang='lat' dir='ltr'><strong>in</strong></span> <span class='ocrx_word' id='word_1_709' title='bbox 2831 3443 2898 3485; x_wconf 91' lang='lat' dir='ltr'><strong>eo</strong></span> <span class='ocrx_word' id='word_1_710' title='bbox 2923 3444 3019 3500; x_wconf 90' lang='lat' dir='ltr'><strong>per</strong></span> <span class='ocrx_word' id='word_1_711' title='bbox 3038 3437 3263 3485; x_wconf 90' lang='lat' dir='ltr'><strong>mortem</strong></span> <span class='ocrx_word' id='word_1_712' title='bbox 3287 3439 3342 3484; x_wconf 94' lang='lat' dir='ltr'><strong>ut</strong></span> <span class='ocrx_word' id='word_1_713' title='bbox 3369 3443 3429 3487; x_wconf 88' lang='lat' dir='ltr'><strong>se</strong></span> <span class='ocrx_word' id='word_1_714' title='bbox 3451 3444 3558 3485; x_wconf 91' lang='lat' dir='ltr'><strong>non</strong></span> 
     </span>
    </p>
   </div>
   <div class='ocr_carea' id='block_1_95' title="bbox 1978 3522 3561 3594">
    <p class='ocr_par' dir='ltr' id='par_1_95' title="bbox 1978 3522 3561 3594">
     <span class='ocr_line' id='line_1_95' title="bbox 1978 3522 3561 3594; baseline 0 -16"><span class='ocrx_word' id='word_1_715' title='bbox 1978 3524 2146 3593; x_wconf 88' lang='lat' dir='ltr'><strong>possit</strong></span> <span class='ocrx_word' id='word_1_716' title='bbox 2166 3523 2451 3589; x_wconf 86' lang='lat' dir='ltr'><strong>viviticare,</strong></span> <span class='ocrx_word' id='word_1_717' title='bbox 2480 3537 2579 3579; x_wconf 88' lang='lat' dir='ltr'><strong>nec</strong></span> <span class='ocrx_word' id='word_1_718' title='bbox 2605 3526 2664 3578; x_wconf 87' lang='lat' dir='ltr'><strong>tit</strong></span> <span class='ocrx_word' id='word_1_719' title='bbox 2688 3523 2741 3577; x_wconf 91' lang='lat' dir='ltr'><strong>in</strong></span> <span class='ocrx_word' id='word_1_720' title='bbox 2766 3537 2834 3579; x_wconf 90' lang='lat' dir='ltr'><strong>eo</strong></span> <span class='ocrx_word' id='word_1_721' title='bbox 2860 3537 2955 3593; x_wconf 90' lang='lat' dir='ltr'><strong>per</strong></span> <span class='ocrx_word' id='word_1_722' title='bbox 2975 3522 3133 3578; x_wconf 89' lang='lat' dir='ltr'><strong>vitam</strong></span> <span class='ocrx_word' id='word_1_723' title='bbox 3153 3531 3207 3578; x_wconf 90' lang='lat' dir='ltr'><strong>ut</strong></span> <span class='ocrx_word' id='word_1_724' title='bbox 3230 3537 3290 3579; x_wconf 90' lang='lat' dir='ltr'><strong>se</strong></span> <span class='ocrx_word' id='word_1_725' title='bbox 3310 3537 3414 3577; x_wconf 90' lang='lat' dir='ltr'><strong>non</strong></span> <span class='ocrx_word' id='word_1_726' title='bbox 3437 3537 3561 3594; x_wconf 88' lang='lat' dir='ltr'><strong>pos-</strong></span> 
     </span>
    </p>
   </div>
   <div class='ocr_carea' id='block_1_96' title="bbox 1977 3614 3559 3686">
    <p class='ocr_par' dir='ltr' id='par_1_96' title="bbox 1977 3614 3559 3686">
     <span class='ocr_line' id='line_1_96' title="bbox 1977 3614 3559 3686; baseline -0.001 -16"><span class='ocrx_word' id='word_1_727' title='bbox 1977 3616 2045 3670; x_wconf 86' lang='lat' dir='ltr'><strong>sit</strong></span> <span class='ocrx_word' id='word_1_728' title='bbox 2071 3615 2330 3672; x_wconf 87' lang='lat' dir='ltr'><strong>occidcre.</strong></span> <span class='ocrx_word' id='word_1_729' title='bbox 2362 3614 2515 3684; x_wconf 86' lang='lat' dir='ltr'><strong>Quod</strong></span> <span class='ocrx_word' id='word_1_730' title='bbox 2543 3615 2585 3669; x_wconf 92' lang='lat' dir='ltr'><strong>si</strong></span> <span class='ocrx_word' id='word_1_731' title='bbox 2616 3629 2721 3669; x_wconf 92' lang='lat' dir='ltr'><strong>non</strong></span> <span class='ocrx_word' id='word_1_732' title='bbox 2746 3614 2900 3679; x_wconf 88' lang='lat' dir='ltr'><strong>dicis,</strong></span> <span class='ocrx_word' id='word_1_733' title='bbox 2928 3615 3176 3685; x_wconf 89' lang='lat' dir='ltr'><strong>quoniam</strong></span> <span class='ocrx_word' id='word_1_734' title='bbox 3199 3615 3377 3671; x_wconf 89' lang='lat' dir='ltr'><strong>cernis</strong></span> <span class='ocrx_word' id='word_1_735' title='bbox 3401 3630 3559 3686; x_wconf 88' lang='lat' dir='ltr'><strong>quam</strong></span> 
     </span>
    </p>
   </div>
   <div class='ocr_carea' id='block_1_97' title="bbox 1977 3707 3562 3774">
    <p class='ocr_par' dir='ltr' id='par_1_97' title="bbox 1977 3707 3562 3774">
     <span class='ocr_line' id='line_1_97' title="bbox 1977 3707 3562 3774; baseline -0.002 -10"><span class='ocrx_word' id='word_1_736' title='bbox 1977 3710 2047 3765; x_wconf 86' lang='lat' dir='ltr'><strong>sit</strong></span> <span class='ocrx_word' id='word_1_737' title='bbox 2073 3710 2367 3774; x_wconf 87' lang='lat' dir='ltr'><strong>insulsum;</strong></span> <span class='ocrx_word' id='word_1_738' title='bbox 2396 3724 2492 3763; x_wconf 90' lang='lat' dir='ltr'><strong>cur</strong></span> <span class='ocrx_word' id='word_1_739' title='bbox 2516 3708 2710 3763; x_wconf 87' lang='lat' dir='ltr'><strong>malam</strong></span> <span class='ocrx_word' id='word_1_740' title='bbox 2737 3707 2869 3763; x_wconf 90' lang='lat' dir='ltr'><strong>dicis</strong></span> <span class='ocrx_word' id='word_1_741' title='bbox 2896 3707 3061 3763; x_wconf 91' lang='lat' dir='ltr'><strong>Deum</strong></span> <span class='ocrx_word' id='word_1_742' title='bbox 3091 3722 3303 3764; x_wconf 89' lang='lat' dir='ltr'><strong>creasse</strong></span> <span class='ocrx_word' id='word_1_743' title='bbox 3322 3707 3562 3763; x_wconf 86' lang='lat' dir='ltr'><strong>hominis</strong></span> 
     </span>
    </p>
   </div>
   <div class='ocr_carea' id='block_1_98' title="bbox 1980 3799 3562 3869">
    <p class='ocr_par' dir='ltr' id='par_1_98' title="bbox 1980 3799 3562 3869">
     <span class='ocr_line' id='line_1_98' title="bbox 1980 3799 3562 3869; baseline -0.003 -11"><span class='ocrx_word' id='word_1_744' title='bbox 1980 3813 2242 3868; x_wconf 90' lang='lat' dir='ltr'><strong>naturam,</strong></span> <span class='ocrx_word' id='word_1_745' title='bbox 2271 3803 2316 3857; x_wconf 91' lang='lat' dir='ltr'><strong>si</strong></span> <span class='ocrx_word' id='word_1_746' title='bbox 2340 3800 2468 3856; x_wconf 83' lang='lat' dir='ltr'><strong>fecit</strong></span> <span class='ocrx_word' id='word_1_747' title='bbox 2492 3801 2543 3855; x_wconf 91' lang='lat' dir='ltr'><strong>in</strong></span> <span class='ocrx_word' id='word_1_748' title='bbox 2570 3816 2634 3856; x_wconf 91' lang='lat' dir='ltr'><strong>eo</strong></span> <span class='ocrx_word' id='word_1_749' title='bbox 2657 3800 2795 3855; x_wconf 89' lang='lat' dir='ltr'><strong>mala</strong></span> <span class='ocrx_word' id='word_1_750' title='bbox 2821 3799 3067 3855; x_wconf 89' lang='lat' dir='ltr'><strong>voluntas</strong></span> <span class='ocrx_word' id='word_1_751' title='bbox 3090 3814 3158 3855; x_wconf 90' lang='lat' dir='ltr'><strong>ne</strong></span> <span class='ocrx_word' id='word_1_752' title='bbox 3180 3799 3357 3855; x_wconf 89' lang='lat' dir='ltr'><strong>redire</strong></span> <span class='ocrx_word' id='word_1_753' title='bbox 3382 3809 3562 3869; x_wconf 87' lang='lat' dir='ltr'><strong>posset</strong></span> 
     </span>
    </p>
   </div>
   <div class='ocr_carea' id='block_1_99' title="bbox 1978 3889 3561 3964">
    <p class='ocr_par' dir='ltr' id='par_1_99' title="bbox 1978 3889 3561 3964">
     <span class='ocr_line' id='line_1_99' title="bbox 1978 3889 3561 3964; baseline -0.003 -14"><span class='ocrx_word' id='word_1_754' title='bbox 1978 3895 2046 3950; x_wconf 90' lang='lat' dir='ltr'><strong>ad</strong></span> <span class='ocrx_word' id='word_1_755' title='bbox 2084 3895 2280 3950; x_wconf 91' lang='lat' dir='ltr'><strong>bonum</strong></span> <span class='ocrx_word' id='word_1_756' title='bbox 2303 3934 2318 3960; x_wconf 95' lang='lat'><strong>,</strong></span> <span class='ocrx_word' id='word_1_757' title='bbox 2350 3892 2593 3964; x_wconf 88' lang='lat' dir='ltr'><strong>quamvis</strong></span> <span class='ocrx_word' id='word_1_758' title='bbox 2618 3891 2671 3946; x_wconf 91' lang='lat' dir='ltr'><strong>in</strong></span> <span class='ocrx_word' id='word_1_759' title='bbox 2697 3905 2764 3946; x_wconf 91' lang='lat' dir='ltr'><strong>eo</strong></span> <span class='ocrx_word' id='word_1_760' title='bbox 2789 3906 2896 3947; x_wconf 92' lang='lat' dir='ltr'><strong>non</strong></span> <span class='ocrx_word' id='word_1_761' title='bbox 2926 3890 3112 3946; x_wconf 88' lang='lat' dir='ltr'><strong>fecerit</strong></span> <span class='ocrx_word' id='word_1_762' title='bbox 3142 3891 3389 3947; x_wconf 88' lang='lat' dir='ltr'><strong>voluntas</strong></span> <span class='ocrx_word' id='word_1_763' title='bbox 3422 3889 3561 3946; x_wconf 87' lang='lat' dir='ltr'><strong>bona</strong></span> 
     </span>
    </p>
   </div>
   <div class='ocr_carea' id='block_1_100' title="bbox 1979 3983 3564 4056">
    <p class='ocr_par' dir='ltr' id='par_1_100' title="bbox 1979 3983 3564 4056">
     <span class='ocr_line' id='line_1_100' title="bbox 1979 3983 3564 4056; baseline -0.002 -14"><span class='ocrx_word' id='word_1_764' title='bbox 1979 3995 2038 4042; x_wconf 89' lang='lat' dir='ltr'><strong>ut</strong></span> <span class='ocrx_word' id='word_1_765' title='bbox 2062 3987 2140 4043; x_wconf 89' lang='lat' dir='ltr'><strong>ire</strong></span> <span class='ocrx_word' id='word_1_766' title='bbox 2168 4002 2272 4042; x_wconf 89' lang='lat' dir='ltr'><strong>non</strong></span> <span class='ocrx_word' id='word_1_767' title='bbox 2304 3992 2487 4056; x_wconf 89' lang='lat' dir='ltr'><strong>posset</strong></span> <span class='ocrx_word' id='word_1_768' title='bbox 2513 3984 2564 4039; x_wconf 92' lang='lat' dir='ltr'><strong>in</strong></span> <span class='ocrx_word' id='word_1_769' title='bbox 2593 3984 2830 4039; x_wconf 83' lang='lat' dir='ltr'><strong>malum?</strong></span> <span class='ocrx_word' id='word_1_770' title='bbox 2854 3983 2985 4040; x_wconf 86' lang='lat' dir='ltr'><strong>Cum</strong></span> <span class='ocrx_word' id='word_1_771' title='bbox 3012 3983 3184 4040; x_wconf 90' lang='lat' dir='ltr'><strong>libero</strong></span> <span class='ocrx_word' id='word_1_772' title='bbox 3212 3984 3355 4040; x_wconf 91' lang='lat' dir='ltr'><strong>enim</strong></span> <span class='ocrx_word' id='word_1_773' title='bbox 3382 3983 3460 4039; x_wconf 90' lang='lat' dir='ltr'><strong>sic</strong></span> <span class='ocrx_word' id='word_1_774' title='bbox 3481 3994 3564 4039; x_wconf 88' lang='lat' dir='ltr'><strong>est</strong></span> 
     </span>
    </p>
   </div>
   <div class='ocr_carea' id='block_1_101' title="bbox 1979 4074 3561 4148">
    <p class='ocr_par' dir='ltr' id='par_1_101' title="bbox 1979 4074 3561 4148">
     <span class='ocr_line' id='line_1_101' title="bbox 1979 4074 3561 4148; baseline -0.004 -13"><span class='ocrx_word' id='word_1_775' title='bbox 1979 4090 2190 4135; x_wconf 90' lang='lat' dir='ltr'><strong>creatus</strong></span> <span class='ocrx_word' id='word_1_776' title='bbox 2214 4078 2452 4144; x_wconf 90' lang='lat' dir='ltr'><strong>arbitrio,</strong></span> <span class='ocrx_word' id='word_1_777' title='bbox 2480 4086 2538 4132; x_wconf 91' lang='lat' dir='ltr'><strong>ut</strong></span> <span class='ocrx_word' id='word_1_778' title='bbox 2562 4084 2743 4148; x_wconf 90' lang='lat' dir='ltr'><strong>posset</strong></span> <span class='ocrx_word' id='word_1_779' title='bbox 2763 4090 2868 4131; x_wconf 91' lang='lat' dir='ltr'><strong>non</strong></span> <span class='ocrx_word' id='word_1_780' title='bbox 2895 4090 3136 4146; x_wconf 89' lang='lat' dir='ltr'><strong>peccare,</strong></span> <span class='ocrx_word' id='word_1_781' title='bbox 3159 4074 3206 4131; x_wconf 89' lang='lat' dir='ltr'><strong>si</strong></span> <span class='ocrx_word' id='word_1_782' title='bbox 3230 4074 3430 4141; x_wconf 87' lang='lat' dir='ltr'><strong>nollet;</strong></span> <span class='ocrx_word' id='word_1_783' title='bbox 3455 4089 3561 4131; x_wconf 88' lang='lat' dir='ltr'><strong>non</strong></span> 
     </span>
    </p>
   </div>
   <div class='ocr_carea' id='block_1_102' title="bbox 1981 4166 3563 4239">
    <p class='ocr_par' dir='ltr' id='par_1_102' title="bbox 1981 4166 3563 4239">
     <span class='ocr_line' id='line_1_102' title="bbox 1981 4166 3563 4239; baseline -0.004 -13"><span class='ocrx_word' id='word_1_784' title='bbox 1981 4172 2108 4226; x_wconf 82' lang='lat' dir='ltr'><strong>utsi</strong></span> <span class='ocrx_word' id='word_1_785' title='bbox 2138 4170 2328 4237; x_wconf 85' lang='lat' dir='ltr'><strong>vellet,</strong></span> <span class='ocrx_word' id='word_1_786' title='bbox 2362 4170 2576 4239; x_wconf 90' lang='lat' dir='ltr'><strong>impune</strong></span> <span class='ocrx_word' id='word_1_787' title='bbox 2604 4174 2872 4239; x_wconf 86' lang='lat' dir='ltr'><strong>peccaret.</strong></span> <span class='ocrx_word' id='word_1_788' title='bbox 2910 4166 3046 4233; x_wconf 82' lang='lat' dir='ltr'><strong>Quid</strong></span> <span class='ocrx_word' id='word_1_789' title='bbox 3086 4181 3214 4236; x_wconf 85' lang='lat' dir='ltr'><strong>ergo</strong></span> <span class='ocrx_word' id='word_1_790' title='bbox 3257 4166 3479 4229; x_wconf 89' lang='lat' dir='ltr'><strong>mirum,</strong></span> <span class='ocrx_word' id='word_1_791' title='bbox 3518 4167 3563 4221; x_wconf 90' lang='lat' dir='ltr'><strong>si</strong></span> 
     </span>
    </p>
   </div>
   <div class='ocr_carea' id='block_1_103' title="bbox 1980 4257 3565 4333">
    <p class='ocr_par' dir='ltr' id='par_1_103' title="bbox 1980 4257 3565 4333">
     <span class='ocr_line' id='line_1_103' title="bbox 1980 4257 3565 4333; baseline -0.005 -14"><span class='ocrx_word' id='word_1_792' title='bbox 1980 4261 2356 4333; x_wconf 91' lang='lat' dir='ltr'><strong>delinquendo,</strong></span> <span class='ocrx_word' id='word_1_793' title='bbox 2381 4260 2484 4316; x_wconf 90' lang='lat' dir='ltr'><strong>hoc</strong></span> <span class='ocrx_word' id='word_1_794' title='bbox 2503 4269 2604 4326; x_wconf 88' lang='lat' dir='ltr'><strong>est,</strong></span> <span class='ocrx_word' id='word_1_795' title='bbox 2628 4258 2999 4316; x_wconf 89' lang='lat' dir='ltr'><strong>rectitudinem</strong></span> <span class='ocrx_word' id='word_1_796' title='bbox 3024 4274 3173 4315; x_wconf 89' lang='lat' dir='ltr'><strong>suam</strong></span> <span class='ocrx_word' id='word_1_797' title='bbox 3195 4259 3246 4313; x_wconf 92' lang='lat' dir='ltr'><strong>in</strong></span> <span class='ocrx_word' id='word_1_798' title='bbox 3271 4273 3373 4330; x_wconf 90' lang='lat' dir='ltr'><strong>qua</strong></span> <span class='ocrx_word' id='word_1_799' title='bbox 3399 4257 3565 4313; x_wconf 89' lang='lat' dir='ltr'><strong>factus</strong></span> 
     </span>
    </p>
   </div>
   <div class='ocr_carea' id='block_1_104' title="bbox 1980 4352 3559 4426">
    <p class='ocr_par' dir='ltr' id='par_1_104' title="bbox 1980 4352 3559 4426">
     <span class='ocr_line' id='line_1_104' title="bbox 1980 4352 3559 4426; baseline -0.004 -15"><span class='ocrx_word' id='word_1_800' title='bbox 1980 4366 2095 4412; x_wconf 90' lang='lat' dir='ltr'><strong>erat</strong></span> <span class='ocrx_word' id='word_1_801' title='bbox 2120 4356 2498 4426; x_wconf 80' lang='lat' dir='ltr'><strong>depravatione</strong></span> <span class='ocrx_word' id='word_1_802' title='bbox 2522 4353 2543 4386; x_wconf 84' lang='grc'>⁸</span> <span class='ocrx_word' id='word_1_803' title='bbox 2575 4354 2852 4423; x_wconf 86' lang='lat' dir='ltr'><strong>mutando,</strong></span> <span class='ocrx_word' id='word_1_804' title='bbox 2876 4369 3000 4410; x_wconf 90' lang='lat' dir='ltr'><strong>cum</strong></span> <span class='ocrx_word' id='word_1_805' title='bbox 3037 4352 3295 4423; x_wconf 91' lang='lat' dir='ltr'><strong>supplicio</strong></span> <span class='ocrx_word' id='word_1_806' title='bbox 3320 4360 3559 4407; x_wconf 87' lang='lat' dir='ltr'><strong>secutum</strong></span> 
     </span>
    </p>
   </div>
   <div class='ocr_carea' id='block_1_105' title="bbox 1981 4443 3563 4518">
    <p class='ocr_par' dir='ltr' id='par_1_105' title="bbox 1981 4443 3563 4518">
     <span class='ocr_line' id='line_1_105' title="bbox 1981 4443 3563 4518; baseline -0.004 -14"><span class='ocrx_word' id='word_1_807' title='bbox 1981 4457 2065 4504; x_wconf 90' lang='lat' dir='ltr'><strong>est</strong></span> <span class='ocrx_word' id='word_1_808' title='bbox 2099 4464 2204 4503; x_wconf 88' lang='lat' dir='ltr'><strong>non</strong></span> <span class='ocrx_word' id='word_1_809' title='bbox 2235 4461 2393 4518; x_wconf 89' lang='lat' dir='ltr'><strong>posse</strong></span> <span class='ocrx_word' id='word_1_810' title='bbox 2420 4455 2563 4502; x_wconf 87' lang='lat' dir='ltr'><strong>recta</strong></span> <span class='ocrx_word' id='word_1_811' title='bbox 2593 4447 2789 4518; x_wconf 83' lang='lat' dir='ltr'><strong>agere?</strong></span> <span class='ocrx_word' id='word_1_812' title='bbox 2817 4445 3078 4515; x_wconf 85' lang='lat' dir='ltr'><strong>Quamdiu</strong></span> <span class='ocrx_word' id='word_1_813' title='bbox 3117 4459 3245 4501; x_wconf 87' lang='lat' dir='ltr'><strong>vero</strong></span> <span class='ocrx_word' id='word_1_814' title='bbox 3284 4444 3336 4499; x_wconf 89' lang='lat' dir='ltr'><strong>in</strong></span> <span class='ocrx_word' id='word_1_815' title='bbox 3376 4443 3563 4499; x_wconf 86' lang='lat' dir='ltr'><strong>eadem</strong></span> 
     </span>
    </p>
   </div>
   <div class='ocr_carea' id='block_1_106' title="bbox 1984 4532 3573 4608">
    <p class='ocr_par' dir='ltr' id='par_1_106' title="bbox 1984 4532 3573 4608">
     <span class='ocr_line' id='line_1_106' title="bbox 1984 4532 3573 4608; baseline -0.004 -13"><span class='ocrx_word' id='word_1_816' title='bbox 1984 4538 2299 4595; x_wconf 88' lang='lat' dir='ltr'><strong>rectitudine</strong></span> <span class='ocrx_word' id='word_1_817' title='bbox 2327 4538 2505 4604; x_wconf 91' lang='lat' dir='ltr'><strong>stetit,</strong></span> <span class='ocrx_word' id='word_1_818' title='bbox 2536 4537 2589 4592; x_wconf 93' lang='lat' dir='ltr'><strong>in</strong></span> <span class='ocrx_word' id='word_1_819' title='bbox 2628 4553 2731 4608; x_wconf 91' lang='lat' dir='ltr'><strong>qua</strong></span> <span class='ocrx_word' id='word_1_820' title='bbox 2769 4545 2979 4608; x_wconf 90' lang='lat' dir='ltr'><strong>poterat</strong></span> <span class='ocrx_word' id='word_1_821' title='bbox 3015 4551 3123 4592; x_wconf 92' lang='lat' dir='ltr'><strong>non</strong></span> <span class='ocrx_word' id='word_1_822' title='bbox 3161 4549 3417 4606; x_wconf 89' lang='lat' dir='ltr'><strong>peccare,</strong></span> <span class='ocrx_word' id='word_1_823' title='bbox 3447 4532 3573 4589; x_wconf 91' lang='lat' dir='ltr'><strong>ideo</strong></span> 
     </span>
    </p>
   </div>
   <div class='ocr_carea' id='block_1_107' title="bbox 1982 4627 3566 4700">
    <p class='ocr_par' dir='ltr' id='par_1_107' title="bbox 1982 4627 3566 4700">
     <span class='ocr_line' id='line_1_107' title="bbox 1982 4627 3566 4700; baseline -0.004 -14"><span class='ocrx_word' id='word_1_824' title='bbox 1982 4646 2087 4686; x_wconf 92' lang='lat' dir='ltr'><strong>non</strong></span> <span class='ocrx_word' id='word_1_825' title='bbox 2131 4631 2336 4700; x_wconf 89' lang='lat' dir='ltr'><strong>accepit</strong></span> <span class='ocrx_word' id='word_1_826' title='bbox 2376 4629 2550 4700; x_wconf 86' lang='lat' dir='ltr'><strong>majus</strong></span> <span class='ocrx_word' id='word_1_827' title='bbox 2589 4627 2817 4699; x_wconf 89' lang='lat' dir='ltr'><strong>aliquid,</strong></span> <span class='ocrx_word' id='word_1_828' title='bbox 2847 4627 2953 4683; x_wconf 87' lang='lat' dir='ltr'><strong>hoc</strong></span> <span class='ocrx_word' id='word_1_829' title='bbox 2980 4635 3092 4695; x_wconf 93' lang='lat' dir='ltr'><strong>est,</strong></span> <span class='ocrx_word' id='word_1_830' title='bbox 3118 4640 3228 4682; x_wconf 93' lang='lat' dir='ltr'><strong>non</strong></span> <span class='ocrx_word' id='word_1_831' title='bbox 3256 4639 3414 4695; x_wconf 91' lang='lat' dir='ltr'><strong>posse</strong></span> <span class='ocrx_word' id='word_1_832' title='bbox 3439 4637 3566 4695; x_wconf 86' lang='lat' dir='ltr'><strong>pec-</strong></span> 
     </span>
    </p>
   </div>
   <div class='ocr_carea' id='block_1_108' title="bbox 1982 4714 3571 4792">
    <p class='ocr_par' dir='ltr' id='par_1_108' title="bbox 1982 4714 3571 4792">
     <span class='ocr_line' id='line_1_108' title="bbox 1982 4714 3571 4792; baseline -0.005 -16"><span class='ocrx_word' id='word_1_833' title='bbox 1982 4737 2128 4785; x_wconf 89' lang='lat' dir='ltr'><strong>care,</strong></span> <span class='ocrx_word' id='word_1_834' title='bbox 2159 4722 2281 4792; x_wconf 89' lang='lat' dir='ltr'><strong>quia</strong></span> <span class='ocrx_word' id='word_1_835' title='bbox 2308 4720 2363 4775; x_wconf 90' lang='lat' dir='ltr'><strong>in</strong></span> <span class='ocrx_word' id='word_1_836' title='bbox 2389 4735 2463 4774; x_wconf 79' lang='lat' dir='ltr'><strong>eo.</strong></span> <span class='ocrx_word' id='word_1_837' title='bbox 2480 4718 2619 4788; x_wconf 90' lang='lat' dir='ltr'><strong>quod</strong></span> <span class='ocrx_word' id='word_1_838' title='bbox 2648 4716 2851 4783; x_wconf 87' lang='lat' dir='ltr'><strong>habuit,</strong></span> <span class='ocrx_word' id='word_1_839' title='bbox 2883 4731 2992 4772; x_wconf 93' lang='lat' dir='ltr'><strong>non</strong></span> <span class='ocrx_word' id='word_1_840' title='bbox 3020 4730 3187 4786; x_wconf 88' lang='lat' dir='ltr'><strong>usque</strong></span> <span class='ocrx_word' id='word_1_841' title='bbox 3209 4714 3278 4770; x_wconf 87' lang='lat' dir='ltr'><strong>ad</strong></span> <span class='ocrx_word' id='word_1_842' title='bbox 3302 4715 3459 4769; x_wconf 84' lang='lat' dir='ltr'><strong>finem</strong></span> <span class='ocrx_word' id='word_1_843' title='bbox 3482 4728 3571 4769; x_wconf 73' lang='lat' dir='ltr'><strong>re-</strong></span> 
     </span>
    </p>
   </div>
   <div class='ocr_carea' id='block_1_109' title="bbox 1984 4796 3568 4879">
    <p class='ocr_par' dir='ltr' id='par_1_109' title="bbox 1984 4796 3568 4879">
     <span class='ocr_line' id='line_1_109' title="bbox 1984 4796 3568 4879; baseline -0.006 -11"><span class='ocrx_word' id='word_1_844' title='bbox 1984 4810 2368 4867; x_wconf 90' lang='lat' dir='ltr'><strong>munerationis</strong></span> <span class='ocrx_word' id='word_1_845' title='bbox 2390 4808 2557 4865; x_wconf 91' lang='lat' dir='ltr'><strong>voluit</strong></span> <span class='ocrx_word' id='word_1_846' title='bbox 2584 4821 2917 4879; x_wconf 86' lang='lat' dir='ltr'><strong>permanere.</strong></span> <span class='ocrx_word' id='word_1_847' title='bbox 2948 4805 3099 4875; x_wconf 87' lang='lat' dir='ltr'><strong>Quod</strong></span> <span class='ocrx_word' id='word_1_848' title='bbox 3129 4796 3270 4860; x_wconf 88' lang='lat' dir='ltr'><strong>enim</strong></span> <span class='ocrx_word' id='word_1_849' title='bbox 3299 4802 3568 4873; x_wconf 86' lang='lat' dir='ltr'><strong>accepturi</strong></span> 
     </span>
    </p>
   </div>
   <div class='ocr_carea' id='block_1_110' title="bbox 1984 4893 3572 4972">
    <p class='ocr_par' dir='ltr' id='par_1_110' title="bbox 1984 4893 3572 4972">
     <span class='ocr_line' id='line_1_110' title="bbox 1984 4893 3572 4972; baseline -0.005 -14"><span class='ocrx_word' id='word_1_850' title='bbox 1984 4912 2103 4960; x_wconf 88' lang='lat' dir='ltr'><strong>sunt</strong></span> <span class='ocrx_word' id='word_1_851' title='bbox 2125 4901 2316 4967; x_wconf 90' lang='lat' dir='ltr'><strong>sancti,</strong></span> <span class='ocrx_word' id='word_1_852' title='bbox 2339 4904 2429 4972; x_wconf 90' lang='lat' dir='ltr'><strong>qui</strong></span> <span class='ocrx_word' id='word_1_853' title='bbox 2456 4900 2507 4954; x_wconf 92' lang='lat' dir='ltr'><strong>in</strong></span> <span class='ocrx_word' id='word_1_854' title='bbox 2529 4900 2705 4955; x_wconf 85' lang='lat' dir='ltr'><strong>futuro</strong></span> <span class='ocrx_word' id='word_1_855' title='bbox 2726 4897 2924 4954; x_wconf 71' lang='lat' dir='ltr'><strong>smculo</strong></span> <span class='ocrx_word' id='word_1_856' title='bbox 2947 4898 2999 4952; x_wconf 93' lang='lat' dir='ltr'><strong>in</strong></span> <span class='ocrx_word' id='word_1_857' title='bbox 3020 4910 3246 4966; x_wconf 91' lang='lat' dir='ltr'><strong>corpore</strong></span> <span class='ocrx_word' id='word_1_858' title='bbox 3264 4893 3425 4950; x_wconf 87' lang='lat' dir='ltr'><strong>futuri</strong></span> <span class='ocrx_word' id='word_1_859' title='bbox 3446 4902 3572 4950; x_wconf 89' lang='lat' dir='ltr'><strong>sunt</strong></span> 
     </span>
    </p>
   </div>
   <div class='ocr_carea' id='block_1_111' title="bbox 1984 4987 3573 5068">
    <p class='ocr_par' dir='ltr' id='par_1_111' title="bbox 1984 4987 3573 5068">
     <span class='ocr_line' id='line_1_111' title="bbox 1984 4987 3573 5068; baseline -0.007 -15"><span class='ocrx_word' id='word_1_860' title='bbox 1984 4994 2246 5068; x_wconf 87' lang='lat' dir='ltr'><strong>spirituali</strong></span> <span class='ocrx_word' id='word_1_861' title='bbox 2268 5035 2285 5061; x_wconf 93' lang='lat'><strong>,</strong></span> <span class='ocrx_word' id='word_1_862' title='bbox 2315 4994 2434 5050; x_wconf 89' lang='lat' dir='ltr'><strong>sine</strong></span> <span class='ocrx_word' id='word_1_863' title='bbox 2473 4993 2774 5048; x_wconf 89' lang='lat' dir='ltr'><strong>interventu</strong></span> <span class='ocrx_word' id='word_1_864' title='bbox 2815 4990 3005 5046; x_wconf 86' lang='lat' dir='ltr'><strong>mortis</strong></span> <span class='ocrx_word' id='word_1_865' title='bbox 3044 4987 3218 5045; x_wconf 89' lang='lat' dir='ltr'><strong>fuerat</strong></span> <span class='ocrx_word' id='word_1_866' title='bbox 3253 4996 3573 5059; x_wconf 84' lang='lat' dir='ltr'><strong>accepturus</strong></span> 
     </span>
    </p>
   </div>
   <div class='ocr_carea' id='block_1_112' title="bbox 1985 5080 3571 5153">
    <p class='ocr_par' dir='ltr' id='par_1_112' title="bbox 1985 5080 3571 5153">
     <span class='ocr_line' id='line_1_112' title="bbox 1985 5080 3571 5153; baseline -0.006 -9"><span class='ocrx_word' id='word_1_867' title='bbox 1985 5088 2155 5144; x_wconf 82' lang='lat' dir='ltr'><strong>Adam</strong></span> <span class='ocrx_word' id='word_1_868' title='bbox 2174 5126 2191 5153; x_wconf 90' lang='lat'><strong>,</strong></span> <span class='ocrx_word' id='word_1_869' title='bbox 2218 5094 2279 5142; x_wconf 96' lang='lat' dir='ltr'><strong>ut</strong></span> <span class='ocrx_word' id='word_1_870' title='bbox 2302 5083 2598 5141; x_wconf 89' lang='lat' dir='ltr'><strong>ascendens</strong></span> <span class='ocrx_word' id='word_1_871' title='bbox 2624 5083 2693 5139; x_wconf 86' lang='lat' dir='ltr'><strong>ab</strong></span> <span class='ocrx_word' id='word_1_872' title='bbox 2716 5096 2783 5139; x_wconf 92' lang='lat' dir='ltr'><strong>eo</strong></span> <span class='ocrx_word' id='word_1_873' title='bbox 2805 5080 2947 5153; x_wconf 91' lang='lat' dir='ltr'><strong>quod</strong></span> <span class='ocrx_word' id='word_1_874' title='bbox 2974 5087 3157 5152; x_wconf 88' lang='lat' dir='ltr'><strong>posset</strong></span> <span class='ocrx_word' id='word_1_875' title='bbox 3180 5093 3287 5136; x_wconf 92' lang='lat' dir='ltr'><strong>non</strong></span> <span class='ocrx_word' id='word_1_876' title='bbox 3318 5081 3475 5149; x_wconf 88' lang='lat' dir='ltr'><strong>mori,</strong></span> <span class='ocrx_word' id='word_1_877' title='bbox 3504 5081 3571 5135; x_wconf 86' lang='lat' dir='ltr'><strong>ad</strong></span> 
     </span>
    </p>
   </div>
   <div class='ocr_carea' id='block_1_113' title="bbox 1986 5169 3574 5249">
    <p class='ocr_par' dir='ltr' id='par_1_113' title="bbox 1986 5169 3574 5249">
     <span class='ocr_line' id='line_1_113' title="bbox 1986 5169 3574 5249; baseline -0.004 -16"><span class='ocrx_word' id='word_1_878' title='bbox 1986 5177 2039 5234; x_wconf 90' lang='lat' dir='ltr'><strong>id</strong></span> <span class='ocrx_word' id='word_1_879' title='bbox 2070 5175 2372 5249; x_wconf 87' lang='lat' dir='ltr'><strong>perveniret</strong></span> <span class='ocrx_word' id='word_1_880' title='bbox 2401 5175 2490 5231; x_wconf 92' lang='lat' dir='ltr'><strong>ubi</strong></span> <span class='ocrx_word' id='word_1_881' title='bbox 2530 5188 2635 5231; x_wconf 93' lang='lat' dir='ltr'><strong>non</strong></span> <span class='ocrx_word' id='word_1_882' title='bbox 2675 5180 2856 5245; x_wconf 88' lang='lat' dir='ltr'><strong>posset</strong></span> <span class='ocrx_word' id='word_1_883' title='bbox 2893 5171 3064 5239; x_wconf 88' lang='lat' dir='ltr'><strong>mori;</strong></span> <span class='ocrx_word' id='word_1_884' title='bbox 3091 5179 3148 5229; x_wconf 90' lang='lat' dir='ltr'><strong>et</strong></span> <span class='ocrx_word' id='word_1_885' title='bbox 3171 5169 3466 5228; x_wconf 89' lang='lat' dir='ltr'><strong>ascendens</strong></span> <span class='ocrx_word' id='word_1_886' title='bbox 3505 5173 3574 5227; x_wconf 87' lang='lat' dir='ltr'><strong>ab</strong></span> 
     </span>
    </p>
   </div>
   <div class='ocr_carea' id='block_1_114' title="bbox 1986 5263 3574 5342">
    <p class='ocr_par' dir='ltr' id='par_1_114' title="bbox 1986 5263 3574 5342">
     <span class='ocr_line' id='line_1_114' title="bbox 1986 5263 3574 5342; baseline -0.006 -15"><span class='ocrx_word' id='word_1_887' title='bbox 1986 5286 2052 5328; x_wconf 92' lang='lat' dir='ltr'><strong>eo</strong></span> <span class='ocrx_word' id='word_1_888' title='bbox 2076 5269 2218 5342; x_wconf 91' lang='lat' dir='ltr'><strong>quod</strong></span> <span class='ocrx_word' id='word_1_889' title='bbox 2244 5284 2350 5325; x_wconf 92' lang='lat' dir='ltr'><strong>non</strong></span> <span class='ocrx_word' id='word_1_890' title='bbox 2376 5282 2598 5340; x_wconf 88' lang='lat' dir='ltr'><strong>peccare</strong></span> <span class='ocrx_word' id='word_1_891' title='bbox 2617 5273 2820 5338; x_wconf 89' lang='lat' dir='ltr'><strong>posset,</strong></span> <span class='ocrx_word' id='word_1_892' title='bbox 2847 5264 2915 5322; x_wconf 90' lang='lat' dir='ltr'><strong>ad</strong></span> <span class='ocrx_word' id='word_1_893' title='bbox 2941 5264 2995 5321; x_wconf 92' lang='lat' dir='ltr'><strong>id</strong></span> <span class='ocrx_word' id='word_1_894' title='bbox 3014 5264 3320 5337; x_wconf 89' lang='lat' dir='ltr'><strong>perveniret</strong></span> <span class='ocrx_word' id='word_1_895' title='bbox 3339 5263 3429 5320; x_wconf 93' lang='lat' dir='ltr'><strong>ubi</strong></span> <span class='ocrx_word' id='word_1_896' title='bbox 3452 5274 3574 5332; x_wconf 65' lang='lat' dir='ltr'><strong>pec:</strong></span> 
     </span>
    </p>
   </div>
   <div class='ocr_carea' id='block_1_115' title="bbox 1986 5353 3573 5431">
    <p class='ocr_par' dir='ltr' id='par_1_115' title="bbox 1986 5353 3573 5431">
     <span class='ocr_line' id='line_1_115' title="bbox 1986 5353 3573 5431; baseline -0.008 -13"><span class='ocrx_word' id='word_1_897' title='bbox 1986 5378 2111 5418; x_wconf 87' lang='lat' dir='ltr'><strong>care</strong></span> <span class='ocrx_word' id='word_1_898' title='bbox 2134 5376 2241 5417; x_wconf 89' lang='lat' dir='ltr'><strong>non</strong></span> <span class='ocrx_word' id='word_1_899' title='bbox 2269 5368 2469 5431; x_wconf 89' lang='lat' dir='ltr'><strong>posset.</strong></span> <span class='ocrx_word' id='word_1_900' title='bbox 2490 5357 2611 5415; x_wconf 85' lang='lat' dir='ltr'><strong>Non</strong></span> <span class='ocrx_word' id='word_1_901' title='bbox 2629 5356 2829 5428; x_wconf 85' lang='lat' dir='ltr'><strong>quippe</strong></span> <span class='ocrx_word' id='word_1_902' title='bbox 2849 5354 2903 5412; x_wconf 91' lang='lat' dir='ltr'><strong>in</strong></span> <span class='ocrx_word' id='word_1_903' title='bbox 2927 5369 3156 5427; x_wconf 84' lang='lat' dir='ltr'><strong>corpore</strong></span> <span class='ocrx_word' id='word_1_904' title='bbox 3175 5353 3455 5426; x_wconf 82' lang='lat' dir='ltr'><strong>spirituali,</strong></span> <span class='ocrx_word' id='word_1_905' title='bbox 3478 5354 3573 5408; x_wconf 86' lang='lat' dir='ltr'><strong>sed</strong></span> 
     </span>
    </p>
   </div>
   <div class='ocr_carea' id='block_1_116' title="bbox 1987 5445 3575 5520">
    <p class='ocr_par' dir='ltr' id='par_1_116' title="bbox 1987 5445 3575 5520">
     <span class='ocr_line' id='line_1_116' title="bbox 1987 5445 3575 5520; baseline -0.006 -10"><span class='ocrx_word' id='word_1_906' title='bbox 1987 5455 2041 5510; x_wconf 89' lang='lat' dir='ltr'><strong>in</strong></span> <span class='ocrx_word' id='word_1_907' title='bbox 2064 5451 2280 5508; x_wconf 90' lang='lat' dir='ltr'><strong>animali</strong></span> <span class='ocrx_word' id='word_1_908' title='bbox 2306 5451 2476 5507; x_wconf 89' lang='lat' dir='ltr'><strong>factus</strong></span> <span class='ocrx_word' id='word_1_909' title='bbox 2498 5456 2637 5516; x_wconf 88' lang='lat' dir='ltr'><strong>erat,</strong></span> <span class='ocrx_word' id='word_1_910' title='bbox 2656 5448 2898 5520; x_wconf 86' lang='lat' dir='ltr'><strong>quamvis</strong></span> <span class='ocrx_word' id='word_1_911' title='bbox 2917 5447 3020 5504; x_wconf 88' lang='lat' dir='ltr'><strong>nisi</strong></span> <span class='ocrx_word' id='word_1_912' title='bbox 3041 5454 3332 5519; x_wconf 88' lang='lat' dir='ltr'><strong>peccasset,</strong></span> <span class='ocrx_word' id='word_1_913' title='bbox 3355 5445 3575 5501; x_wconf 87' lang='lat' dir='ltr'><strong>minime</strong></span> 
     </span>
    </p>
   </div>
   <div class='ocr_carea' id='block_1_117' title="bbox 1988 5539 3573 5613">
    <p class='ocr_par' dir='ltr' id='par_1_117' title="bbox 1988 5539 3573 5613">
     <span class='ocr_line' id='line_1_117' title="bbox 1988 5539 3573 5613; baseline -0.007 -12"><span class='ocrx_word' id='word_1_914' title='bbox 1988 5545 2268 5602; x_wconf 88' lang='lat' dir='ltr'><strong>morituro.</strong></span> <span class='ocrx_word' id='word_1_915' title='bbox 2292 5541 2450 5611; x_wconf 84' lang='lat' dir='ltr'><strong>Quia,</strong></span> <span class='ocrx_word' id='word_1_916' title='bbox 2478 5542 2616 5598; x_wconf 92' lang='lat' dir='ltr'><strong>sicut</strong></span> <span class='ocrx_word' id='word_1_917' title='bbox 2637 5540 2765 5599; x_wconf 92' lang='lat' dir='ltr'><strong>dicit</strong></span> <span class='ocrx_word' id='word_1_918' title='bbox 2791 5540 3098 5613; x_wconf 80' lang='lat' dir='ltr'><strong>Apostolus,</strong></span> <span class='ocrx_word' id='word_1_919' title='bbox 3125 5539 3250 5596; x_wconf 83' lang='lat' dir='ltr'><strong>Non</strong></span> <span class='ocrx_word' id='word_1_920' title='bbox 3273 5539 3415 5611; x_wconf 71' lang='lat' dir='ltr'><strong>prius</strong></span> <span class='ocrx_word' id='word_1_921' title='bbox 3437 5539 3573 5607; x_wconf 78' lang='lat' dir='ltr'><strong>quod</strong></span> 
     </span>
    </p>
   </div>
   <div class='ocr_carea' id='block_1_118' title="bbox 1986 5629 3572 5711">
    <p class='ocr_par' dir='ltr' id='par_1_118' title="bbox 1986 5629 3572 5711">
     <span class='ocr_line' id='line_1_118' title="bbox 1986 5629 3572 5711; baseline -0.006 -18"><span class='ocrx_word' id='word_1_922' title='bbox 1986 5637 2250 5711; x_wconf 59' lang='lat' dir='ltr'><strong>spiritale</strong></span> <span class='ocrx_word' id='word_1_923' title='bbox 2295 5645 2369 5691; x_wconf 70' lang='lat' dir='ltr'><strong>est</strong></span> <span class='ocrx_word' id='word_1_924' title='bbox 2390 5675 2411 5703; x_wconf 86' lang='lat'><strong>,</strong></span> <span class='ocrx_word' id='word_1_925' title='bbox 2453 5634 2544 5690; x_wconf 79' lang='lat' dir='ltr'><strong>sed</strong></span> <span class='ocrx_word' id='word_1_926' title='bbox 2586 5634 2729 5706; x_wconf 74' lang='lat' dir='ltr'><strong>quod</strong></span> <span class='ocrx_word' id='word_1_927' title='bbox 2763 5635 3019 5700; x_wconf 78' lang='lat' dir='ltr'><strong>animle;</strong></span> <span class='ocrx_word' id='word_1_928' title='bbox 3058 5642 3235 5706; x_wconf 75' lang='lat' dir='ltr'><strong>postea</strong></span> <span class='ocrx_word' id='word_1_929' title='bbox 3254 5673 3270 5701; x_wconf 93' lang='lat'><strong>,</strong></span> <span class='ocrx_word' id='word_1_930' title='bbox 3310 5629 3572 5703; x_wconf 76' lang='lat' dir='ltr'><strong>spiritualc</strong></span> 
     </span>
    </p>
   </div>
   <div class='ocr_carea' id='block_1_119' title="bbox 2052 5795 2718 5878">
    <p class='ocr_par' dir='ltr' id='par_1_119' title="bbox 2052 5795 2718 5878">
     <span class='ocr_line' id='line_1_119' title="bbox 2052 5795 2718 5878; baseline 0 0"><span class='ocrx_word' id='word_1_931' title='bbox 2052 5795 2071 5878; x_wconf 55' lang='grc' dir='ltr'><strong>Ξ</strong></span> <span class='ocrx_word' id='word_1_932' title='bbox 2511 5856 2600 5878; x_wconf 67' lang='grc' dir='ltr'><strong>...ε</strong></span> <span class='ocrx_word' id='word_1_933' title='bbox 2669 5847 2718 5878; x_wconf 70' lang='grc' dir='ltr'><strong>ει</strong></span> 
     </span>
    </p>
   </div>
   <div class='ocr_carea' id='block_1_120' title="bbox 2051 5847 3327 5977">
    <p class='ocr_par' dir='ltr' id='par_1_120' title="bbox 2051 5847 3327 5977">
     <span class='ocr_line' id='line_1_120' title="bbox 2051 5847 3327 5977; baseline 0.024 -28"><span class='ocrx_word' id='word_1_934' title='bbox 2051 5857 2073 5950; x_wconf 65' lang='grc' dir='ltr'><strong>ἶ</strong></span> <span class='ocrx_word' id='word_1_935' title='bbox 2105 5847 2772 5977; x_wconf 41' lang='lat' dir='ltr'><strong>Eliliiii&#39;ﬁgéa&#39;iiiaﬁz</strong></span> <span class='ocrx_word' id='word_1_936' title='bbox 2797 5910 3113 5962; x_wconf 66' lang='lat' dir='ltr'><strong>lamentantur</strong></span> <span class='ocrx_word' id='word_1_937' title='bbox 3135 5918 3199 5957; x_wconf 71' lang='grc' dir='ltr'><strong>ει</strong></span> <span class='ocrx_word' id='word_1_938' title='bbox 3224 5913 3327 5955; x_wconf 77' lang='grc'><strong>’⁸⁸³-</strong></span> 
     </span>
    </p>
   </div>
  </div>
