4150 6502
537 419 556 473 1
567 417 674 474 523

532 529 582 596 (I
611 527 728 584 Cor.
759 541 856 594 xv,
889 525 1003 599 46).
1039 522 1191 580 Unde
1227 522 1419 576 beatus
1453 516 1800 582 Ambrosius,
1843 513 1896 569 In
1946 509 2134 566 umbra

532 621 654 674 vitze
683 618 812 673 dicit
839 616 1010 672 Adam
1041 631 1163 671 esse
1205 612 1440 676 factum,
1480 609 1546 666 de
1577 625 1676 679 qtta
1707 613 1888 676 posset
1915 602 2130 666 cadere,

532 727 638 766 non
669 711 990 767 necessitate
1009 751 1024 774 ,
1055 707 1150 764 scd
1181 708 1452 762 voluntate
1483 703 1618 778 (Lib.
1649 702 1712 756 de
1741 695 2040 768 l’aradiso).
2075 694 2136 750 In

532 819 634 872 qua
662 803 842 874 utique
867 801 912 856 si
939 810 1201 866 maneret,
1229 799 1494 866 acciperet
1517 811 1636 850 eam
1665 793 1846 859 vitam,
1871 791 2022 862 cujus
2045 788 2132 844 illa

534 895 720 950 umbra
751 904 897 960 erat,
927 909 1086 964 quam
1114 892 1282 946 sancti
1308 888 1578 960 accepturi
1607 896 1758 954 sunt,
1787 902 1851 941 ex
1883 900 1985 956 qua
2012 898 2133 938 om-

533 985 662 1040 nino
683 984 876 1040 cadere
899 1000 1004 1038 non
1030 991 1297 1054 poterunt.
1321 981 1470 1036 Hanc
1493 993 1706 1050 queque
1731 976 2132 1040 mortalitatem,

533 1075 586 1129 in
627 1090 732 1145 qtta
775 1075 1012 1130 decurrit
1047 1071 1148 1129 hoc
1189 1072 1482 1139 saeculum,
1521 1085 1554 1128 e
1591 1068 1860 1125 contrario
1891 1065 2132 1121 umbram

532 1169 722 1222 mortis
751 1167 994 1238 intelligit
1019 1184 1032 1220 :
1061 1175 1288 1221 mortem
1315 1179 1463 1228 vero,
1495 1163 1648 1232 cujus
1675 1161 1791 1216 haec
1816 1159 2000 1214 umbra
2027 1168 2132 1224 est,

534 1261 677 1316 illam
703 1268 1108 1328 commemorat,
1140 1275 1258 1330 qua:
1287 1257 1522 1314 secunda
1549 1273 1693 1312 mors
1722 1255 1917 1310 dicitur
1946 1252 2130 1324 (Apoc.

489 1339 496 1344 ’
533 1367 624 1416 xx,
648 1352 730 1423 6),
755 1351 824 1408 de
848 1367 956 1424 qua
979 1366 1158 1418 nemo,
1186 1368 1306 1406 cum
1336 1350 1387 1405 in
1413 1365 1532 1405 eam
1560 1348 1783 1414 venerit,
1811 1353 2127 1402 revertetur.

532 1445 870 1514 Quicumque
897 1451 1074 1499 autem
1113 1443 1180 1498 de
1221 1444 1322 1502 hac
1359 1443 1545 1498 mortis
1583 1442 1770 1496 umbra
1817 1440 2132 1504 liberantur,

535 1549 641 1588 non
671 1534 742 1590 ad
767 1535 888 1588 vitae
923 1535 1167 1589 umbram
1197 1535 1404 1600 redire,
1433 1533 1527 1588 sed
1563 1533 1630 1587 ad
1656 1547 1773 1588 eam
1803 1531 1966 1585 vitam
1991 1544 2128 1600 pra:-

535 1633 789 1693 paratttur
817 1625 912 1690 ire,
945 1624 1013 1680 de
1037 1641 1144 1694 qua
1171 1640 1440 1696 nunquam
1468 1625 1748 1696 quisquam
1773 1622 1940 1693 possit
1963 1621 2128 1676 exire.

537 1714 608 1768 Ibi
635 1715 738 1770 erit
763 1724 818 1770 et
843 1716 957 1785 ipse
983 1716 1152 1770 Adam
1183 1733 1196 1770 :
1225 1717 1478 1786 quoniam
1504 1725 1647 1772 recte
1667 1715 1903 1770 creditur
1923 1712 2132 1770 Domini

535 1806 763 1864 adventu
792 1817 954 1878 atque
983 1807 1038 1862 in
1061 1807 1267 1864 inferna
1289 1809 1572 1874 descensu,
1595 1808 1662 1864 ab
1690 1807 1882 1863 inferni
1907 1806 2133 1862 vinculis

527 1914 638 1968 jam
665 1900 908 1967 solutus;
943 1909 999 1956 ut
1029 1901 1258 1972 primum
1288 1901 1380 1958 Dei
1411 1901 1638 1972 plasma,
1667 1899 1808 1972 quod
1835 1899 2131 1970 genitorem

534 2010 640 2048 non
668 1993 874 2058 habuit,
902 1994 998 2048 sed
1029 1994 1194 2050 Deum
1229 1993 1594 2049 tantummodo
1617 2003 1935 2057 creatorem,
1965 2001 2018 2046 et
2041 2006 2130 2046 se-

531 2085 766 2142 cundum
807 2101 1024 2142 carnem
1069 2087 1272 2156 primus
1316 2094 1467 2158 pater
1498 2085 1734 2152 Christi,
1765 2085 1904 2140 ultra
1945 2085 1996 2142 in
2027 2084 2134 2141 illis

536 2178 766 2236 vinculis
811 2194 918 2234 non
961 2187 1237 2246 maneret,
1269 2188 1430 2250 atque
1475 2189 1678 2234 aeterno
1718 2179 1982 2250 supplicio
2025 2194 2139 2238 non

535 2275 752 2343 periret.
781 2273 882 2330 Ubi
907 2281 1085 2330 autem
1105 2273 1309 2346 judicio
1335 2273 1700 2344 superexaltat
1722 2274 1738 2304 ¹
1767 2271 2138 2328 misericordia.

533 2363 738 2434 (Jacobi
759 2380 816 2432 ιι,
843 2365 958 2436 15),
987 2379 1090 2419 non
1117 2375 1240 2419 sunt
1267 2364 1460 2418 merita
1485 2363 1787 2434 cogitanda,
1812 2363 1906 2418 sed
1929 2363 2130 2436 gratia:

533 2459 688 2524 cujus
715 2465 800 2514 est
829 2465 972 2510 tanta
1003 2465 1059 2511 et
1087 2466 1193 2512 tam
1216 2457 1238 2488 ³
1265 2455 1623 2511 inscrntabilis
1651 2463 1812 2525 atque
1849 2454 2134 2524 investiga»

538 2547 660 2600 bilis
697 2546 960 2614 altitudo,
1003 2555 1060 2601 ut
1099 2555 1220 2618 post
1258 2546 1401 2601 illam
1443 2545 1764 2602 sententiam
1803 2561 1903 2616 qua
1933 2543 2133 2600 dictum

535 2647 640 2700 est,
673 2637 735 2694 Si
759 2639 870 2709 quis
898 2655 1000 2692 non
1025 2646 1226 2693 renatus
1254 2639 1406 2708 fuerit
1434 2654 1497 2692 ea:
1533 2653 1665 2706 aqua
1697 2646 1744 2690 et
1776 2637 1960 2706 spiritu
1979 2678 1992 2701 ,
2035 2653 2136 2695 non

535 2730 741 2783 intrabit
788 2729 840 2782 in
883 2745 1094 2802 regnum
1132 2728 1229 2784 Dei
1273 2727 1451 2800 (Joan.
1485 2746 1538 2786 tu
1559 2771 1575 2796 ,
1607 2727 1698 2802 5).;
1731 2730 2002 2785 videamus
2031 2729 2135 2784 alia

536 2819 750 2892 quando
777 2820 913 2882 bene
937 2823 1144 2882 meritis
1173 2821 1416 2878 fidelibus
1441 2839 1548 2878 non
1575 2823 1795 2878 concedi
1823 2822 1958 2878 ﬁlios
1984 2837 2130 2890 suos,

538 2921 598 2966 ut
619 2911 728 2966 sint
749 2912 801 2966 in
832 2928 996 2984 regno
1024 2913 1114 2968 Dei
1143 2929 1264 2969 cum
1296 2914 1604 2984 parentibus
1629 2915 1774 2980 suis;
1800 2915 1892 2971 scd
1921 2931 2026 2970 non
2053 2931 2138 2970 re-

533 3013 820 3073 generatus
835 3005 1082 3075 parvulos
1096 3005 1244 3062 exire
1260 3005 1328 3061 de
1344 3006 1444 3061 hac
1461 3005 1586 3073 vita,
1611 3005 1734 3060 dum
1753 3021 2134 3076 nonnunquam

535 3103 592 3149 et
627 3095 758 3168 ipsis
793 3096 905 3150 suis
943 3097 1254 3166 parentibus
1292 3097 1545 3152 ardenter
1581 3096 2043 3162 desiderantibus,
2081 3105 2138 3152 et

538 3186 795 3248 ministris
833 3186 1302 3250 Sacr-antemarum
1341 3189 1588 3243 alacriter
1617 3187 2026 3252 festinantibus,
2067 3187 2137 3244 ab

534 3280 1060 3355 omnipotentissimo
1077 3289 1139 3342 et
1160 3279 1664 3340 misericordissima
1685 3281 1800 3340 Deo
1822 3297 1928 3336 non
1955 3279 2139 3336 differ-

537 3387 623 3430 ttn:
671 3377 947 3446 paululum
995 3392 1144 3433 mors
1185 3391 1410 3444 eorum,
1454 3385 1511 3431 ut
1551 3375 1979 3432 Christianorum
2023 3371 2138 3432 nati

535 3477 729 3520 exeant
750 3466 772 3498 ³
797 3466 924 3526 hinc
947 3467 1142 3534 renati,
1174 3475 1230 3522 et
1257 3482 1430 3537 neque
1450 3465 1473 3498 δ
1499 3481 1664 3536 regno
1689 3465 1889 3522 Christi
1915 3465 2137 3537 suisque

535 3559 868 3628 genitoribus
900 3569 1152 3630 pereant;
1185 3557 1282 3614 sed
1319 3568 1608 3629 antequam
1635 3557 2004 3628 baptizcntur,
2036 3573 2135 3613 ex-

537 3649 744 3718 spirant
769 3667 781 3700 :
811 3665 930 3705 cum
957 3650 1242 3722 aliquando
1269 3649 1393 3704 filiis
1419 3649 1710 3705 infantibus
1739 3649 2052 3716 infidelium,
2081 3657 2138 3705 et

537 3741 754 3810 ipsam’
779 3741 978 3798 Christi
1019 3741 1243 3812 gratiam
1289 3740 1804 3812 bIaSphemantium,
1846 3740 1898 3795 in
1945 3753 2136 3796 manus

537 3830 965 3886 Christianorum
1004 3831 1234 3886 mirabili
1279 3831 1370 3886 Dei
1413 3833 1800 3901 gubernatione
1842 3831 2132 3901 perductis,

539 3933 820 3994 praestetur
845 3924 960 3978 lucc
985 3925 1180 3994 gratia,
1209 3933 1263 3977 ut
1289 3924 1343 3978 in
1371 3923 1465 3978 Dei
1495 3940 1715 3994 regnum
1745 3923 1814 3978 ab
1847 3923 2022 3994 impiis
2051 3940 2136 3980 se-

539 4015 710 4084 parati
741 4013 1049 4082 parentibus
1085 4015 1318 4069 veniant.
1351 4014 1452 4070 Ubi
1480 4015 1524 4070 si
1555 4033 1582 4066 a
1615 4026 1665 4070 te
1692 4025 1987 4086 qttteratur,
2015 4031 2134 4087 qua:

537 4107 610 4160 sit
633 4105 838 4176 justitia
867 4105 999 4172 ista;
1029 4105 1270 4176 profecto
1299 4106 1352 4161 in
1385 4105 1478 4160 illo
1506 4106 1784 4162 dialectico
1812 4117 1866 4162 et
1897 4106 2130 4176 philusoc

539 4196 698 4267 phico
735 4211 1020 4265 sermone,
1052 4213 1157 4269 quo
1200 4198 1292 4253 tibi
1334 4197 1531 4254 videris
1561 4199 1628 4254 de
1652 4199 1856 4270 justitia
1887 4199 1984 4255 Dei
2008 4200 2133 4254 dili-

535 4289 850 4359 gentissime
895 4289 1232 4360 diSputasse,
1281 4305 1386 4346 non
1435 4290 1643 4345 invenis
1687 4307 1828 4346 eam.
1875 4291 2133 4348 Dominus

539 4385 682 4435 enim
707 4383 956 4450 cognovit
974 4383 1322 4454 Cogitationes
1345 4382 1682 4452 sapientium,
1709 4383 1958 4453 quoniam
1981 4399 2132 4439 vanae

539 4479 666 4526 sunt
700 4471 870 4544 (Psal.
899 4489 1054 4540 xcm,
1083 4474 1172 4544 11)
1203 4491 1216 4527 :
1247 4483 1301 4528 et
1329 4473 1665 4530 abscondens
1703 4473 1820 4530 hate
1855 4490 1886 4528 a
1917 4475 2130 4544 sapieno

539 4565 680 4620 tibus
705 4574 759 4620 et
783 4563 1156 4636 prudentibus,
1183 4564 1440 4620 revelavit
1465 4580 1526 4620 ea
1555 4566 1785 4636 parvulis
1813 4565 2028 4640 (Matth.
2051 4583 2132 4634 χι,

535 4659 630 4732 25)
651 4701 665 4724 ,
695 4659 746 4714 id
781 4667 892 4726 est,
921 4658 1210 4718 humilibus
1229 4699 1245 4726 ,
1273 4667 1327 4714 et
1357 4675 1460 4714 non
1497 4659 1548 4713 in
1579 4675 1670 4714 sua
1703 4659 1894 4716 virtute
1913 4702 1927 4727 ,
1954 4659 2048 4716 sed
2077 4659 2128 4716 in

536 4751 763 4808 Domino
783 4751 1172 4808 conlidentibus
1199 4769 1210 4805 :
1237 4751 1376 4822 quod
1399 4761 1455 4806 tu
1475 4753 1560 4807 vel
1581 4769 1870 4823 nunquam,
1895 4754 1974 4808 vel
1996 4769 2131 4810 non-

535 4843 661 4900 dum
691 4859 812 4900 esse
835 4843 1092 4916 dignaris.
1123 4839 1182 4900 Si
1219 4859 1349 4916 ergo
1390 4845 1618 4918 quaeris,
1662 4845 1752 4900 ubi
1789 4845 1876 4901 vel
1919 4844 2128 4916 quando

540 4937 694 4992 detur
719 4935 924 4992 homini
953 4951 1060 4992 non
1084 4951 1242 5008 posse
1269 4951 1492 5006 peccare
1518 4955 1532 4991 :
1561 4937 1777 5008 praemia
1802 4953 1980 5008 quaere
2003 4953 2130 4993 san-

539 5037 744 5082 ctorum
763 5069 780 5096 ,
809 5043 928 5100 qua:
965 5037 1088 5100 post
1125 5027 1266 5082 hanc
1288 5027 1450 5082 vitam
1481 5028 1602 5082 illos
1625 5037 1834 5096 oportet
1861 5028 2124 5097 accipere.

538 5119 592 5174 Si
621 5129 798 5174 autem
827 5135 934 5176 non
959 5119 1158 5187 credis,
1189 5118 1412 5174 liberum
1439 5117 1670 5174 hominis
1693 5117 1998 5186 arbitrium,
2020 5135 2128 5190 quo

537 5217 684 5264 recte
703 5224 864 5280 agere
881 5211 1054 5280 potuit
1077 5221 1132 5266 et
1152 5209 1358 5274 debuit,
1381 5211 1582 5278 peccati
1609 5209 1804 5264 malitia
1827 5210 2122 5276 defecisse;

539 5302 685 5357 illum
709 5303 898 5356 saltem
921 5301 1172 5371 attende,
1212 5301 1304 5372 qui
1341 5301 1466 5357 dicit
1487 5342 1508 5368 ,_
1537 5300 1660 5356 Non
1691 5303 1826 5372 quod
1855 5303 1965 5357 volo
1983 5344 2008 5370 ι
2031 5305 2125 5362 hoc

601 5503 617 5534 ⁸
655 5509 762 5552 ltus.
791 5499 911 5550 Clar.
942 5505 996 5550 et
1029 5506 1161 5560 Itan,
1186 5500 1593 5562 supereru'tatur.
1625 5509 1774 5564 Port.,
1813 5505 2123 5568 superenat-

548 5569 621 5658 αὖ
655 5623 942 5686 Vignicrius,
980 5627 1111 5672 unua
1149 5621 1309 5673 etiam.
1352 5624 1512 5674 Codex
1535 5633 1683 5686 Port.,
1711 5633 1890 5678 tantae!
1909 5634 2026 5678 tam.

597 5687 622 5722 ³
655 5686 790 5746 Fditi,
817 5697 908 5734 non
930 5691 1120 5734 exeant.
1157 5686 1390 5736 Particula
1423 5701 1608 5748 negans
1631 5693 1916 5740 auctoritate
1951 5705 2120 5740 manu-

536 5751 818 5810 scriptorum
843 5755 1153 5808 expungitur.

598 5809 620 5839 ⁸
649 5808 810 5860 codex
832 5808 971 5866 clar.,
996 5817 1042 5857 et
1061 5822 1196 5866 teque

599 5870 621 5903 ³
655 5841 938 5936 ι’ἱσιιίέιιιιε,
959 5845 1010 5920 ἶνι
1029 5841 1258 5934 ipsi?“
1284 5885 1345 5922 ex
1371 5875 1533 5924 codice
1575 5883 1715 5935 corr,
1741 5883 1786 5925 et
1809 5874 1980 5938 ipsum.

1212 409 1458 468 OPERIS
1495 399 1912 464 lMPERFECTl
1948 397 2220 454 CONTRA
2259 396 2622 470 JULIANUM,
2663 398 2724 455 S.
2763 398 3132 457 AUGUSTINI

3693 405 3844 464 1521

2239 524 2375 578 ago;
2402 509 2489 564 sed
2522 511 2658 582 quod
2687 511 2771 564 odi
2791 555 2806 576 ,
2839 513 2968 566 illud
3007 514 3139 584 facio
3167 530 3186 568 :
3211 529 3367 584 quem
3401 530 3493 570 vos
3539 531 3644 572 non
3677 522 3845 576 vultis

2242 601 2418 656 vitiata
2444 604 2649 674 origine
2668 645 2686 668 ,
2711 603 2803 658 sed
2831 605 3154 676 praevalente
3180 607 3318 660 mala
3345 610 3736 665 consuetudine
3763 612 3844 666 Ia-

2239 691 2464 759 borare;
2498 709 2559 748 ac
2587 695 2664 750 sic
2691 695 2852 750 etiam
2885 711 2984 752 vos
3013 695 3252 752 fatemini
3283 698 3506 754 liberum
3533 699 3844 770 arbitrium,

2241 784 2380 842 male
2407 800 2464 840 se
2494 785 2708 854 utendo,
2739 802 2898 858 posse
2921 787 3184 856 deiicere;
3215 798 3270 844 et
3296 804 3399 844 non
3427 790 3588 844 vultis
3613 791 3704 846 illo
3731 800 3844 844 tam

2238 877 2424 948 grandi
2471 889 2718 949 peccato,
2772 892 2823 934 ut
2869 882 3012 936 omni
3064 881 3202 936 mala
3246 883 3634 937 consuetudine
3681 881 3848 940 fuerit

2239 969 2412 1038 majus
2440 979 2492 1024 et
2523 970 2708 1040 pejus,
2738 972 2910 1025 vitiari
2943 972 3178 1042 potuisse
3219 972 3269 1026 in
3303 973 3532 1028 humana
3564 983 3749 1027 natura
3777 973 3840 1027 li-

2239 1059 2425 1114 berum
2453 1061 2770 1128 arbitrium;
2803 1063 2854 1116 in
2882 1079 2986 1134 qua
3016 1063 3354 1136 depravanda
3383 1065 3576 1120 malam
3607 1081 3842 1124 consuc—

2239 1152 2475 1208 tudinem
2509 1163 2712 1210 tantum
2741 1155 2918 1212 dicitis
2957 1171 3112 1226 posse
3132 1197 3146 1220 ,
3179 1165 3236 1211 ut
3261 1171 3322 1212 se
3348 1155 3606 1227 perficere
3639 1158 3844 1214 bonum

2237 1243 2432 1299 clamet
2474 1245 2635 1300 homo
2679 1247 2852 1312 velle,
2899 1261 3000 1302 nec
3039 1262 3213 1316 posse.
3255 1247 3604 1302 [inmutabilis
3632 1258 3836 1312 autem,

2236 1349 2356 1390 cum
2385 1351 2488 1405 qua
2516 1335 2679 1392 homo
2703 1347 2914 1392 creatus
2943 1348 3026 1392 cst
3055 1347 3110 1393 et
3137 1347 3370 1402 creatur,
3399 1339 3486 1392 illa
3515 1337 3730 1393 libertas
3753 1349 3841 1394 est

2235 1427 2554 1492 Voluntatis,
2597 1445 2699 1498 qna
2737 1429 2877 1484 beati
2919 1445 3038 1486 esse
3064 1445 3252 1486 omnes
3281 1432 3560 1497 volumus,
3601 1440 3656 1486 et
3693 1432 3842 1486 nolle

2237 1532 2348 1571 non
2381 1533 2665 1588 possumus
2695 1535 2707 1572 :
2739 1519 2833 1575 sed
2876 1519 2990 1574 lucc
3035 1529 3093 1574 ut
3137 1520 3324 1576 beatus
3367 1520 3435 1576 sit
3475 1521 3700 1592 quisqtte
3730 1537 3842 1576 non

2237 1613 2459 1680 sufficit,
2491 1629 2592 1670 nec
2622 1623 2678 1669 ut
2706 1614 2844 1668 vivat
2879 1623 3028 1670 recte
3064 1631 3160 1685 per
3184 1615 3326 1686 quod
3357 1617 3543 1672 beatus
3571 1615 3642 1670 sit
3669 1633 3682 1668 :
3711 1615 3840 1684 quia

2237 1721 2343 1760 non
2372 1705 2444 1758 ita
2470 1713 2552 1760 est
2583 1705 2784 1760 homini
2813 1707 3094 1776 congenita
3124 1705 3343 1762 libertas
3371 1706 3717 1760 immutabilis
3741 1723 3839 1760 vo-

2237 1799 2455 1854 luntatis
2481 1815 2582 1870 qua
2611 1799 2737 1854 velit
2759 1799 3034 1871 possitque
3069 1797 3210 1854 bene
3243 1813 3434 1869 agere,
3463 1799 3596 1854 sicut
3635 1813 3840 1870 congen

2237 1891 2344 1946 nita
2375 1901 2456 1946 est
2484 1906 2586 1962 qua
2613 1891 2739 1946 velit
2765 1891 2952 1946 beatus
2977 1906 3132 1958 esse;
3161 1889 3304 1962 quod
3330 1905 3518 1946 omnes
3548 1889 3754 1958 volunt,
3780 1899 3838 1946 et

2237 1984 2326 2056 qui
2357 1993 2501 2040 recte
2528 1999 2686 2056 agere
2712 1984 2919 2038 nolunt.

2309 2075 2446 2130 XIII.
2477 2075 2596 2130 .1ι;ι..
2642 2075 2778 2142 Quid
2819 2075 2977 2145 igitur
3017 2073 3316 2130 confectum
3357 2075 3475 2129 est?
3507 2073 3677 2131 Unum
3711 2087 3840 2132 esse

2239 2169 2594 2224 necessarium
2619 2167 2687 2224 de
2712 2167 2942 2234 duobus,
2981 2179 3042 2222 ut
3082 2176 3174 2223 aut
3211 2167 3516 2222 confitearis
3548 2166 3714 2222 Adam
3756 2165 3838 2220 fa~

2236 2269 2380 2316 ctum
2405 2259 2558 2314 bonae
2586 2274 2706 2315 esse
2731 2259 3064 2326 substantiae,
3091 2273 3188 2314 nec
3217 2267 3458 2313 naturam
3489 2257 3606 2328 ejus
3640 2258 3836 2312 volun-

2237 2351 2369 2406 taria
2395 2351 2652 2422 qualitate
2670 2350 3017 2416 destructam,
3049 2357 3106 2406 et
3124 2349 3342 2405 deseras
3372 2349 3614 2404 naturale
3639 2365 3836 2419 pecca~

2240 2451 2348 2497 tum
2377 2461 2398 2504 ελ
2413 2450 2508 2496 aut
2527 2441 2573 2497 si
2597 2443 2767 2509 illum,
2797 2451 2854 2497 ut
2875 2439 3128 2497 hactenus
3149 2442 3395 2512 opinatus
3415 2457 3493 2508 es,
3514 2441 3838 2498 naturalium

2238 2532 2502 2588 malorum
2525 2547 2739 2588 causam
2766 2547 2887 2587 esse
2907 2530 3268 2598 contenderis,
3299 2542 3351 2586 et
3378 2532 3554 2601 ipsum
3583 2535 3832 2602 pessima:

2237 2625 2572 2692 substantiae,
2603 2633 2764 2694 atque
2802 2623 2868 2679 ad
2901 2623 3065 2679 Deum
3095 2633 3351 2694 vestrum,
3381 2623 3436 2680 id
3475 2632 3578 2694 est,
3611 2633 3756 2678 tuum
3781 2633 3838 2678 et

2237 2715 2536 2784 Manichzei,
2567 2717 2836 2787 pertinere
2855 2717 3189 2788 pronunties.

2311 2809 2438 2864 Ara.
2489 2807 2605 2864 Non
2653 2824 2774 2866 esse
2802 2808 3104 2865 confectum
3132 2809 3272 2880 quod
3302 2821 3454 2880 putas
3491 2825 3611 2866 esse
3647 2809 3834 2866 confe-

2237 2909 2402 2966 cuun,
2437 2909 2616 2954 nostra
2653 2901 2899 2970 superior
2939 2902 3220 2972 responsio
3245 2901 3500 2957 declarat.
3539 2901 3670 2958 Nam
3712 2919 3838 2958 cum

2239 2991 2377 3048 inter
2407 3007 2506 3047 nos
2535 2994 2762 3063 quaestio
2798 3002 3124 3062 verteretur,
3157 3005 3330 3050 utrum
3369 2997 3512 3050 male
3558 3011 3655 3051 usu
3683 2995 3838 3052 liberi

2238 3086 2465 3150 arbitrii,
2517 3101 2646 3143 cum.
2684 3102 2794 3156 quo
2831 3087 2992 3142 homo
3021 3098 3232 3144 creatus
3257 3097 3360 3156 est,
3405 3087 3576 3144 vitiari
3605 3089 3836 3159 potuerit

2239 3176 2336 3232 ista
2371 3177 2605 3242 libertas,
2635 3194 2702 3232 ne
2738 3177 2806 3232 ad
2844 3177 2981 3234 bene
3013 3179 3321 3248 vivendum,
3349 3181 3438 3250 qui
3473 3181 3486 3212 '
3516 3180 3654 3235 male
3681 3181 3834 3248 vixit,

2239 3279 2383 3326 esset
2411 3269 2654 3334 idoneus,
2688 3271 2786 3326 nisi
2814 3271 2998 3342 gratia:
3019 3273 3212 3327 virtute
3236 3282 3480 3340 sanatus;
3515 3283 3570 3328 ut
3591 3275 3834 3329 omittam

2237 3373 2454 3435 cratera,
2477 3378 2596 3434 qua:
2617 3362 2670 3420 in
2696 3361 2882 3418 eadem
2905 3364 3254 3434 responsione
3270 3363 3409 3418 dicta
3431 3375 3553 3420 sunt
3581 3365 3834 3435 plurima.

2239 3459 2539 3516 invenimus
2569 3456 2839 3516 hominem
2885 3455 2940 3516 in
2968 3471 3176 3516 summa
3205 3455 3604 3532 Scripturarutn
3629 3457 3844 3512 divina-

2238 3568 2358 3608 rum
2403 3554 2718 3608 auctoritate
2759 3553 3049 3617 dicentem,
3097 3553 3222 3608 Non
3243 3555 3380 3625 quod
3413 3553 3541 3619 colo,
3573 3550 3707 3625 [acia
3741 3549 3834 3608 lio-

2237 3660 2392 3710 num;
2418 3645 2507 3699 sed
2531 3645 2668 3715 quod
2693 3646 2811 3700 nolo
2837 3646 3052 3713 malum,
3076 3645 3170 3700 hoc
3201 3663 3318 3718 ago.
3353 3645 3406 3702 In
3438 3647 3630 3716 quibus
3653 3647 3836 3700 verbis

2237 3739 2514 3794 evidenter
2530 3749 2770 3808 apparet,
2791 3737 3014 3793 liberum
3033 3738 3310 3794 arbitrium
3328 3738 3470 3794 malo
3483 3753 3580 3792 suo
3597 3755 3694 3792 usu
3711 3752 3836 3794 esse

2237 3832 2499 3887 vitiatum.
2525 3830 2639 3886 Non
2671 3832 2814 3885 cnim
2843 3841 2968 3886 ante
2999 3841 3291 3900 peccatum,
3322 3846 3427 3900 quo
3455 3833 3590 3886 male
3607 3848 3734 3886 usus
3750 3839 3834 3888 0.4

2237 3924 2400 3980 homo
2429 3923 2600 3980 libero
2625 3923 2866 3987 arbitrio,
2907 3923 2960 3977 in
3005 3923 3096 3977 illa
3123 3923 3348 3993 paradisi
3397 3922 3650 3982 felicitate
3675 3933 3734 3978 et
3762 3923 3834 3982 ad

2238 4016 2374 4072 bene
2415 4015 2678 4086 agendum
2715 4029 2902 4085 magna
2943 4013 3192 4070 facilitate
3226 4015 3246 4045 ⁸
3273 4015 3624 4078 constitutus,
3649 4023 3835 4084 posset

2238 4110 2341 4166 hoc
2364 4111 2565 4166 dicere.
2594 4108 2699 4165 Sed
2727 4109 2830 4164 hoc
2857 4123 2952 4162 vos
2981 4124 3086 4162 non
3117 4108 3312 4162 vitiattc
3339 4108 3394 4162 in
3423 4109 3593 4178 primo
3615 4107 3836 4162 homine

2241 4211 2446 4256 natura:
2491 4199 2758 4266 humanae,
2805 4199 2902 4254 sed
2953 4199 3107 4252 mala:
3153 4199 3524 4260 consuetudini
3574 4199 3834 4270 cujusque

2237 4292 2466 4348 tribuitis
2501 4333 2516 4357 ,
2558 4306 2714 4362 quam
2759 4291 2859 4345 sibi
2901 4290 3280 4360 prati-alentem
3319 4289 3339 4321 ³
3371 4291 3574 4352 volens,
3609 4305 3706 4345 nec
3736 4305 3830 4344 va-

2235 4383 2354 4438 lens
2397 4382 2559 4436 homo
2607 4381 2837 4444 vincere,
2894 4395 3152 4450 suamque
3197 4380 3494 4436 libertatem
3535 4381 3600 4434 ad
3631 4381 3834 4438 bonum

2236 4475 2619 4545 perliciendum
2669 4475 2926 4544 integram
2975 4489 3082 4528 non
3133 4455 3448 4538 inveniens,
3510 4473 3688 4530 dicere
3729 4475 3836 4536 ista.

2234 4566 2602 4636 compellitur;
2653 4565 2803 4633 quasi
2845 4579 2974 4621 vero
3002 4566 3110 4620 vim
3141 4567 3540 4622 consuetudinis
3567 4567 3720 4621 mala:
3749 4567 3832 4623 in-

2233 4659 2591 4729 superabilem
2625 4657 2873 4728 patiatur,
2902 4667 2961 4713 ut
2980 4657 3048 4712 ab
3073 4673 3134 4713 ea
3161 4674 3219 4714 se
3249 4669 3432 4728 poscat
3463 4660 3550 4714 Dei
3576 4659 3744 4729 gratia
3767 4661 3830 4714 Ii-

2233 4750 2431 4818 berari,
2467 4750 2570 4805 nisi
2613 4749 2873 4803 infirmata
2916 4759 3124 4804 natura.
3175 4747 3307 4803 Nam
3339 4751 3428 4819 qui
3469 4750 3566 4804 ista
3593 4749 3827 4818 diccbat,

2232 4859 2353 4900 cum
2379 4843 2446 4898 ad
2477 4843 2576 4897 ista
2622 4842 2970 4912 pervenisset,
3011 4841 3098 4896 ubi
3141 4843 3237 4908 ait,
3292 4841 3450 4898 Video
3485 4843 3640 4898 aliam
3666 4846 3830 4916 legem

2231 4935 2286 4989 in
2310 4934 2544 4989 membris
2567 4935 2709 5000 meis,
2726 4944 3092 5006 repugnantem
3107 4935 3206 5006 legi
3221 4936 3398 4990 utentis
3419 4953 3558 5000 mete,
3583 4945 3630 4991 et
3657 4939 3828 5008 capti-

2231 5037 2430 5082 vantem
2450 5043 2530 5082 me
2551 5025 2641 5082 sub
2676 5025 2784 5098 lege
2821 5027 3028 5098 peccati,
3061 5043 3178 5098 quin
3203 5037 3274 5082 est
3309 5027 3360 5081 in
3401 5029 3630 5082 membris
3661 5029 3784 5084 meis
3803 5045 3824 5086 .'

2233 5119 2393 5173 Miser
2412 5134 2526 5190 ego,
2559 5118 2749 5188 inquit,
2779 5118 2949 5181 homo,
2976 5119 3088 5189 quis
3137 5135 3215 5171 me
3251 5117 3478 5172 liberabit
3517 5119 3579 5172 de
3618 5135 3830 5190 corpore

2232 5212 2404 5267 mortis
2425 5211 2619 5282 hujus?
2640 5209 2816 5266 Gratia
2847 5211 2940 5265 Dei
2959 5228 3049 5280 per
3070 5211 3246 5265 Iesum
3267 5211 3524 5266 Christum
3547 5211 3828 5267 Dominum

2231 5301 2656 5372 nostrttm(Rom.
2683 5318 2777 5360 vn.
2823 5303 2910 5366 I5,
2947 5302 3040 5368 ‘23,
3090 5302 3181 5368 24,
3228 5301 3344 5373 25).
3387 5303 3596 5371 Corpus
3636 5305 3826 5358 mortis

2229 5393 2497 5463 quomodo
2521 5394 2680 5448 vultis
2718 5393 3139 5463 interpretamini
3179 5412 3191 5448 :
3241 5403 3416 5449 tamen
3461 5394 3728 5449 infirmato
3763 5395 3830 5450 Ii.

2227 5487 2362 5540 bero
2385 5485 2628 5552 arbitrio,
2658 5483 2916 5540 inﬁrmata
2959 5493 3148 5542 natura
3193 5483 3289 5540 ista
3320 5485 3550 5556 dicebat,
3595 5497 3647 5541 et
3677 5487 3826 5542 desio

2229 5577 2448 5632 derabat
2475 5591 2572 5647 per
2603 5573 2694 5631 Dei
2724 5575 2947 5646 gratiam
2991 5575 3058 5632 de
3095 5577 3283 5631 mortis
3309 5591 3536 5648 corpore
3583 5577 3828 5646 liberari,

2294 5756 2306 5782 ι
2345 5751 2502 5801 Codex
2529 5759 2675 5814 Port.,
2695 5749 2826 5814 quia.

2292 5817 2310 5844 ¹
2347 5815 2479 5870 Edili,
2512 5811 2752 5874 felicitate.
2796 5811 2961 5862 Melius
2983 5819 3127 5872 Port.,
3155 5811 3402 5874 facilitate.

2305 5875 2316 5902 ⁵
2350 5877 2482 5937 mliti,
2514 5873 2848 5936 'prtt’t'alcnter.
2872 5873 3167 5939 Castigantur
3193 5889 3254 5926 ex
3280 5873 3638 5948 manuariptis.
