4150 6460
378 367 516 428 Ιτθῦ

376 487 462 541 ubi
493 497 602 538 non
630 477 772 551 quod
801 474 1014 533 volebat
1027 471 1218 545 agebat
1237 469 1460 534 bonum,
1488 463 1584 521 sed
1607 461 1803 518 malum
1827 459 1970 551 quod

375 573 564 630 oderat
590 550 839 626 faciebat.
873 566 1070 621 Verum
1101 561 1424 618 documento
1449 554 1781 612 evidentiore
1803 550 1975 606 vinci-

376 668 530 732 mini,
565 675 672 719 tam
711 659 913 733 grande
941 665 1215 729 peccatum
1247 651 1374 708 illud
1412 649 1576 704 fuisse
1605 645 1762 717 primi
1801 643 1975 733 homi-

371 760 498 822 nis,
555 766 614 810 ut
654 732 802 808 omni
867 749 1116 804 violentia
1172 739 1574 802 consuetudinis
1614 745 1760 794 esset
1808 732 1983 804 majus

375 859 437 904 et
479 847 651 918 pejus,
696 859 818 899 cum
862 841 1015 896 vobis
1077 836 1418 909 proferuntur
1473 830 1610 886 mala
1657 838 1980 900 puerorum,

375 958 503 1013 qua:
557 940 736 1010 utique
779 938 832 991 in
868 933 1114 1006 paradiso
1157 930 1328 985 futura
1374 941 1481 982 non
1537 923 1780 986 fuissent,
1829 919 1875 974 si
1926 925 1982 1013 ut

385 1011 510 1090 inde
530 1049 642 1088 non
680 1031 990 1102 pelleretur,
1044 1026 1098 1080 in
1147 1040 1208 1079 ea
1257 1018 1591 1077 rectitudinis
1631 1015 1900 1075 felicitate,
1930 1011 1985 1065 in

386 1143 492 1198 qua
535 1127 673 1188 facta
729 1135 812 1179 est
868 1130 1054 1176 natura
1109 1117 1362 1180 humana,
1413 1111 1718 1168 mansisset.
1763 1105 1896 1165 Nam
1933 1113 1992 1160 ut

385 1219 515 1273 talia
542 1228 813 1272 taceamus
842 1256 857 1282 ,
896 1227 1018 1283 quae
1047 1209 1246 1279 aliquot
1283 1204 1416 1260 locis
1450 1203 1562 1274 jam
1617 1199 1884 1261 diximus,
1939 1203 1994 1257 et

389 1321 445 1365 ut
502 1324 611 1364 non
681 1305 854 1361 solum
907 1303 1213 1365 indoctam,
1261 1311 1446 1352 verum
1495 1294 1656 1350 etiam
1707 1288 1992 1345 indocilem

391 1409 780 1473 prmtereamus
828 1394 1106 1451 infantiam
1159 1408 1174 1446 :
1224 1403 1401 1445 nonne
1442 1384 1632 1456 aliquis
1678 1397 1812 1452 puer
1850 1379 2000 1434 acci-

396 1471 549 1566 piens
596 1507 627 1546 a
679 1488 934 1560 magistro
971 1483 1114 1557 quod
1173 1479 1430 1538 memoria
1477 1476 1767 1540 retineret,
1811 1471 1998 1527 volens

398 1563 583 1640 tenere
608 1596 707 1637 nec
731 1579 935 1640 valens,
969 1577 1012 1632 si
1038 1583 1227 1648 posset
1249 1571 1450 1635 dicere,
1469 1566 1748 1624 verissime
1771 1563 1996 1627 diceret,

403 1674 568 1728 \‘idco
598 1671 755 1726 aliam
781 1669 953 1739 legem
987 1666 1040 1720 in
1071 1664 1249 1719 anima
1284 1676 1402 1717 mea
1425 1701 1440 1727 ,
1471 1663 1854 1728 repugnantem
1898 1651 1999 1722 legi

399 1763 692 1821 voluntatis
728 1777 882 1828 meze,
923 1767 979 1814 et
1016 1755 1372 1827 captivantem
1400 1766 1487 1806 me
1521 1749 1620 1804 sub
1662 1748 1778 1818 lege
1807 1743 2002 1800 ferula-

400 1875 542 1925 rum,
573 1872 692 1928 qua:
735 1855 978 1910 imminet
1002 1847 1258 1906 membris
1289 1844 1462 1900 meis?
1489 1842 1652 1897 Miser
1678 1853 1779 1909 ego
1817 1837 2000 1902 homo,

389 1949 523 2021 quis
551 1925 638 2003 me
683 1944 929 2001 liberabit
960 1941 1028 1996 de
1065 1952 1292 2009 corpore
1335 1933 1524 1990 mortis
1562 1929 1758 2001 hujus?
1797 1925 2004 1997 Corpus

391 2020 546 2105 enim
577 2035 922 2107 corruptibile
947 2040 1196 2104 aggravat
1223 2028 1476 2090 animam,
1506 2033 1567 2079 ut
1592 2021 1732 2094 quod
1754 2020 1869 2076 vult
1893 2033 2006 2075 me-

400 2131 574 2187 moria
605 2139 811 2192 tenere,
842 2141 949 2180 non
977 2123 1164 2194 possit.
1210 2121 1275 2175 Et
1303 2117 1371 2174 de
1399 2116 1502 2171 hoc
1526 2111 1856 2184 corruptibili
1883 2124 2007 2166 cor-

404 2237 536 2292 pore
563 2221 683 2291 quis
707 2219 918 2283 liberat,
949 2213 1052 2270 nisi
1087 2211 1259 2284 gratia
1289 2208 1382 2265 Dei
1409 2223 1505 2280 per
1528 2205 1710 2262 Jesum
1734 2201 2008 2258 Chrismm

411 2315 694 2372 Dominum
737 2307 1022 2366 nostrum?
1049 2307 1164 2361 sive
1201 2319 1324 2360 cum
1369 2301 1474 2358 hoc
1499 2308 1678 2366 exuta,
1731 2295 2011 2365 redempta

409 2405 608 2463 Christi
635 2402 895 2474 sanguine
926 2398 1104 2455 anima
1131 2395 1440 2467 requiescit,
1467 2391 1582 2449 sive
1603 2405 1723 2446 cum
1747 2385 2010 2456 corrupti-

411 2501 516 2555 bile
546 2497 648 2553 hoc
673 2495 858 2552 induet
877 2489 1334 2561 incorruptionem
1357 2487 1400 2557 (ι
1421 2486 1539 2541 Cor.
1563 2499 1656 2549 xv,
1685 2481 1803 2552 53),
1821 2489 1877 2536 et
1894 2486 2014 2550 post

412 2604 682 2646 :erumnas
707 2586 949 2658 corporis
978 2584 1174 2640 mortui
1217 2589 1437 2652 propter
1478 2585 1756 2650 peccatum
1782 2572 2016 2628 vivifica-

415 2683 614 2737 buntur
644 2688 699 2737 et
722 2693 949 2749 corpora
979 2674 1227 2733 mortalia
1257 2681 1442 2730 nostra
1492 2686 1587 2741 per
1631 2667 2016 2724 inhabitantem

411 2773 611 2830 Christi
642 2770 896 2841 Spiritum
921 2769 974 2822 in
1005 2765 1182 2822 nobis.
1227 2763 1428 2820 Contra
1468 2761 1622 2831 cujus
1662 2759 1908 2830 gratiam,
1952 2755 2018 2811 li—

313 2880 321 2885 ·
414 2865 560 2919 bene
583 2861 871 2916 voluntatis
900 2857 1180 2912 arbitrium
1222 2855 1260 2919 ⁸,
1304 2852 1507 2922 peccati
1539 2849 1790 2905 ancillam
1823 2847 2018 2902 volun-

416 2963 580 3010 tatem
608 2949 914 3007 defenditis.
944 2947 1054 3002 Nos
1077 2953 1254 3000 autem
1272 2958 1300 2997 a
1320 2941 1616 2999 Manichaee
1633 2941 1786 3010 longe
1809 2953 2016 3004 sumus,

417 3047 508 3117 qui
535 3053 738 3101 natura:
767 3042 920 3098 bona:
945 3040 1059 3096 sive
1089 3039 1141 3093 in
1167 3035 1480 3108 grandibus,
1511 3033 1625 3088 sive
1662 3033 1715 3088 in
1760 3029 2016 3102 parvulis,

416 3149 476 3197 et
501 3139 687 3194 vitium
711 3135 1030 3191 confitemur
1058 3139 1114 3188 et
1136 3129 1424 3185 medicum.

490 3229 631 3286 XIV.
669 3227 788 3284 Jun.
838 3225 929 3282 Sic
968 3221 1234 3296 disputavi
1277 3220 1560 3286 hactenus,
1585 3225 1643 3273 ut
1666 3230 1785 3272 mos
1823 3223 2022 3270 nostra

419 3323 544 3380 fidei
575 3318 876 3392 postulabat
903 3335 918 3371 :
950 3330 1136 3371 verum
1161 3327 1267 3368 non
1294 3310 1396 3366 hac
1422 3309 1594 3366 solum
1623 3315 1772 3379 parte
1796 3313 2022 3361 conten-

420 3425 528 3481 tus,
558 3429 710 3485 agam
739 3423 910 3467 tecum
941 3408 1194 3478 benigne,
1226 3414 1281 3460 et
1315 3403 1561 3460 consulto
1585 3415 1705 3456 eam
1732 3397 1862 3454 mihi
1901 3412 2026 3468 per-

421 3523 610 3565 sonam
648 3505 886 3570 induam,
918 3517 1038 3572 quze
1065 3497 1411 3570 prreceploris
1439 3494 1514 3551 tui
1539 3492 1818 3549 sententiae
1845 3489 2024 3544 favere

423 3600 690 3655 videatur.
730 3595 841 3651 Hoc
869 3601 1048 3647 autem
1078 3605 1140 3646 ea
1178 3588 1348 3661 gratia
1397 3585 1510 3650 fiet,
1561 3592 1620 3639 nt
1671 3591 1726 3637 tu
1771 3582 1823 3636 in
1858 3579 2024 3636 Mani-

421 3691 656 3756 cha:um,
685 3688 729 3742 si
759 3687 828 3741 ab
857 3699 922 3741 eo
947 3681 1197 3748 dissides,
1234 3691 1543 3749 oppugnare
1568 3672 1797 3745 cogaris.
1827 3662 2034 3727 Asser;

424 3782 556 3837 tioni
585 3779 782 3852 quippe
809 3785 1004 3833 nostra:
1035 3772 1167 3828 nihil
1197 3770 1406 3825 astutia:
1449 3768 1625 3822 inesse
1650 3765 1752 3820 hoc
1790 3764 1907 3834 ipso
1929 3761 2030 3818 do-

425 3873 656 3937 cebitur,
685 3885 806 3925 cum
833 3867 1203 3923 Tradncianus
1225 3878 1331 3918 non
1357 3860 1580 3923 invenit,
1603 3873 1710 3929 quo
1731 3855 2026 3912 Manichzno

424 3964 600 4037 possit
639 3963 924 4017 obsistere.
969 3957 1149 4028 Itaque
1192 3952 1474 4025 apparebit
1517 3959 1712 4021 quanta
1759 3949 1900 4004 inter
1931 3961 2030 4011 vos

434 4058 728 4128 eonjuralio
773 4055 862 4118 sit,
903 4066 1063 4123 quam
1093 4047 1390 4120 procuretis
1439 4043 1636 4100 mutuis
1663 4049 1854 4097 cuncta
1882 4055 2031 4096 com-

432 4149 660 4221 pendiis,
692 4144 906 4218 quando
937 4144 1076 4198 inter
1101 4156 1195 4195 vos
1210 4138 1443 4208 jurgium
1470 4133 1691 4190 excitari
1715 4148 1820 4187 non
1839 4139 2032 4201 potue-

431 4243 522 4298 rit.
553 4241 670 4308 Quo
714 4239 874 4308 igitur
907 4235 958 4291 id
987 4250 1071 4290 me
1099 4230 1326 4289 consilio
1354 4227 1644 4298 arripuisse
1680 4222 2026 4290 ostenderim,

431 4334 614 4390 animo
644 4330 858 4386 lectoris
883 4326 1078 4383 insidat
1107 4343 1120 4379 :
1152 4339 1294 4380 nunc
1318 4321 1428 4392 jam
1471 4332 1732 4389 persona},
1761 4331 1921 4389 quam
1947 4329 2034 4370 as-

434 4425 717 4489 sumimus,
745 4422 987 4475 oratione
1016 4420 1316 4488 fungamur.
1354 4413 1553 4470 Errant
1577 4411 1797 4467 omnino
1820 4409 1908 4482 qui
1936 4424 2034 4480 pu-

437 4526 550 4576 tant
573 4517 712 4570 hanc
737 4511 1133 4567 concretionem
1160 4506 1402 4578 corporis
1426 4504 1661 4559 habilem
1682 4505 1703 4535 ²
1725 4516 1845 4557 esse
1868 4500 2032 4572 justi-

439 4611 524 4665 tiae
556 4625 569 4662 :
601 4604 850 4664 omnibus
877 4601 1029 4657 bonis
1056 4599 1245 4655 studiis
1269 4603 1527 4665 repugnat
1550 4593 1672 4648 vilis
1698 4601 1886 4647 natura
1909 4607 2033 4647 ear-

439 4703 521 4759 nis
541 4708 596 4756 et
617 4696 910 4768 sanguinis.
943 4689 1210 4762 Quidquid
1238 4689 1694 4743 irritamentorum
1721 4691 1804 4739 est
1837 4682 2036 4737 lenoci-

439 4793 528 4850 nio
573 4802 865 4849 sensuum,
917 4784 984 4840 ad
1035 4779 1510 4852 perturbationem,
1555 4775 1666 4830 imo
1701 4770 2036 4832 eversionem

439 4886 635 4943 mentis
667 4881 916 4946 elabitur,
953 4893 1073 4951 qua:
1099 4876 1152 4932 in
1186 4875 1287 4930 hoc
1313 4887 1528 4929 caenum
1559 4868 1742 4926 nescio
1768 4882 1869 4939 qua
1895 4865 2034 4924 infe.-

439 4977 639 5032 licitate
677 4972 906 5043 dejecta,
947 4980 1238 5041 generosos
1282 4963 1510 5020 micatus
1548 4959 1696 5016 luteo
1737 4957 1910 5029 perdit
1941 4955 2038 5012 ad-

443 5073 637 5126 mixtu.
665 5067 782 5136 Ipsa
811 5071 1065 5135 quantum
1093 5060 1147 5114 in
1173 5072 1231 5114 se
1255 5064 1337 5112 est
1359 5053 1425 5108 ad
1451 5053 1626 5107 locum
1649 5065 1829 5116 suum,
1853 5048 1905 5104 id
1929 5057 2033 5115 est,

443 5161 509 5216 ad
539 5160 813 5229 superiora
843 5164 1067 5212 conatur
1104 5169 1118 5206 :
1163 5149 1258 5206 sed
1306 5157 1519 5204 terreno
1556 5143 1848 5199 afflictatur
1885 5155 2038 5212 erga-

443 5237 602 5310 stulo.
631 5253 868 5320 Denique
893 5263 1018 5310 cum
1047 5244 1114 5302 ad
1131 5241 1451 5314 pudicitiam
1477 5235 1706 5293 voluerit
1732 5232 2036 5300 subvolare,

445 5345 702 5416 glutenet
725 5342 927 5401 viscum
957 5335 1246 5406 voluptatis
1264 5333 1514 5389 obseenze
1539 5329 1607 5386 de
1628 5327 1858 5400 perustis
1876 5325 2040 5381 visce-

443 5437 595 5492 ribus
624 5433 923 5504 experitur.
960 5429 1083 5490 llam
1127 5428 1176 5484 si
1243 5424 1611 5482 liberalitatem
1665 5419 2040 5475 munificentiae

443 5512 804 5594 co'ncupiseat,
830 5519 1090 5580 avaritim,
1119 5532 1238 5586 quze
1269 5514 1500 5585 tegmine
1529 5510 1844 5582 frugalitatis
1867 5507 2043 5579 operi-

443 5623 555 5683 tur,
595 5607 1159 5676 manicisaretissitnis
1199 5605 1220 5637 ³
1259 5605 1558 5676 colligatur.
1594 5602 1878 5661 Enimvero
1915 5599 1960 5658 si
1986 5598 2038 5654 in

511 5753 529 5785 ⁸
567 5759 618 5800 ιιι
640 5749 807 5801 codice
831 5751 979 5803 Port.,
1003 5740 1222 5793 arbitrio.

511 5815 533 5876 ξ
571 5810 787 5876 ﬂabilem
809 5808 1112 5876 restituimus
1135 5816 1197 5876 ex
1221 5808 1329 5872 alas.

513 5874 536 5908 ⁸
565 5874 726 5926 Codex
747 5880 897 5933 t‘ort.,
920 5875 965 5921 et
988 5873 1286 5919 arcttsst'mts.

1768 341 1974 400 LIBER
2009 338 2297 397 SEXTUS.

3539 344 3674 402 1526

2083 460 2665 531 ωῳιειιιίιίθοιιειτιιιιὶω
2703 459 2930 532 quadam
2969 459 3194 516 voluerit
3220 459 3506 517 serenitate
3547 477 3678 516 con-

2087 554 2296 617 sistere,
2352 553 2596 609 obruitur
2635 554 2776 610 illico
2821 554 3080 625 grandlne
3117 555 3342 621 timoris,
3385 564 3441 610 et
3477 555 3679 612 doloris

2089 647 2357 717 procellis,
2392 656 2552 718 atque
2577 647 2644 702 ad
2671 647 2846 703 omnia
2878 664 3299 720 exsanguescens
3329 648 3509 717 dubia,
3537 665 3680 704 Cum-

2091 753 2188 808 pos
2214 738 2294 792 sui
2321 739 2338 770 ¹
2367 754 2471 793 ιιοη
2500 739 2690 793 sinitur
2718 755 2935 795 manere
2956 741 3186 796 consilii.
3211 740 3381 811 Junge
3409 741 3511 796 huc
3535 743 3674 812 igno-
3743 782 3753 788 .

2093 838 2326 885 rotarum
2349 846 2528 886 rerum
2561 841 2792 900 noctem,
2821 849 2924 903 qua
2942 833 3300 888 circumdatur
3321 834 3517 888 illuvie.
3548 835 3683 903 Quid

2095 923 2472 979 laudabilitatis
2512 923 2564 979 in
2601 939 2667 980 co
2708 925 3100 994 ειιειιίςειιιὶιηιιι·
3149 927 3439 990 animante,
3472 927 3559 995 qui
3590 941 3686 980 nec

2096 1017 2162 1070 ad
2193 1016 2399 1071 utilium
2437 1016 2755 1072 electionem
2780 1017 2962 1072 oculos
2991 1017 3229 1090 vigentes
3258 1018 3438 1082 habet,
3471 1028 3526 1073 et
3553 1019 3688 1072 inter

2100 1119 2440 1180 tempestates
2467 1111 2812 1182 cupiditatum
2834 1121 2888 1166 et
2907 1111 3273 1167 discriminum
3303 1128 3395 1167 sua
3420 1111 3690 1182 naufragia

2101 1218 2386 1257 numerare
2416 1218 2520 1256 non
2548 1202 2783 1258 sufficit?
2805 1203 2914 1259 Nec
2939 1214 3114 1259 tamen
3137 1204 3326 1274 aliquis
3362 1205 3475 1259 hrce
3501 1216 3691 1275 sponte
3755 1263 3768 1270 ,

2097 1293 2402 1362 depravat-.1:
2441 1294 2750 1350 substantia:
2792 1295 3053 1352 accidisse
3083 1297 3370 1351 mentiatur
3397 1315 3410 1350 :
3440 1297 3551 1366 ipsa
3581 1295 3690 1365 pri-

2104 1403 2310 1442 morum
2341 1387 2613 1443 hominum
2642 1389 2900 1444 institutio
2931 1389 3012 1444 his
3043 1389 3296 1444 arrumnis
3322 1389 3587 1443 invenitur
3606 1387 3692 1443 ob-

2103 1478 2284 1533 noxia.
2313 1479 2442 1534 Nam
2471 1489 2530 1534 ut
2555 1480 2655 1536 hoc
2681 1481 2840 1536 etiam
2867 1480 3052 1554 Moysi,
3076 1497 3230 1552 quem
3246 1479 3502 1537 Catholici
3530 1497 3692 1537 vene-

2105 1579 2310 1637 rantur,
2341 1573 2644 1629 tcstimonio
2669 1575 3080 1646 comprobetur;
3110 1575 3521 1645 experiebantur
3540 1575 3696 1645 primi

2107 1659 2354 1717 homines
2395 1663 2756 1718 carnificinam
2801 1664 3042 1731 timoris,
3091 1679 3224 1735 quos
3263 1665 3562 1730 intentatio,
3593 1663 3697 1718 nisi

2107 1751 2436 1819 obediSsent,
2465 1754 2680 1822 periculi
2711 1753 3005 1821 territabat,
3037 1763 3399 1825 quantumque
3424 1755 3489 1808 de
3517 1769 3698 1809 rerum

2107 1844 2393 1899 collatione
2418 1845 2740 1900 metiendum
2764 1855 2863 1904 est.
2885 1845 3336 1902 formidolosiores
3358 1845 3582 1916 posteris
3607 1861 3702 1901 eos

2109 1937 2393 2006 opinamur
2419 1935 2605 2004 fuisse,
2635 1952 2770 2008 quos
2812 1952 2969 2008 poena
3013 1937 3241 1992 necdum
3277 1939 3522 2008 cuiquam
3553 1952 3703 1992 com-

2111 2034 2260 2098 perta
2290 2027 2536 2082 vexabat.
2579 2027 2688 2083 Cur
2739 2029 2880 2084 enim
2911 2028 3099 2084 mortis
3141 2029 3491 2083 intentatione
3517 2036 3701 2098 quato-

2111 2125 2318 2182 rentur,
2345 2119 2436 2188 qui
2467 2118 2778 2174 nesciebant
2806 2119 2930 2190 quid
2973 2119 3297 2175 incommodi
3323 2119 3536 2175 afferret
3563 2119 3699 2174 intc-

2113 2211 2286 2266 ritus?
2333 2211 2769 2269 Sollicitabantur
2819 2213 3071 2268 nimirum
3127 2215 3256 2268 solis
3313 2211 3706 2284 suSpicionibus

2115 2305 2398 2360 malorum.
2432 2306 2488 2360 ln
2515 2322 2616 2376 qua
2640 2321 2772 2379 ergo
2800 2307 2890 2363 ille
2926 2308 3137 2362 animus
3181 2307 3562 2378 tranquillitate
3587 2322 3707 2360 con-

2117 2397 2350 2462 sisteret,
2383 2413 2541 2467 qnem
2576 2405 2684 2452 tam
2720 2413 2910 2469 aspera
2933 2398 3108 2454 hiems
3139 2398 3438 2454 formidinis
3480 2414 3709 2452 commo-

2115 2487 2311 2544 vebat?
2351 2489 2518 2544 Porro
2560 2489 2854 2560 ignorantia
2907 2505 3066 2560 quam
3109 2489 3399 2560 profunda,
3443 2506 3711 2559 quamque

2119 2581 2354 2652 patiendi
2384 2581 2501 2650 ejus
2520 2581 2653 2636 dura
2675 2581 2933 2647 Conditio,
2960 2593 3017 2636 ut
3043 2582 3256 2638 liberari
3282 2582 3348 2638 ab
3369 2599 3430 2637 ea
3451 2583 3548 2636 nisi
3579 2600 3706 2652 ιιτιυσ

2121 2673 2445 2729 varicatione
2474 2689 2578 2728 non
2611 2683 2788 2745 posset
2819 2691 2832 2728 :
2863 2675 3141 2730 scientiam
3168 2676 3364 2746 quippe
3394 2675 3520 2730 boni
3563 2676 3714 2730 mali-

2121 2782 2226 2836 que
2245 2809 2260 2834 ,
2291 2767 2494 2837 absque
2521 2783 2656 2823 ausu
2681 2767 3070 2825 condemnabili
3099 2783 3434 2840 nequaquam
3476 2769 3712 2840 capessi-

2123 2865 2290 2913 turus.
2321 2859 2434 2914 lloc
2452 2861 2554 2915 ita'
2571 2875 2771 2914 cmcum
2797 2869 2852 2914 et
2872 2875 3233 2916 aarumnosnm
3255 2861 3470 2928 animal,
3488 2861 3715 2931 inquies,

2122 2949 2283 3003 etiam
2311 2950 2573 3020 cupiditas
2600 2951 2778 3006 innata
2820 2951 3093 3016 reddebat,
3131 2967 3288 3022 quam
3314 2952 3389 3007 rei
3419 2952 3715 3007 interdicta:

2125 3049 2178 3096 ct
2197 3052 2447 3096 venustas
2479 3042 2722 3097 irritabat
2769 3050 2825 3098 et
2865 3043 3118 3098 suavitas.
3169 3042 3321 3109 Quod
3364 3053 3532 3098 totum
3575 3045 3715 3100 velut

2125 3147 2311 3204 parum
2341 3142 2485 3189 esset
2507 3133 2573 3188 ad
2605 3133 2968 3190 infelicitatem
2993 3135 3135 3190 illius
3161 3133 3584 3206 exprimendam,
3616 3137 3719 3192 im-

2127 3225 2435 3295 pugnationi
2479 3234 2682 3280 naturae
2726 3226 3018 3296 superioris
3068 3227 3371 3297 exponitur.
3413 3227 3545 3297 Quis
3590 3244 3718 3298 ergo

2127 3314 2263 3371 adeo
2282 3315 2529 3387 desipiat,
2564 3327 2619 3372 ut
2645 3317 2715 3373 ibi
2741 3317 3028 3389 quidquam
3061 3319 3183 3374 boni
3226 3319 3388 3375 fuisse
3412 3320 3717 3386 arbitretur,

2129 3407 2217 3463 ubi
2263 3416 2341 3462 tot
2385 3409 2719 3464 miseriarum
2774 3408 3126 3465 instrumenta
3171 3410 3408 3465 instituta
3454 3410 3720 3466 fateatur?

2131 3499 2382 3555 Pessima:
2410 3500 2568 3570 igitur
2606 3501 2950 3567 conditionis,
2984 3502 3569 3574 pessimaeqnelnaturte
3595 3519 3722 3560 caro

2131 3593 2231 3649 ista
2253 3593 2306 3648 in
2335 3593 2450 3649 istis
2477 3593 2664 3664 primis
2693 3594 2997 3650 hominibus
3021 3611 3198 3662 suum,
3234 3596 3376 3667 quod
3409 3597 3477 3653 ab
3501 3597 3722 3653 exordio

2133 3687 2366 3754 tenebat,
2389 3687 2643 3742 exseruit.
2668 3685 2814 3741 llane
2834 3697 3009 3742 autem
3035 3695 3140 3742 tam
3161 3687 3354 3742 malam
3372 3687 3722 3743 substantiam

2133 3778 2273 3833 Deus
2291 3776 2465 3832 bonus
2491 3794 2596 3831 non
2623 3777 2796 3847 potuit
2824 3775 3106 3832 fabricare.
3136 3776 3271 3846 Quid
3302 3792 3431 3849 ergo
3457 3785 3721 3849 superest,

2133 3869 2235 3924 nisi
2264 3877 2319 3923 ut
2347 3868 2609 3925 fateamur
2626 3869 2852 3924 alterum
2872 3884 2990 3924 esse
3004 3869 3196 3924 anima:
3217 3868 3482 3936 datorem,
3496 3869 3723 3923 alterum

2134 3961 2399 4016 lnteorum
2427 3961 2795 4017 conditorem?
2820 3961 2935 4016 Stat
2962 3970 3107 4017 certe
3145 3961 3440 4027 Maniehaai,
3464 3962 3616 4032 cujus
3644 3960 3726 4016 in-

2131 4050 2357 4107 dueram
2385 4066 2690 4122 personam,
2727 4052 2874 4107 acies
2915 4050 3178 4106 ordinata.
3211 4051 3347 4119 Quid
3391 4052 3728 4122 Opperiamur

2135 4145 2408 4216 intelligis,
2437 4145 2687 4200 videlicet
2708 4153 2765 4199 ut
2787 4145 2876 4214 qui
2899 4144 2946 4200 ei
2976 4143 3234 4200 adversus
3255 4153 3357 4212 est,
3377 4143 3725 4214 consequenti

2137 4237 2536 4308 impugnatione
2579 4236 2630 4292 id
2673 4236 3020 4292 demonstret.
3061 4235 3221 4308 Igitur
3261 4246 3495 4291 vestrum
3534 4235 3726 4308 dogma

2135 4345 2256 4386 cum
2287 4346 2354 4386 eo
2378 4331 2628 4402 confligat
2659 4348 2672 4384 :
2705 4329 2979 4401 apparebit
3011 4339 3186 4384 utrum
3226 4330 3344 4384 sine
3372 4329 3606 4400 pernicie
3632 4343 3720 4384 su:

2137 4423 2222 4479 vel
2251 4423 2439 4479 leviter
2467 4423 2634 4492 possit
2663 4421 2885 4477 moveri.
2914 4421 3284 4476 Pronuntiavit
3310 4429 3477 4486 certe,
3508 4435 3614 4475 non
3644 4433 3729 4473 so-

2137 4517 2250 4572 lum
2278 4516 2424 4571 nasci
2449 4529 2638 4571 omnes
2675 4513 2742 4570 de
2765 4513 3144 4568 commixtione
3177 4527 3460 4582 corporum
3482 4509 3726 4565 crimino-

2139 4622 2248 4672 sos,
2277 4622 2460 4661 verum
2509 4606 2681 4677 ipsum
2725 4603 2894 4660 Adam
2937 4603 3210 4672 culparum
3253 4601 3626 4656 necessitatem
3665 4599 3730 4654 de

2137 4697 2481 4752 concretione
2506 4696 2791 4760 viseerum,
2824 4703 2878 4749 et
2919 4693 3029 4746 limi
3060 4709 3123 4747 ex
3167 4707 3273 4762 quo
3312 4691 3483 4746 factus
3509 4699 3592 4745 cst
3616 4705 3732 4745 sor-

2139 4787 2296 4843 dibus
2320 4787 2580 4841 attulisse.
2605 4784 2822 4848 Natura,
2849 4783 3034 4853 inquit,
3068 4783 3245 4837 carnis
3268 4782 3319 4835 in
3353 4781 3543 4851 primis
3567 4780 3733 4836 homi-

2141 4878 2299 4934 nibus
2331 4876 2430 4932 fuit
2467 4877 2657 4941 noxia;
2687 4874 2856 4946 ipsam
2883 4873 3166 4928 scintillam
3201 4871 3361 4926 animi
3413 4870 3590 4926 studio
3631 4871 3732 4926 ho-

2142 4969 2365 5026 nestatis
2403 4950 2770 5022 sublucentem
2800 4963 3080 5030 conclusit,
3113 4961 3418 5025 madefecit,
3459 4963 3731 5017 exstinxit.

2144 5059 2411 5131 lneptiunt
2439 5072 2658 5129 prorsus
2697 5053 2974 5120 Catholici,
3001 5053 3090 5124 qui
3128 5053 3459 5125 peccantium
3489 5054 3734 5111 testimo-

2143 5151 2247 5207 niis
2275 5150 2606 5214 obnitunlur,
2649 5156 2705 5204 et
2745 5161 2844 5201 nec
2881 5143 3216 5200 documentis
3251 5143 3480 5214 propriis
3517 5143 3732 5214 acquie-

2143 5255 2320 5309 scunt,
2348 5243 2696 5312 videntesque
2721 5254 2827 5295 non
2857 5254 2916 5294 se
2941 5237 3141 5294 bonum
3171 5236 3314 5308 quod
3340 5237 3523 5292 volunt
3552 5251 3733 5308 agere,

2144 5335 2241 5391 sed
2276 5335 2474 5390 malum
2504 5333 2649 5403 quod
2694 5338 3038 5388 exsecrantur
3081 5328 3311 5400 Operari,
3344 5336 3530 5399 putant
3557 5337 3732 5382 tamen

2145 5430 2201 5484 in
2225 5443 2385 5484 carne
2431 5442 2540 5482 non
2568 5441 2691 5482 esse
2727 5425 2853 5480 mali
2895 5423 3289 5480 necessitatem.
3329 5421 3424 5478 llis
3463 5437 3592 5498 ergo
3630 5430 3734 5484 tam

2145 5519 2408 5576 invidiose
2437 5518 2592 5572 dictis
2631 5515 3007 5587 congrediatur
3029 5513 3413 5582 Traducianus,
3438 5499 3686 5594 sl'potest
3716 5525 3730 5562 :

2146 5629 2246 5685 ego
2273 5611 2486 5668 interim
2524 5618 2790 5680 spectator
2833 5608 3048 5676 assiste,
3092 5615 3148 5664 et
3182 5605 3381 5672 exitum
3415 5602 3578 5668 yestri
3606 5614 3737 5670 cqn-

2211 5729 2230 5761 ί
2248 5797 2251 5798 ν
2267 5734 2317 5775 ιιι
2341 5724 2828 5798 editis_pro,_compos
2848 5722 2951 5785 sui,
2979 5709 3542 5787 legebatur,

2147 5791 2320 5841 dantur
2340 5800 2400 5836 ex
2420 5785 2584 5835 codice
2608 5793 2728 5835 Port.

2215 5853 2236 5887 ⁸
2267 5849 2427 5901 Codex
2449 5856 2592 5911 Port.,
2619 5847 2796 5911 itaque.
