4150 6474
589 294 726 351 1597

582 413 757 467 tlictus
782 412 1055 483 opperior.
1086 414 1231 484 Quid
1253 416 1432 492 itaque
1459 423 1809 494 respondebis
1850 428 2047 485 malam
2080 448 2174 488 na-

581 512 755 557 turam
783 503 1024 565 etiamin
1053 505 1239 576 primis
1267 509 1574 571 hominibus
1596 514 1760 571 fuisse
1775 517 2017 588 juranti'!
2046 522 2175 580 Sine

576 592 743 651 dubio
785 593 1011 666 referes,
1047 597 1213 655 Deum
1254 600 1598 663 formatorem
1637 608 1910 667 hominum
1940 630 2045 670 non
2078 633 2174 688 po-

575 683 741 742 tuisse
768 687 966 747 malum
994 690 1227 749 condere
1251 694 1393 764 quod
1419 698 1636 764 creavit,
1659 710 1715 756 et
1734 701 1857 759 ideo
1876 706 1999 776 quia
2030 683 2170 766 Deus

570 775 664 845 qui
688 776 889 835 malum
918 795 1023 834 non
1068 779 1223 850 facit,
1254 784 1498 848 homines
1531 788 1676 856 Iccit,
1712 775 2045 867 nequaquam
2074 815 2170 858 eos

571 866 888 926 naturaliter
903 871 1073 931 malos
1092 873 1324 943 probari.
1346 876 1531 935 Dixisti
1552 881 1773 952 aliquid,
1792 894 1848 941 et
1871 866 2162 948 varaciter:

570 958 666 1012 sed
693 957 822 1018 vide.
850 970 1026 1020 utrum
1066 964 1167 1025 hoc
1208 983 1295 1026 me
1333 969 1586 1031 debueris
1621 977 1874 1035 audiente
1899 983 2160 1052 proferre.

566 1048 683 1117 Qua
710 1051 855 1111 enim
883 1054 1076 1116 virtute
1122 1057 1474 1117 Maniebmum
1508 1070 1849 1126 concesseris
1898 1048 2003 1129 non
2031 1078 2161 1134 satis

564 1152 699 1195 curo
729 1141 979 1201 :interim
1008 1146 1061 1200 in
1097 1163 1212 1203 mea
1246 1158 1393 1211 totus
1411 1153 1532 1223 jura
1580 1158 1838 1215 transisti.
1866 1161 2035 1235 Capto
2066 1167 2157 1224 tibi

562 1230 671 1302 jam
699 1232 932 1295 delectat
966 1238 1221 1306 illudcre;
1263 1246 1474 1317 excipio
1516 1249 1713 1322 quippe
1748 1230 2156 1328 magno-plausu

561 1327 948 1398 professionem
968 1339 1134 1402 tuam,
1159 1343 1312 1407 teque
1335 1346 1392 1392 ut
1410 1338 1526 1409 ejus
1541 1343 1850 1400 memineris
1868 1327 2151 1407 admoneo.

563 1416 827 1489 Dignitate
855 1423 998 1484 enim
1018 1429 1274 1496 auctoris,
1295 1427 1347 1485 id
1372 1439 1457 1487 est
1475 1432 1592 1498 Dei,
1619 1433 1713 1506 qui
1731 1437 1929 1496 malum
1951 1455 2056 1497 non
2075 1442 2155 1499 fa-

557 1508 652 1576 cit,
677 1516 1027 1582 pronuntiasti
1052 1531 1214 1588 opera
1236 1520 1351 1590 cjus
1370 1521 1507 1578 bona
1528 1524 1727 1584 debere
1743 1532 1929 1586 asscri.
1950 1532 2149 1592 Omnes

556 1615 685 1670 ergo
713 1601 958 1665 homines
982 1605 1049 1662 de
1079 1608 1317 1673 instituta
1338 1627 1368 1667 a
1390 1613 1501 1670 Deo
1524 1631 1746 1674 sexuum
1768 1625 2148 1685 commixtione

550 1702 864 1763 generatos,
882 1711 915 1751 a
942 1696 1086 1768 Deo,
1105 1715 1172 1756 an
1197 1717 1227 1756 a
1252 1701 1467 1763 diabolo
1497 1707 1610 1765 lieri
1641 1712 1835 1780 putas?
1862 1714 1969 1770 Si-a
2000 1716 2140 1787 Deo;

549 1780 641 1852 qui
662 1798 756 1840 eos
774 1787 941 1843 audes
959 1803 1082 1845 reos
1103 1791 1377 1866 malosque
1396 1801 1763 1869 prOnuntiare,
1783 1819 1903 1860 cum
1925 1809 2140 1867 unicum

546 1870 745 1931 dixeris
772 1890 894 1934 esse
935 1879 1296 1939 testimonium
1340 1886 1509 1944 Adam
1556 1892 1669 1948 fieri
1715 1895 1871 1951 malzn
1910 1914 2019 1955 non
2043 1916 2140 1973 po-

546 1965 712 2024 tuisse
737 1975 964 2037 naturar,
995 1972 1116 2050 quia
1150 1974 1396 2033 conditus
1423 1993 1453 2032 a
1486 1979 1597 2035 Deo
1637 1984 1727 2054 qui
1756 1995 1841 2042 est
1882 1965 2133 2060 optimus,

546 2053 850 2117 indicetur?
880 2058 948 2120 Si
979 2075 1108 2134 ergo
1149 2077 1520 2138 argumentum
1564 2071 1703 2131 forte
1739 2086 1842 2146 est,
1872 2053 1969 2150 per
1992 2053 2132 2153 quod

538 2146 793 2205 credatur
828 2151 1120 2221 primorum
1168 2155 1563 2222 hominumrea
1591 2180 1698 2223 non
1743 2146 1982 2228 instituta
2006 2146 2133 2231 sub-

534 2237 751 2305 stantia,
785 2238 888 2297 hoc
917 2242 1090 2313 ipsum
1116 2247 1239 2317 quia
1267 2247 1409 2306 Deus
1434 2267 1552 2317 eam
1582 2256 1820 2314 condidit
1842 2276 2002 2333 quem
2027 2264 2128 2321 bo-

535 2341 664 2381 num
685 2325 943 2398 fatemur;
975 2345 1219 2392 remanet
1243 2337 1371 2402 illud
1407 2341 1459 2396 in
1489 2345 1756 2407 excidium
1784 2325 2035 2421 traducis,
2067 2365 2127 2415 ut

530 2426 586 2471 et
608 2433 798 2476 omnes
816 2421 884 2477 de
907 2425 1154 2498 conjugio
1177 2432 1385 2501 genitos
1399 2433 1615 2506 iniquos
1640 2441 1796 2496 condi
1819 2459 1929 2499 non
1941 2461 2122 2517 posse,

530 2500 722 2557 eodem
748 2506 1053 2563 testimonio
1078 2500 1478 2587 comprobatur,
1496 2500 1627 2590 quia
1650 2522 1790 2579 Deus
1814 2542 1907 2583 eos
1932 2500 2123 2591 condi:

523 2590 626 2658 dit,
656 2607 817 2667 quem
844 2594 1043 2652 bomrm
1072 2600 1316 2658 fatemur.
1342 2605 1434 2662 Sin
1454 2618 1633 2665 autem
1654 2619 1881 2685 etpost‘
1905 2618 2008 2675 hoc
2037 2638 2121 2683 ra-

530 2683 680 2739 biens
735 2687 1061 2760 impudentia
1097 2694 1280 2767 jurare
1323 2704 1636 2774 perstiterit,
1676 2683 1743 2764 et
1770 2726 1803 2766 a
1853 2713 1961 2769 Deo
2003 2715 2116 2782 lieri

527 2776 804 2847 parvulos,
825 2791 878 2837 et
905 2790 1079 2840 tamen
1107 2788 1276 2845 malos
1300 2805 1421 2849 esse
1441 2809 1536 2850 eos
1562 2800 1873 2858 naturaliter
1892 2821 1905 2857 :
1924 2805 2114 2861 catho-

524 2958 811 3029 pr.ejudicii
842 2978 1180 3037 comparatur
1215 2989 1230 3027 :
1262 2973 1610 3036 Maniclneum
1643 2991 1819 3041 tamen
1844 3000 2054 3047 constat
2079 3008 2110 3049 a

520 3047 670 3104 vobis
690 3065 1053 3127 oppugnatum
1090 3077 1195 3118 non
1235 3080 1376 3133 esse,
1401 3071 1490 3139 qui
1514 3072 1740 3131 libenter
1762 3080 1904 3149 quod
1944 3082 2107 3139 Deum

513 3140 813 3201 criminaris
824 3150 1195 3225 amplectitur;
1223 3158 1351 3215 illud
1371 3162 1459 3217 tibi
1478 3167 1681 3234 perisse
1692 3140 1993 3241 contentus,
2013 3191 2110 3248 per

513 3232 653 3300 quod
676 3234 847 3291 Adam
860 3242 1179 3308 conditionis
1192 3247 1345 3306 home
1361 3232 1541 3310 fueras
1558 3260 1856 3329 approbare
1866 3232 2103 3323 molitus.

584 3324 720 3380 Aac.
762 3328 895 3386 Cum
943 3334 1073 3393 mihi
1117 3338 1378 3400 adversus
1426 3324 1775 3408 Manichaium
1828 3367 2101 3416 certamen

514 3413 830 3487 ineundum,
865 3421 1066 3504 tibique
1094 3433 1442 3508 spectandum
1473 3437 1674 3497 diserta
1704 3446 1945 3505 czecitate
1973 3466 2101 3520 pro-

510 3504 687 3571 ponis,
728 3520 904 3578 partes
930 3522 1046 3572 tuas
1085 3504 1415 3587 improvidus
1453 3530 1698 3599 subruis;
1747 3544 1802 3591 et
1830 3504 2100 3609 quomodo

509 3592 655 3651 illam
687 3605 1014 3663 teterrimam
1047 3610 1211 3682 luem,
1241 3631 1401 3689 quam
1427 3621 1720 3683 Manit-hzco
1739 3629 1985 3691 funeStus
2007 3652 2097 3693 er-

507 3701 598 3742 ror
622 3689 866 3765 invexit,
889 3708 1137 3773 tanquam
1181 3710 1439 3777 pestifero
1467 3716 1688 3788 adjuves
1726 3722 1993 3796 dogmatis
2021 3733 2094 3787 tui

494 3775 654 3845 ﬂatu,
684 3786 846 3841 etiam
887 3789 972 3853 his
1012 3775 1343 3868 hominibus,
1375 3807 1465 3876 qui
1511 3775 1609 3864 s'uo
1640 3775 1916 3874 tardatitur
1940 3820 2092 3894 inge-

502 3871 614 3937 nio,
646 3883 705 3929 ut
732 3890 951 3945 possent
979 3882 1299 3959 intelligere,
1330 3871 1646 3963 praestitisti.
1675 3903 1805 3960 Nam
1837 3924 1958 3966 cum
1996 3871 2090 3971 illa

498 3978 619 4032 qua:
642 3966 712 4021 de
738 3972 859 4026 vita:
886 3972 1044 4046 hujus
1072 3984 1313 4040 mortalis
1350 3993 1819 4069 corruptibilisquc
1859 4003 2090 4063 miseriis

486 4054 716 4124 copiose
742 4070 798 4115 et
823 4060 1052 4124 facunde
1079 4070 1280 4140 dixisti,
1311 4054 1541 4139 audierit
1568 4054 1793 4160 quisque

1586 4144 1599 4156 ι
1706 4144 1722 4160 ι
1773 4144 1787 4147 ν
1872 4144 1915 4150 ⁷·
1945 4144 2060 4170 ““υ“’

496 4144 586 4212 rit,
614 4163 735 4204 vera
770 4161 822 4210 te
852 4154 1017 4216 fuisse
1042 4176 1407 4235 prosecutum,
1437 4189 1544 4230 non
1573 4180 1747 4235 Solum
1777 4183 1828 4239 in
1858 4195 1947 4242 tuo
1969 4206 2087 4247 scr-

494 4255 673 4309 tnone,
706 4261 891 4304 verum
919 4250 972 4309 in
1017 4253 1148 4331 ipsis
1175 4274 1386 4332 quoque
1427 4264 1675 4327 humanis
1717 4275 1876 4333 rebus
1918 4297 2084 4352 agno-

469 4341 625 4399 ,seet.
672 4335 963 4397 Manichteo
1009 4348 1225 4419 quippe.
1259 4353 1345 4409 cui
1384 4358 1530 4413 velut
1567 4362 1825 4424 adversus
1855 4386 1954 4428 nos
1996 4375 2079 4431 lo-

487 4427 672 4491 quenti
700 4430 858 4486 verba
886 4432 1078 4503 fecisti,
1110 4441 1245 4496 nihil
1266 4460 1515 4521 magnum
1537 4465 1623 4510 aut
1653 4457 1872 4519 difﬁcile
1900 4427 2078 4525 fuitin

488 4514 590 4571 hac
612 4522 823 4579 mortali
850 4525 976 4594 vita,
1015 4546 1134 4612 qua:
1157 4544 1211 4590 et
1252 4536 1321 4594 de
1351 4514 1597 4602 felicitate
1628 4555 1856 4624 paradisi
1887 4564 2077 4621 merito

487 4611 687 4673 peccati
714 4613 883 4685 ejecta
912 4629 1071 4691 atque
1099 4624 1305 4696 dejecta
1328 4643 1411 4689 est
1431 4637 1484 4704 ²,,
1506 4637 1606 4694 ista
1629 4611 1765 4714 ‘qute
1791 4611 1901 4705 absi
1918 4662 1968 4708 te
2006 4656 2075 4715 de

481 4698 568 4754 illa
593 4701 733 4761 dicta
767 4718 893 4766 sunt
928 4712 1157 4785 intueri;
1186 4731 1240 4776 et
1263 4724 1377 4783 sive
1399 4738 1454 4784 ut
1488 4736 1571 4800 tu,
1595 4698 1710 4792 sitte
1740 4740 1958 4800 uberius
1987 4756 2071 4803 at-

477 4804 580 4858 que
615 4797 904 4868 copiosius,
949 4813 1126 4864 tamen
1175 4812 1364 4871 eadem
1405 4818 1516 4890 ipsa
1544 4827 1770 4895 garrire,
1811 4848 1931 4902 quae
1963 4844 2068 4893 tam

475 4884 755 4944 manifesta
787 4903 933 4962 sunt,
963 4900 1198 4957 utetiam
1229 4884 1624 4989 Scripturaer
1663 4884 1961 4991 divituirum
1991 4929 2071 4984 lo-

471 4975 552 5030 cis
589 4976 832 5048 plurimis
885 4986 1231 5063 lcctitentur,
1296 4975 1377 5054 «ιέ
1419 5008 1783 5079 corruptibilis
1825 5023 2067 5088 corporis

469 5080 655 5135 onere,
682 5080 739 5127 ct
759 5088 826 5129 ex
860 5076 953 5132 illo
970 5078 992 5111 ³
1017 5083 1212 5147 anima:
1241 5076 1617 5159 aggravatione
1640 5102 1926 5164 venientia.
1956 5111 2062 5169 Un-

466 5156 535 5214 de
559 5160 691 5216 etin
715 5166 935 5232 sanctis,
966 5169 1019 5233 in
1041 5170 1200 5251 hujus
1226 5156 1348 5234 vitae
1374 5195 1545 5263 agone
1563 5186 1905 5264 luctantibus,
1932 5215 2061 5260 caro

464 5251 794 5320 concupiscit
829 5255 1085 5316 adversus
1130 5251 1499 5346 spiritumfe’t
1544 5279 1764 5348 spiritus
1802 5288 2059 5352 adversus

464 5348 681 5395 carnem
715 5341 909 5413 (Galat.
937 5362 994 5416 v,
1019 5351 1110 5423 l7)
1143 5341 1312 5412 acum
1358 5341 1597 5439 spiritus:
1645 5372 1783 5431 sicut

462 5426 799 5490 riosissimus
820 5434 1149 5510 Cyprianus,
1168 5426 1596 5529 ctelestia'atque'
1617 5463 1801 5524 divina
1836 5426 2048 5549 quarrit,

456 5534 592 5577 caro
633 5532 843 5583 terrena
886 5540 944 5587 et
985 5537 1259 5595 szecularia
1304 5550 1629 5635 concupiscit
1674 5558 1775 5633 (De
1803 5532 2046 5641 anno»;

521 5632 547 5768 ξ
572 5636 1222 5768 meum;

523 5746 547 5787 ι
574 5746 1325 5833 νάιῑάοδξὶἱξὶζὶῖὶῖἥῑὲζ

1260 301 1510 364 OPEBIS
1544 304 1954 369 IMPERFECTI
1992 315 2112 373 (ἰοῦ

2217 324 2266 405 με
2305 319 2664 396 ιυιιιλκωι,
2705 327 2762 388 s.
2803 331 3177 398 AUGUSTlNl

3732 362 3884 424 isi!

2287 432 2603 512 Daminim).
2636 442 2769 500 Hinc
2806 460 2890 505 cst
2916 449 3007 508 ille
3034 456 3333 528 conﬂictus,
3360 477 3519 532 quem
3549 484 3878 537 memoratus

2282 539 2487 603 martyr
2513 532 2564 586 in
2589 534 2742 605 libro,
2769 553 2927 609 quem
2958 543 3025 599 de
3048 544 3368 610 Mortalitate
3386 562 3723 634 conscripsit,
3745 532 3876 627 diti:

2278 628 2468 688 genter
2511 631 2567 679 et
2602 624 2914 698 eloquenter
2956 636 3208 708 explicat,
3247 641 3435 703 dicens
3475 624 3617 708 inter
3653 624 3871 730 cetera,

2281 707 2591 730 ___-_._-..,
2665 717 2698 730 ._

2276 707 2419 778 quod
2444 712 2600 769 nobis
2632 717 2704 772 sit
2728 734 2849 776 cum
2888 728 3192 786 carnalibus
3222 734 3365 791 vitiis
3395 749 3559 812 atque
3600 707 3871 810 iuet-iii};

2272 803 2620 863 saecularibus
2664 812 2878 869 assidua
2919 827 2974 872 et
3016 822 3242 881 molesta
3286 803 3527 891 luctatib.
3577 837 3695 895 Jam
3737 858 3869 901 vem

2272 890 2459 951 beatus
2499 897 2791 972 Gregorius
2836 905 2937 965 hoe
2977 922 3272 985 certamen,
3316 924 3459 992 quod

2267 996 2494 1055 corpore
2515 993 2702 1049 mortis
2728 994 2908 1067 hujus,
2936 1002 3015 1057 sic
3042 1014 3168 1064 ante
3196 1012 3381 1069 oculos
3403 1022 3569 1086 ponit,
3603 1033 3659 1079 ut
3684 1028 3863 1085 nullius

2264 1073 2339 1130 sit
2360 1075 2520 1148 luijus
2547 1084 2734 1154 agonis
2753 1087 2975 1159 athleta,
2999 1096 3091 1165 qui
3113 1112 3228 1155 non.
3247 1116 3307 1157 se
3326 1104 3381 1159 in
3403 1073 3584 1166 uerbis

2262 1178 2424 1236 quam
2453 1168 2504 1225 in
2535 1175 2755 1243 speculo
2783 1194 3151 1252 recognoscat.
3181 1188 3334 1248 Intra
3369 1168 3723 1274 nosmetipshs,

2260 1258 2398 1328 quit,
2425 1266 2646 1334 prapriis
2671 1269 2805 1325 vitiis
2841 1281 2888 1326 et
2926 1277 3246 1343 passionibus
3274 1258 3655 1360 impugnantur,
3698 1258 3745 1352 it

2258 1360 2507 1425 noctuque
2541 1357 2715 1428 ignitis
2755 1365 2974 1423 stimulis
3014 1375 3242 1443 corporis
3279 1357 3577 1441 humilitatis
3613 1357 3767 1460 huius
3803 1405 3854 1450 et

2254 1446 2483 1516 corporis
2510 1452 2686 1507 mortis
2711 1470 2951 1527 urgemur
2967 1476 3136 1519 :nunc
3158 1467 3394 1538 latenter,
3421 1491 3556 1532 nunc
3576 1482 3726 1538 etiam
3755 1505 3850 1549 pa-

2254 1533 2358 1591 lam
2400 1546 2788 1609 provocantihus
2821 1551 3000 1624 ubique
3039 1565 3087 1611 et
3126 1559 3445 1622 irritantibus
3486 1587 3653 1637 rerum
3681 1578 3849 1634 visibi-

2251 1626 2385 1685 lium
2405 1629 2672 1703 illecebris,
2708 1641 2815 1695 luta
2853 1642 2949 1697 hoc
2975 1650 3119 1718 [secis
3155 1654 3241 1707 cui
3277 1656 3571 1718 inluesimus
3608 1670 3740 1723 cani
3765 1675 3847 1727 sui

2248 1718 2469 1788 fetorem
2495 1726 2637 1783 renis
2655 1731 3004 1800 capacioribus
3032 1741 3335 1813 exhalante;
3377 1751 3465 1804 scd
3496 1765 3546 1807 et
3584 1757 3694 1829 lege
3724 1780 3843 1831 pce-

2245 1810 2369 1877 cati,
2396 1826 2513 1883 quia
2534 1826 2605 1872 est
2621 1818 2673 1874 in
2697 1822 2932 1881 membris
2948 1831 3152 1897 nostris,
3182 1835 3283 1906 legi
3309 1810 3518 1910 spiritus
3557 1810 3841 1920 rdugtrwno

2244 1907 2312 1967 te,
2341 1901 2466 1958 dum
2495 1906 2766 1980 imaginem
2795 1917 2988 1987 regiam
3014 1937 3132 1991 qua
3155 1925 3291 1981 intra
3325 1946 3427 1986 nos
3440 1946 3543 2002 est,
3587 1943 3840 2009 captivam

2241 1990 2422 2049 ducere
2443 1999 2642 2065 studet;
2667 2013 2721 2057 ut
2747 2008 2927 2075 spoliis
2949 1990 3070 2080 ejus
3089 2019 3239 2075 cedat
3256 2060 3271 2086 ,
3312 1990 3720 2095 quidquid
3729 1990 3833 2101 est,

2237 2086 2374 2154 quod
2397 2088 2450 2143 in
2481 2107 2574 2146 nos
2592 2092 2835 2167 beneﬁcio
2864 2101 3050 2160 divina:
3070 2122 3132 2161 ac
3157 2111 3337 2180 prima:
3360 2115 3499 2172 illius
3532 2124 3837 2183 conditionis

2222 2177 2441 2250 inﬂuxit
2470 2183 2646 2261 (ϐπ-ευ.
2690 2191 2944 2251 Nazianz.
2986 2200 3041 2255 in
3084 2177 3336 2278 Apologia
3370 2212 3389 2266 Ι
3435 2214 3498 2268 de
3532 2234 3625 2272 sua
3661 2177 3831 2295 frma):

2224 2271 2363 2330 llaec
2392 2278 2553 2335 verba
2596 2282 2830 2343 hominis
2856 2290 2974 2359 Dei,
3003 2304 3057 2348 et
3096 2271 3147 2351 in
3192 2304 3427 2359 secundo
3450 2306 3590 2362 libro
3614 2271 3831 2373 ilicium

2232 2378 2330 2422 sex
2358 2384 2491 2439 quos
2518 2385 2708 2432 contra
2740 2388 2857 2436 tuos
2875 2394 3105 2455 quatuor
3117 2390 3259 2447 edidi
3284 2393 3437 2468 (Cap.
3465 2399 3546 2473 ὅ),
3575 2404 3702 2460 etin
3725 2407 3831 2465 hoc

2231 2472 2395 2526 opere
2418 2466 2573 2531 posui
2600 2466 2737 2539 (Lib.
2774 2473 2823 2537 l,
2848 2490 2963 2547 cap.
2986 2479 3078 2552 6?)
3103 2496 3224 2539 cum
3258 2494 3348 2543 tuo
3371 2466 3548 2559 primo
3572 2496 3825 2557 volumini

2227 2552 2634 2626 responderem,
2660 2560 2750 2616 ubi
2771 2578 2966 2637 corpus
2985 2574 3192 2641 mortis,
3224 2575 3293 2632 de
3319 2552 3424 2649 quo
3447 2597 3508 2638 se
3531 2583 3661 2642 dicit
3680 2595 3826 2660 Apo-

2213 2640 2398 2698 stolus
2428 2644 2531 2701 Dei
2556 2652 2727 2719 gratia
2753 2654 2968 2714 liberari
2991 2661 3165 2733 (Rom.
3180 2640 3276 2733 vn,
3301 2640 3392 2739 εὶ,
3411 2672 3527 2745 25),
3554 2640 3820 2739 aliter—it;-

2225 2730 2566 2803 telligendum
2596 2745 2812 2812 putasti.
2837 2749 2902 2803 Et
2928 2730 3144 2810 sanctus
3171 2730 3627 2825 Ain—brosius'cum
3652 2772 3819 2830 dixis-

2220 2832 2323 2891 set,
2359 2824 2546 2885 Unities
2571 2833 2799 2893 homines
2817 2842 2911 2895 sub
2928 2857 3133 2913 peccato
3160 2852 3447 2922 nascimur;
3467 2874 3682 2929 quorum
3709 2865 3819 2936 ipse

2219 2925 2362 2971 ortus
2381 2920 2432 2973 in
2449 2923 2570 2979 vitio
2581 2937 2673 2994 est,
2694 2930 2825 2985 sicut
2845 2933 2997 2991 habes
3012 2938 3218 3010 lectum,
3240 2944 3435 3003 dicente
3449 2950 3638 3024 David,
3651 2974 3668 3008 t
3682 2957 3814 3016 Ecce

2216 3010 2350 3069 enim
2372 3012 2426 3071 in
2445 3014 2790 3087 iniquitatibus
2813 3040 3085 3100 conceptus
3110 3050 3244 3103 sum,
3263 3049 3310 3091 et
3327 3039 3378 3094 in
3394 3040 3591 3100 delictis
3618 3053 3811 3122 peperit

2214 3114 2296 3154 me
2334 3113 2492 3159 mater
2523 3125 2652 3177 mea,
2686 3130 2705 3164 ι
2753 3118 2997 3184 protinus
3039 3123 3283 3194 subjecit,
3325 3128 3454 3187 Idea
3503 3113 3660 3193 Pauli
3679 3113 3809 3198 Icaro

2204 3206 2398 3264 corpus
2423 3201 2596 3257 ntortis
2615 3215 2744 3271 erat,
2775 3209 2906 3264 sicut
2929 3212 3038 3282 ipse
3064 3216 3156 3283 ait,
3186 3237 3205 3270 ι
3240 3221 3371 3288 Quis
3396 3243 3475 3280 me
3498 3229 3724 3288 liberabit
3743 3239 3810 3291 de

2210 3299 2423 3357 corpore
2454 3296 2630 3349 "tortis
2668 3300 2823 3370 hujus
2845 3319 2866 3354 ι
2900 3303 3003 3374 (De
3028 3304 3333 3368 Ptenitentia
3352 3359 3366 3383 ,
3407 3318 3497 3375 lib.
3544 3323 3595 3391 l,
3622 3342 3737 3398 cap.
3768 3330 3804 3383 2

2209 3379 2286 3434 vel
2309 3380 2406 3452 3).?
2435 3383 2571 3453 Quid
2602 3405 2729 3460 ergo
2757 3394 2951 3451 mirum
2994 3409 3107 3467 est,
3146 3404 3197 3458 si
3220 3405 3543 3469 Manichacus
3589 3379 3803 3480 inhient

2208 3471 2347 3526 mala
2377 3472 2533 3545 hujus
2556 3478 2695 3547 vitm,
2728 3491 2782 3539 ct
2811 3501 3006 3558 corpus
3035 3495 3226 3555 mortis
3254 3496 3413 3570 hujus
3438 3506 3580 3574 quod
3608 3523 3800 3581 aggra-

2206 3573 2295 3619 vat
2322 3568 2579 3639 animam,
2609 3584 2665 3631 et
2689 3575 3013 3638 discordiam
3041 3588 3219 3644 carius
3260 3568 3591 3666 et‘spiritus,
3622 3612 3678 3657 et
3703 3604 3795 3673 ju-

2201 3672 2326 3727 gum
2351 3676 2515 3731 grave
2549 3680 2712 3737 super
2740 3670 2882 3731 filios
2911 3675 3079 3732 Adam
3121 3698 3151 3735 a
3187 3682 3275 3740 die
3316 3690 3491 3744 exitus
3518 3691 3586 3747 de
3610 3670 3795 3755 venire

2202 3751 2389 3806 matris
2432 3768 2616 3811 eorum
2651 3768 2834 3832 usque
2878 3766 2931 3821 in
2977 3769 3117 3825 diem
3161 3777 3447 3845 sepultura:
3472 3783 3525 3838 in
3566 3797 3791 3846 matrem

2199 3842 2436 3900 omnitun
2475 3847 2662 3916 (Eccli.
2695 3869 2782 3922 xc,
2813 3854 2888 3929 l),
2918 3858 3047 3916 dicit
3078 3865 3198 3920 talia
3226 3842 3389 3926 etiam
3428 3889 3525 3944 per
3550 3893 3611 3933 os
3642 3888 3788 3938 tuum

2197 3937 2348 4002 quasi
2377 3950 2562 3995 contra
2588 3958 2709 4009 nos,
2744 3950 2922 4017 qualia
2965 3954 3205 4013 videmus
3233 3960 3432 4020 dixisse
3472 3966 3786 4040 Gregorium

2193 4035 2379 4081 contra
2407 4035 2535 4086 vos?
2563 4033 2710 4092 Unde
2747 4052 2957 4097 constat
2992 4048 3127 4102 mala
3158 4051 3276 4107 vita:
3318 4054 3494 4126 hujus,
3522 4077 3639 4131 qua:
3664 4073 3781 4121 teu-

2196 4119 2322 4173 tatio
2357 4132 2441 4185 est
2464 4140 2625 4195 super
2664 4138 2859 4189 terram
2887 4135 3009 4206 (Job
3036 4156 3127 4205 vn,
3165 4144 3211 4207 l,
3240 4163 3339 4201 sec.
3590 4119 3782 4226 quibus

2191 4212 2348 4268 malis
2372 4214 2426 4270 in
2451 4233 2647 4286 genere
2672 4222 2909 4283 humano
2931 4236 3347 4306 propterjugem
3369 4258 3527 4312 grave
3551 4247 3779 4305 filiorum

2189 4304 2359 4361 Adam
2385 4324 2414 4362 a
2440 4311 2526 4366 die
2554 4314 2731 4372 exitus
2756 4319 2823 4375 de
2858 4333 3045 4381 ventre
3082 4332 3262 4387 matris
3301 4349 3484 4391 eorum
3519 4356 3684 4413 usque
3724 4346 3777 4402 in

3556 4394 3573 4396 -
3599 4394 3612 4413 ,
3641 4394 3681 4399 κ-

2180 4394 2328 4451 diem
2352 4402 2642 4470 sepultura:
2671 4409 2723 4463 in
2751 4423 2977 4470 matrem
3008 4422 3266 4490 omnium,
3302 4429 3491 4495 plenus
3514 4443 3598 4489 est
3622 4451 3779 4491 mim-

2184 4485 2306 4556 dus,
2334 4501 2386 4545 et
2406 4492 2728 4556 Manichacos
2745 4517 2864 4559 cum
2893 4507 3181 4567 Catholicis
3210 4520 3482 4589 conﬁteri;
3514 4525 3607 4580 sed
3637 4530 3775 4586 unde

2183 4578 2291 4634 sint
2317 4581 2452 4651 lucc,
2483 4602 2586 4643 non
2615 4598 2869 4665 utrosque
2899 4598 3038 4656 idem
3066 4603 3269 4674 dicere,
3299 4620 3352 4665 ct
3376 4628 3619 4685 magnam
3648 4620 3774 4680 hinc

2182 4672 2320 4729 inter
2359 4680 2488 4733 eos‘
2533 4697 2655 4740 esse
2696 4687 3030 4761 distantiam;
3075 4700 3215 4768 quod
3256 4719 3317 4757 ea
3356 4705 3629 4767 Manichcei
3677 4719 3773 4772 tri.

2179 4763 2347 4825 buunt
2372 4769 2561 4829 alienae
2590 4788 2794 4835 natura:
2818 4784 2990 4850 malae,
3019 4788 3282 4849 Catholici
3305 4811 3432 4854 vero
3458 4810 3511 4857 et
3542 4803 3696 4860 bona:
3712 4817 3771 4865 et

2178 4870 2406 4927 nostrae,
2453 4867 2546 4921 sed
2589 4880 2808 4938 peccato
2852 4876 3049 4934 vitiata:
3096 4885 3396 4958 meritoque
3434 4894 3650 4961 ριηιίιω.
3684 4898 3773 4956 'l‘u

2174 4953 2263 5019 qui
2295 4971 2401 5010 non
2441 4958 2522 5013 vis
2546 4965 2685 5032 quod
2727 4966 2953 5027 dicintus
2996 4973 3215 5044 dicere,
3266 4953 3382 5052 ipse
3425 4953 3550 5057 quid
3592 4953 3765 5050 dicis‘i'

2173 5041 2452 5108 Quomodo
2488 5050 2781 5113 Manichzco
2824 5065 3117 5133 respondes
3147 5070 3285 5128 unde
3310 5075 3418 5130 sint
3458 5077 3573 5135 haec
3598 5084 3758 5153 mala,

2169 5145 2290 5188 cum
2331 5138 2526 5206 quibus
2571 5159 2863 5205 nascuntur
2909 5152 3186 5227 homines,
3231 5171 3286 5217 et
3335 5182 3453 5236 qua:
3498 5170 3550 5225 in
3598 5189 3759 5243 para-

2168 5224 2285 5281 diso
2347 5247 2451 5286 non
2515 5251 2862 5298 nascerentur
2920 5247 2966 5302 si
3026 5266 3185 5307 nemo
3233 5270 3541 5327 peccasset,
3596 5276 3759 5336 atque

2168 5315 2235 5336 ξιξ
2456 5323 2468 5336 -
2877 5335 2884 5336 κ

3233 5315 3247 5324 .
3526 5315 3540 5327 .
3599 5315 3686 5336 ﬂ.

2167 5315 2239 5372 ibi
2288 5336 2393 5376 non
2435 5323 2743 5400 depravata,
2795 5335 2889 5391 sed
2933 5350 3079 5396 recta
3126 5354 3306 5402 nostra
3351 5358 3571 5419 natura,
3618 5356 3754 5414 sicu'.

2162 5409 2381 5471 condita
2422 5425 2541 5484 est,
2594 5435 2929 5489 permaneret
2953 5431 3009 5485 ’ζ’
3062 5433 3118 5489 Si
3173 5437 3356 5494 vitium
3408 5446 3754 5516 congenitum

2161 5512 2277 5567 est,
2332 5520 2439 5575 quo
2488 5523 2616 5567 caro
2661 5519 2996 5590 concupiscit
3043 5524 3301 5584 adversus
3345 5512 3593 5604 spiritum
3625 5581 3639 5605 ,
3694 5550 3754 5597 ct

2158 5612 2267 5654 non
2308 5612 2389 5655 est
2426 5618 2492 5657 cx
2523 5618 2709 5666 natura
2758 5614 2813 5671 in
2852 5617 3055 5689 origine
3091 5625 3305 5695 vitiata,
3357 5631 3445 5689 die
3472 5634 3611 5692 unde
3634 5636 3753 5695 sit?

2220 5753 2234 5784 ³
2277 5756 2563 5819 ι’ἱκιιίρι·ἰυδ,
2588 5774 2682 5814 vos.
2710 5773 2834 5826 3:55.,
2858 5784 2953 5825 ros.
3699 5848 3707 5857 .

2220 5815 2238 5847 ³
2268 5813 2405 5857 Erilli-
2446 5833 2749 5857 normnnmuo
2775 5830 2796 5857 ν
2832 5834 2994 5857 t....:....
3067 5850 3200 5857 -.-μω
3238 5854 3261 5857 η
3354 5852 3364 5857 -
3397 5844 3412 5857 .
3479 5855 3486 5857 .
3537 5851 3544 5857 .

2218 5815 2238 5847 ³
2268 5813 2409 5883 Editi,
2440 5813 3014 5894 perritanévttemli'te‘rius.
3061 5844 3412 5900 pei‘nzuncrct.’
3442 5855 3494 5900 ut
3535 5851 3581 5900 iu
3609 5848 3741 5907 antis
