  <div class='ocr_page' id='page_1' title='image "/cluster/home/n/w/nwhite01/storage/ocr_20150623/44-45/uc1.31175026792435/774.png"; bbox 0 0 4150 6484; ppageno 0'>
   <div class='ocr_carea' id='block_1_1' title="bbox 381 384 520 442">
    <p class='ocr_par' dir='ltr' id='par_1_1' title="bbox 381 384 520 442">
     <span class='ocr_line' id='line_1_1' title="bbox 381 384 520 442; baseline 0 0"><span class='ocrx_word' id='word_1_1' title='bbox 381 384 520 442; x_wconf 68' lang='grc'><strong>1599</strong></span> 
     </span>
    </p>
   </div>
   <div class='ocr_carea' id='block_1_2' title="bbox 378 487 1967 571">
    <p class='ocr_par' dir='ltr' id='par_1_2' title="bbox 378 487 1967 571">
     <span class='ocr_line' id='line_1_2' title="bbox 378 487 1967 571; baseline -0.008 -15"><span class='ocrx_word' id='word_1_2' title='bbox 378 503 434 556; x_wconf 77' lang='lat' dir='ltr'><strong>Si</strong></span> <span class='ocrx_word' id='word_1_3' title='bbox 486 499 672 558; x_wconf 94' lang='lat' dir='ltr'><strong>vitium</strong></span> <span class='ocrx_word' id='word_1_4' title='bbox 719 498 1061 571; x_wconf 70' lang='lat' dir='ltr'><strong>congenitum</strong></span> <span class='ocrx_word' id='word_1_5' title='bbox 1112 503 1199 552; x_wconf 89' lang='lat' dir='ltr'><strong>est</strong></span> <span class='ocrx_word' id='word_1_6' title='bbox 1217 535 1236 564; x_wconf 92' lang='lat'><strong>,</strong></span> <span class='ocrx_word' id='word_1_7' title='bbox 1293 494 1348 551; x_wconf 92' lang='lat' dir='ltr'><strong>i</strong></span> <span class='ocrx_word' id='word_1_8' title='bbox 1388 507 1496 566; x_wconf 90' lang='lat' dir='ltr'><strong>quo</strong></span> <span class='ocrx_word' id='word_1_9' title='bbox 1536 490 1732 548; x_wconf 86' lang='lat' dir='ltr'><strong>clamat</strong></span> <span class='ocrx_word' id='word_1_10' title='bbox 1772 487 1967 555; x_wconf 87' lang='lat' dir='ltr'><strong>homo,</strong></span> 
     </span>
    </p>
   </div>
   <div class='ocr_carea' id='block_1_3' title="bbox 383 583 1968 663">
    <p class='ocr_par' dir='ltr' id='par_1_3' title="bbox 383 583 1968 663">
     <span class='ocr_line' id='line_1_3' title="bbox 383 583 1968 663; baseline -0.008 -16"><span class='ocrx_word' id='word_1_11' title='bbox 383 593 505 648; x_wconf 83' lang='lat' dir='ltr'><strong>Scio</strong></span> <span class='ocrx_word' id='word_1_12' title='bbox 536 592 658 663; x_wconf 69' lang='lat' dir='ltr'><strong>quia</strong></span> <span class='ocrx_word' id='word_1_13' title='bbox 693 607 794 645; x_wconf 82' lang='lat' dir='ltr'><strong>non</strong></span> <span class='ocrx_word' id='word_1_14' title='bbox 836 588 1085 645; x_wconf 70' lang='lat' dir='ltr'><strong>inhabitat</strong></span> <span class='ocrx_word' id='word_1_15' title='bbox 1124 588 1180 643; x_wconf 84' lang='lat' dir='ltr'><strong>in</strong></span> <span class='ocrx_word' id='word_1_16' title='bbox 1217 603 1318 655; x_wconf 79' lang='lat' dir='ltr'><strong>me,</strong></span> <span class='ocrx_word' id='word_1_17' title='bbox 1349 586 1444 642; x_wconf 77' lang='lat' dir='ltr'><strong>hoc</strong></span> <span class='ocrx_word' id='word_1_18' title='bbox 1470 594 1545 640; x_wconf 80' lang='lat' dir='ltr'><strong>est</strong></span> <span class='ocrx_word' id='word_1_19' title='bbox 1578 583 1632 638; x_wconf 84' lang='lat' dir='ltr'><strong>in</strong></span> <span class='ocrx_word' id='word_1_20' title='bbox 1657 597 1812 638; x_wconf 84' lang='lat' dir='ltr'><strong>came</strong></span> <span class='ocrx_word' id='word_1_21' title='bbox 1837 597 1968 646; x_wconf 79' lang='lat' dir='ltr'><strong>mea,</strong></span> 
     </span>
    </p>
   </div>
   <div class='ocr_carea' id='block_1_4' title="bbox 380 669 1972 750">
    <p class='ocr_par' dir='ltr' id='par_1_4' title="bbox 380 669 1972 750">
     <span class='ocr_line' id='line_1_4' title="bbox 380 669 1972 750; baseline -0.009 -12"><span class='ocrx_word' id='word_1_22' title='bbox 380 684 568 744; x_wconf 66' lang='lat' dir='ltr'><strong>bonum</strong></span> <span class='ocrx_word' id='word_1_23' title='bbox 593 697 614 736; x_wconf 88' lang='lat'><strong><em>:</em></strong></span> <span class='ocrx_word' id='word_1_24' title='bbox 643 679 770 736; x_wconf 78' lang='lat' dir='ltr'><strong>velle</strong></span> <span class='ocrx_word' id='word_1_25' title='bbox 787 680 924 734; x_wconf 84' lang='lat' dir='ltr'><strong>enim</strong></span> <span class='ocrx_word' id='word_1_26' title='bbox 951 678 1152 750; x_wconf 83' lang='lat' dir='ltr'><strong>adjacet</strong></span> <span class='ocrx_word' id='word_1_27' title='bbox 1189 676 1314 732; x_wconf 78' lang='lat' dir='ltr'><strong>mihi</strong></span> <span class='ocrx_word' id='word_1_28' title='bbox 1336 693 1354 740; x_wconf 72' lang='grc' dir='ltr'>ς</span> <span class='ocrx_word' id='word_1_29' title='bbox 1401 674 1644 747; x_wconf 78' lang='lat' dir='ltr'><strong>perﬁcere</strong></span> <span class='ocrx_word' id='word_1_30' title='bbox 1683 681 1850 726; x_wconf 83' lang='lat' dir='ltr'><strong>autem</strong></span> <span class='ocrx_word' id='word_1_31' title='bbox 1879 669 1972 726; x_wconf 82' lang='lat' dir='ltr'><strong>bo-</strong></span> 
     </span>
    </p>
   </div>
   <div class='ocr_carea' id='block_1_5' title="bbox 383 766 1974 842">
    <p class='ocr_par' dir='ltr' id='par_1_5' title="bbox 383 766 1974 842">
     <span class='ocr_line' id='line_1_5' title="bbox 383 766 1974 842; baseline -0.008 -13"><span class='ocrx_word' id='word_1_32' title='bbox 383 790 525 840; x_wconf 80' lang='lat' dir='ltr'><strong>num,</strong></span> <span class='ocrx_word' id='word_1_33' title='bbox 547 789 648 827; x_wconf 85' lang='lat' dir='ltr'><strong>non</strong></span> <span class='ocrx_word' id='word_1_34' title='bbox 671 771 867 826; x_wconf 74' lang='lat' dir='ltr'><strong>inuenio</strong></span> <span class='ocrx_word' id='word_1_35' title='bbox 896 770 1074 842; x_wconf 81' lang='lat' dir='ltr'><strong>(Rom.</strong></span> <span class='ocrx_word' id='word_1_36' title='bbox 1097 783 1194 835; x_wconf 84' lang='lat' dir='ltr'><strong>vn,</strong></span> <span class='ocrx_word' id='word_1_37' title='bbox 1223 766 1350 840; x_wconf 68' lang='lat'><strong>18);</strong></span> <span class='ocrx_word' id='word_1_38' title='bbox 1375 775 1562 822; x_wconf 92' lang='lat' dir='ltr'><strong>etnon</strong></span> <span class='ocrx_word' id='word_1_39' title='bbox 1586 773 1670 820; x_wconf 86' lang='lat' dir='ltr'><strong>est</strong></span> <span class='ocrx_word' id='word_1_40' title='bbox 1691 778 1760 819; x_wconf 78' lang='lat' dir='ltr'><strong>ex</strong></span> <span class='ocrx_word' id='word_1_41' title='bbox 1783 771 1974 818; x_wconf 87' lang='lat' dir='ltr'><strong>natura</strong></span> 
     </span>
    </p>
   </div>
   <div class='ocr_carea' id='block_1_6' title="bbox 383 853 1972 933">
    <p class='ocr_par' dir='ltr' id='par_1_6' title="bbox 383 853 1972 933">
     <span class='ocr_line' id='line_1_6' title="bbox 383 853 1972 933; baseline -0.008 -14"><span class='ocrx_word' id='word_1_42' title='bbox 383 864 602 920; x_wconf 70' lang='lat' dir='ltr'><strong>vitiata‘</strong></span> <span class='ocrx_word' id='word_1_43' title='bbox 635 863 789 933; x_wconf 82' lang='lat' dir='ltr'><strong>primi</strong></span> <span class='ocrx_word' id='word_1_44' title='bbox 816 861 1048 917; x_wconf 78' lang='lat' dir='ltr'><strong>hominis</strong></span> <span class='ocrx_word' id='word_1_45' title='bbox 1076 857 1550 932; x_wconf 65' lang='lat' dir='ltr'><strong>prevaricatione;</strong></span> <span class='ocrx_word' id='word_1_46' title='bbox 1594 856 1682 912; x_wconf 91' lang='lat' dir='ltr'><strong>die</strong></span> <span class='ocrx_word' id='word_1_47' title='bbox 1707 853 1849 910; x_wconf 88' lang='lat' dir='ltr'><strong>unde</strong></span> <span class='ocrx_word' id='word_1_48' title='bbox 1879 853 1972 908; x_wconf 87' lang='lat' dir='ltr'><strong>sit.</strong></span> 
     </span>
    </p>
   </div>
   <div class='ocr_carea' id='block_1_7' title="bbox 385 940 1976 1020">
    <p class='ocr_par' dir='ltr' id='par_1_7' title="bbox 385 940 1976 1020">
     <span class='ocr_line' id='line_1_7' title="bbox 385 940 1976 1020; baseline -0.008 -13"><span class='ocrx_word' id='word_1_49' title='bbox 385 949 445 1008; x_wconf 85' lang='lat' dir='ltr'><strong>Si</strong></span> <span class='ocrx_word' id='word_1_50' title='bbox 463 959 642 1006; x_wconf 87' lang='lat' dir='ltr'><strong>autem</strong></span> <span class='ocrx_word' id='word_1_51' title='bbox 659 965 766 1004; x_wconf 91' lang='lat' dir='ltr'><strong>non</strong></span> <span class='ocrx_word' id='word_1_52' title='bbox 790 957 914 1006; x_wconf 90' lang='lat' dir='ltr'><strong>sunt</strong></span> <span class='ocrx_word' id='word_1_53' title='bbox 935 949 957 982; x_wconf 82' lang='grc'>⁸</span> <span class='ocrx_word' id='word_1_54' title='bbox 974 947 1257 1020; x_wconf 72' lang='lat' dir='ltr'><strong>congenita</strong></span> <span class='ocrx_word' id='word_1_55' title='bbox 1273 945 1394 1002; x_wconf 79' lang='lat' dir='ltr'><strong>vitia</strong></span> <span class='ocrx_word' id='word_1_56' title='bbox 1418 944 1549 1010; x_wconf 87' lang='lat' dir='ltr'><strong>ista;</strong></span> <span class='ocrx_word' id='word_1_57' title='bbox 1570 943 1655 998; x_wconf 89' lang='lat' dir='ltr'><strong>dic</strong></span> <span class='ocrx_word' id='word_1_58' title='bbox 1669 941 1813 998; x_wconf 88' lang='lat' dir='ltr'><strong>unde</strong></span> <span class='ocrx_word' id='word_1_59' title='bbox 1835 940 1976 996; x_wconf 84' lang='lat' dir='ltr'><strong>sint?</strong></span> 
     </span>
    </p>
   </div>
   <div class='ocr_carea' id='block_1_8' title="bbox 386 1032 1978 1114">
    <p class='ocr_par' dir='ltr' id='par_1_8' title="bbox 386 1032 1978 1114">
     <span class='ocr_line' id='line_1_8' title="bbox 386 1032 1978 1114; baseline -0.006 -15"><span class='ocrx_word' id='word_1_60' title='bbox 386 1041 467 1099; x_wconf 79' lang='lat' dir='ltr'><strong>Ex</strong></span> <span class='ocrx_word' id='word_1_61' title='bbox 490 1039 764 1114; x_wconf 89' lang='lat' dir='ltr'><strong>peccandi,</strong></span> <span class='ocrx_word' id='word_1_62' title='bbox 794 1039 1030 1112; x_wconf 87' lang='lat' dir='ltr'><strong>inquies,</strong></span> <span class='ocrx_word' id='word_1_63' title='bbox 1051 1036 1472 1103; x_wconf 77' lang='lat' dir='ltr'><strong>consuetudine,</strong></span> <span class='ocrx_word' id='word_1_64' title='bbox 1509 1050 1670 1107; x_wconf 89' lang='lat' dir='ltr'><strong>quam</strong></span> <span class='ocrx_word' id='word_1_65' title='bbox 1705 1033 1807 1090; x_wconf 85' lang='lat' dir='ltr'><strong>sibi</strong></span> <span class='ocrx_word' id='word_1_66' title='bbox 1831 1032 1978 1104; x_wconf 84' lang='lat' dir='ltr'><strong>quis-</strong></span> 
     </span>
    </p>
   </div>
   <div class='ocr_carea' id='block_1_9' title="bbox 387 1123 1976 1205">
    <p class='ocr_par' dir='ltr' id='par_1_9' title="bbox 387 1123 1976 1205">
     <span class='ocr_line' id='line_1_9' title="bbox 387 1123 1976 1205; baseline -0.006 -19"><span class='ocrx_word' id='word_1_67' title='bbox 387 1147 492 1205; x_wconf 79' lang='lat' dir='ltr'><strong>que</strong></span> <span class='ocrx_word' id='word_1_68' title='bbox 515 1131 640 1191; x_wconf 80' lang='lat' dir='ltr'><strong>fecit</strong></span> <span class='ocrx_word' id='word_1_69' title='bbox 669 1131 838 1190; x_wconf 86' lang='lat' dir='ltr'><strong>libera</strong></span> <span class='ocrx_word' id='word_1_70' title='bbox 860 1131 1153 1188; x_wconf 84' lang='lat' dir='ltr'><strong>voluntate.</strong></span> <span class='ocrx_word' id='word_1_71' title='bbox 1185 1129 1286 1187; x_wconf 84' lang='lat' dir='ltr'><strong>Ubi</strong></span> <span class='ocrx_word' id='word_1_72' title='bbox 1313 1127 1456 1200; x_wconf 88' lang='lat' dir='ltr'><strong>quod</strong></span> <span class='ocrx_word' id='word_1_73' title='bbox 1485 1141 1598 1183; x_wconf 88' lang='lat' dir='ltr'><strong>non</strong></span> <span class='ocrx_word' id='word_1_74' title='bbox 1633 1125 1734 1191; x_wconf 85' lang='lat' dir='ltr'><strong>vis,</strong></span> <span class='ocrx_word' id='word_1_75' title='bbox 1763 1123 1976 1180; x_wconf 88' lang='lat' dir='ltr'><strong>interim</strong></span> 
     </span>
    </p>
   </div>
   <div class='ocr_carea' id='block_1_10' title="bbox 387 1214 1978 1292">
    <p class='ocr_par' dir='ltr' id='par_1_10' title="bbox 387 1214 1978 1292">
     <span class='ocr_line' id='line_1_10' title="bbox 387 1214 1978 1292; baseline -0.011 -6"><span class='ocrx_word' id='word_1_76' title='bbox 387 1223 678 1292; x_wconf 75' lang='lat' dir='ltr'><strong>conﬁteris,</strong></span> <span class='ocrx_word' id='word_1_77' title='bbox 706 1223 912 1282; x_wconf 84' lang='lat' dir='ltr'><strong>scilicet</strong></span> <span class='ocrx_word' id='word_1_78' title='bbox 939 1223 1240 1280; x_wconf 89' lang='lat' dir='ltr'><strong>libertatem</strong></span> <span class='ocrx_word' id='word_1_79' title='bbox 1263 1218 1553 1278; x_wconf 69' lang='lat' dir='ltr'><strong>voluntatis</strong></span> <span class='ocrx_word' id='word_1_80' title='bbox 1581 1231 1680 1272; x_wconf 91' lang='lat' dir='ltr'><strong>suo</strong></span> <span class='ocrx_word' id='word_1_81' title='bbox 1705 1214 1850 1272; x_wconf 91' lang='lat' dir='ltr'><strong>malo</strong></span> <span class='ocrx_word' id='word_1_82' title='bbox 1876 1229 1978 1270; x_wconf 88' lang='lat' dir='ltr'><strong>usu</strong></span> 
     </span>
    </p>
   </div>
   <div class='ocr_carea' id='block_1_11' title="bbox 386 1307 1978 1388">
    <p class='ocr_par' dir='ltr' id='par_1_11' title="bbox 386 1307 1978 1388">
     <span class='ocr_line' id='line_1_11' title="bbox 386 1307 1978 1388; baseline -0.007 -15"><span class='ocrx_word' id='word_1_83' title='bbox 386 1317 562 1388; x_wconf 89' lang='lat' dir='ltr'><strong>perire</strong></span> <span class='ocrx_word' id='word_1_84' title='bbox 583 1315 840 1386; x_wconf 83' lang='lat' dir='ltr'><strong>potuisse,</strong></span> <span class='ocrx_word' id='word_1_85' title='bbox 867 1315 989 1387; x_wconf 91' lang='lat' dir='ltr'><strong>quia</strong></span> <span class='ocrx_word' id='word_1_86' title='bbox 1016 1311 1339 1386; x_wconf 76' lang='lat' dir='ltr'><strong>perﬁciendo</strong></span> <span class='ocrx_word' id='word_1_87' title='bbox 1365 1311 1564 1367; x_wconf 90' lang='lat' dir='ltr'><strong>malum</strong></span> <span class='ocrx_word' id='word_1_88' title='bbox 1589 1309 1766 1365; x_wconf 90' lang='lat' dir='ltr'><strong>minus</strong></span> <span class='ocrx_word' id='word_1_89' title='bbox 1785 1307 1978 1363; x_wconf 88' lang='lat' dir='ltr'><strong>idonea</strong></span> 
     </span>
    </p>
   </div>
   <div class='ocr_carea' id='block_1_12' title="bbox 387 1396 1982 1476">
    <p class='ocr_par' dir='ltr' id='par_1_12' title="bbox 387 1396 1982 1476">
     <span class='ocr_line' id='line_1_12' title="bbox 387 1396 1982 1476; baseline -0.007 -14"><span class='ocrx_word' id='word_1_90' title='bbox 387 1407 523 1462; x_wconf 78' lang='lat' dir='ltr'><strong>facta</strong></span> <span class='ocrx_word' id='word_1_91' title='bbox 549 1414 633 1462; x_wconf 89' lang='lat' dir='ltr'><strong>est</strong></span> <span class='ocrx_word' id='word_1_92' title='bbox 647 1404 714 1462; x_wconf 86' lang='lat' dir='ltr'><strong>ad</strong></span> <span class='ocrx_word' id='word_1_93' title='bbox 734 1403 1116 1476; x_wconf 83' lang='lat' dir='ltr'><strong>perliciendum</strong></span> <span class='ocrx_word' id='word_1_94' title='bbox 1143 1403 1362 1460; x_wconf 89' lang='lat' dir='ltr'><strong>bonum.</strong></span> <span class='ocrx_word' id='word_1_95' title='bbox 1393 1399 1500 1457; x_wconf 82' lang='lat' dir='ltr'><strong>Sed</strong></span> <span class='ocrx_word' id='word_1_96' title='bbox 1519 1397 1774 1470; x_wconf 80' lang='lat' dir='ltr'><strong>numquid</strong></span> <span class='ocrx_word' id='word_1_97' title='bbox 1793 1396 1982 1452; x_wconf 86' lang='lat' dir='ltr'><strong>volun-</strong></span> 
     </span>
    </p>
   </div>
   <div class='ocr_carea' id='block_1_13' title="bbox 389 1489 1982 1569">
    <p class='ocr_par' dir='ltr' id='par_1_13' title="bbox 389 1489 1982 1569">
     <span class='ocr_line' id='line_1_13' title="bbox 389 1489 1982 1569; baseline -0.007 -15"><span class='ocrx_word' id='word_1_98' title='bbox 389 1505 496 1554; x_wconf 86' lang='lat' dir='ltr'><strong>tate</strong></span> <span class='ocrx_word' id='word_1_99' title='bbox 511 1497 792 1569; x_wconf 80' lang='lat' dir='ltr'><strong>quisquam</strong></span> <span class='ocrx_word' id='word_1_100' title='bbox 809 1495 1070 1558; x_wconf 78' lang='lat' dir='ltr'><strong>obtunsus</strong></span> <span class='ocrx_word' id='word_1_101' title='bbox 1097 1502 1182 1551; x_wconf 87' lang='lat' dir='ltr'><strong>est</strong></span> <span class='ocrx_word' id='word_1_102' title='bbox 1195 1493 1396 1550; x_wconf 82' lang='lat' dir='ltr'><strong>corde?</strong></span> <span class='ocrx_word' id='word_1_103' title='bbox 1429 1489 1686 1562; x_wconf 88' lang='lat' dir='ltr'><strong>numquid</strong></span> <span class='ocrx_word' id='word_1_104' title='bbox 1709 1489 1982 1545; x_wconf 77' lang='lat' dir='ltr'><strong>voluntate</strong></span> 
     </span>
    </p>
   </div>
   <div class='ocr_carea' id='block_1_14' title="bbox 385 1580 1982 1662">
    <p class='ocr_par' dir='ltr' id='par_1_14' title="bbox 385 1580 1982 1662">
     <span class='ocr_line' id='line_1_14' title="bbox 385 1580 1982 1662; baseline -0.007 -15"><span class='ocrx_word' id='word_1_105' title='bbox 385 1591 676 1647; x_wconf 89' lang='lat' dir='ltr'><strong>obliviosus</strong></span> <span class='ocrx_word' id='word_1_106' title='bbox 687 1597 772 1650; x_wconf 74' lang='lat' dir='ltr'><strong>est.</strong></span> <span class='ocrx_word' id='word_1_107' title='bbox 785 1588 1080 1662; x_wconf 82' lang='lat' dir='ltr'><strong>quispiam?</strong></span> <span class='ocrx_word' id='word_1_108' title='bbox 1106 1585 1362 1658; x_wconf 89' lang='lat' dir='ltr'><strong>numquid</strong></span> <span class='ocrx_word' id='word_1_109' title='bbox 1388 1584 1660 1640; x_wconf 80' lang='lat' dir='ltr'><strong>voluntate</strong></span> <span class='ocrx_word' id='word_1_110' title='bbox 1682 1589 1767 1639; x_wconf 88' lang='lat' dir='ltr'><strong>est</strong></span> <span class='ocrx_word' id='word_1_111' title='bbox 1788 1580 1982 1652; x_wconf 83' lang='lat' dir='ltr'><strong>aliquis</strong></span> 
     </span>
    </p>
   </div>
   <div class='ocr_carea' id='block_1_15' title="bbox 389 1673 1978 1752">
    <p class='ocr_par' dir='ltr' id='par_1_15' title="bbox 389 1673 1978 1752">
     <span class='ocr_line' id='line_1_15' title="bbox 389 1673 1978 1752; baseline -0.008 -11"><span class='ocrx_word' id='word_1_112' title='bbox 389 1685 600 1743; x_wconf 73' lang='lat' dir='ltr'><strong>fatuus?</strong></span> <span class='ocrx_word' id='word_1_113' title='bbox 627 1683 752 1741; x_wconf 66' lang='lat' dir='ltr'><strong>llaec</strong></span> <span class='ocrx_word' id='word_1_114' title='bbox 779 1691 836 1740; x_wconf 83' lang='lat' dir='ltr'><strong>et</strong></span> <span class='ocrx_word' id='word_1_115' title='bbox 873 1683 976 1744; x_wconf 88' lang='lat' dir='ltr'><strong>alia</strong></span> <span class='ocrx_word' id='word_1_116' title='bbox 1004 1681 1131 1738; x_wconf 83' lang='lat' dir='ltr'><strong>vitia</strong></span> <span class='ocrx_word' id='word_1_117' title='bbox 1170 1681 1336 1752; x_wconf 85' lang='lat' dir='ltr'><strong>ipsius</strong></span> <span class='ocrx_word' id='word_1_118' title='bbox 1361 1675 1558 1734; x_wconf 87' lang='lat' dir='ltr'><strong>mentis</strong></span> <span class='ocrx_word' id='word_1_119' title='bbox 1583 1684 1755 1748; x_wconf 76' lang='lat' dir='ltr'><strong>atque</strong></span> <span class='ocrx_word' id='word_1_120' title='bbox 1789 1673 1978 1740; x_wconf 89' lang='lat' dir='ltr'><strong>animi,</strong></span> 
     </span>
    </p>
   </div>
   <div class='ocr_carea' id='block_1_16' title="bbox 387 1765 1986 1848">
    <p class='ocr_par' dir='ltr' id='par_1_16' title="bbox 387 1765 1986 1848">
     <span class='ocr_line' id='line_1_16' title="bbox 387 1765 1986 1848; baseline -0.009 -14"><span class='ocrx_word' id='word_1_121' title='bbox 387 1793 512 1834; x_wconf 92' lang='lat' dir='ltr'><strong>cum</strong></span> <span class='ocrx_word' id='word_1_122' title='bbox 539 1777 732 1848; x_wconf 83' lang='lat' dir='ltr'><strong>quibus</strong></span> <span class='ocrx_word' id='word_1_123' title='bbox 753 1775 998 1832; x_wconf 82' lang='lat' dir='ltr'><strong>homines</strong></span> <span class='ocrx_word' id='word_1_124' title='bbox 1037 1773 1182 1834; x_wconf 86' lang='lat' dir='ltr'><strong>nasci</strong></span> <span class='ocrx_word' id='word_1_125' title='bbox 1220 1771 1442 1844; x_wconf 76' lang='lat' dir='ltr'><strong>ambigit</strong></span> <span class='ocrx_word' id='word_1_126' title='bbox 1479 1784 1662 1836; x_wconf 89' lang='lat' dir='ltr'><strong>nemo,</strong></span> <span class='ocrx_word' id='word_1_127' title='bbox 1705 1767 1750 1824; x_wconf 88' lang='lat' dir='ltr'><strong>si</strong></span> <span class='ocrx_word' id='word_1_128' title='bbox 1779 1782 1846 1822; x_wconf 84' lang='lat' dir='ltr'><strong>ex</strong></span> <span class='ocrx_word' id='word_1_129' title='bbox 1875 1765 1986 1822; x_wconf 90' lang='lat' dir='ltr'><strong>ori-</strong></span> 
     </span>
    </p>
   </div>
   <div class='ocr_carea' id='block_1_17' title="bbox 388 1857 1983 1940">
    <p class='ocr_par' dir='ltr' id='par_1_17' title="bbox 388 1857 1983 1940">
     <span class='ocr_line' id='line_1_17' title="bbox 388 1857 1983 1940; baseline -0.008 -16"><span class='ocrx_word' id='word_1_130' title='bbox 388 1867 513 1940; x_wconf 76' lang='lat' dir='ltr'><strong>gine</strong></span> <span class='ocrx_word' id='word_1_131' title='bbox 537 1867 718 1923; x_wconf 85' lang='lat' dir='ltr'><strong>vitiata</strong></span> <span class='ocrx_word' id='word_1_132' title='bbox 743 1866 880 1922; x_wconf 89' lang='lat' dir='ltr'><strong>dicis</strong></span> <span class='ocrx_word' id='word_1_133' title='bbox 905 1879 1010 1922; x_wconf 93' lang='lat' dir='ltr'><strong>non</strong></span> <span class='ocrx_word' id='word_1_134' title='bbox 1038 1879 1178 1931; x_wconf 85' lang='lat' dir='ltr'><strong>esse,</strong></span> <span class='ocrx_word' id='word_1_135' title='bbox 1205 1863 1294 1920; x_wconf 91' lang='lat' dir='ltr'><strong>die</strong></span> <span class='ocrx_word' id='word_1_136' title='bbox 1311 1861 1452 1918; x_wconf 91' lang='lat' dir='ltr'><strong>unde</strong></span> <span class='ocrx_word' id='word_1_137' title='bbox 1475 1860 1604 1916; x_wconf 90' lang='lat' dir='ltr'><strong>sint.</strong></span> <span class='ocrx_word' id='word_1_138' title='bbox 1627 1857 1813 1930; x_wconf 76' lang='lat' dir='ltr'><strong>Neque</strong></span> <span class='ocrx_word' id='word_1_139' title='bbox 1837 1857 1983 1912; x_wconf 89' lang='lat' dir='ltr'><strong>enim</strong></span> 
     </span>
    </p>
   </div>
   <div class='ocr_carea' id='block_1_18' title="bbox 389 1947 1985 2030">
    <p class='ocr_par' dir='ltr' id='par_1_18' title="bbox 389 1947 1985 2030">
     <span class='ocr_line' id='line_1_18' title="bbox 389 1947 1985 2030; baseline -0.009 -14"><span class='ocrx_word' id='word_1_140' title='bbox 389 1959 630 2016; x_wconf 87' lang='lat' dir='ltr'><strong>dicturus</strong></span> <span class='ocrx_word' id='word_1_141' title='bbox 653 1974 734 2020; x_wconf 89' lang='lat' dir='ltr'><strong>es.</strong></span> <span class='ocrx_word' id='word_1_142' title='bbox 773 1957 914 2030; x_wconf 91' lang='lat' dir='ltr'><strong>quod</strong></span> <span class='ocrx_word' id='word_1_143' title='bbox 945 1956 1070 2022; x_wconf 89' lang='lat' dir='ltr'><strong>ista,</strong></span> <span class='ocrx_word' id='word_1_144' title='bbox 1112 1955 1158 2011; x_wconf 88' lang='lat' dir='ltr'><strong>si</strong></span> <span class='ocrx_word' id='word_1_145' title='bbox 1189 1969 1348 2009; x_wconf 90' lang='lat' dir='ltr'><strong>nemo</strong></span> <span class='ocrx_word' id='word_1_146' title='bbox 1378 1958 1671 2024; x_wconf 88' lang='lat' dir='ltr'><strong>peccasset,</strong></span> <span class='ocrx_word' id='word_1_147' title='bbox 1705 1947 1985 2020; x_wconf 83' lang='lat' dir='ltr'><strong>paradisus</strong></span> 
     </span>
    </p>
   </div>
   <div class='ocr_carea' id='block_1_19' title="bbox 393 2039 1986 2120">
    <p class='ocr_par' dir='ltr' id='par_1_19' title="bbox 393 2039 1986 2120">
     <span class='ocr_line' id='line_1_19' title="bbox 393 2039 1986 2120; baseline -0.008 -13"><span class='ocrx_word' id='word_1_148' title='bbox 393 2050 594 2107; x_wconf 89' lang='lat' dir='ltr'><strong>habere</strong></span> <span class='ocrx_word' id='word_1_149' title='bbox 623 2048 900 2120; x_wconf 87' lang='lat' dir='ltr'><strong>potuisset.</strong></span> <span class='ocrx_word' id='word_1_150' title='bbox 923 2047 1224 2114; x_wconf 83' lang='lat' dir='ltr'><strong>Postremo,</strong></span> <span class='ocrx_word' id='word_1_151' title='bbox 1251 2043 1393 2116; x_wconf 86' lang='lat' dir='ltr'><strong>quod</strong></span> <span class='ocrx_word' id='word_1_152' title='bbox 1417 2057 1613 2114; x_wconf 90' lang='lat' dir='ltr'><strong>corpus</strong></span> <span class='ocrx_word' id='word_1_153' title='bbox 1639 2039 1986 2111; x_wconf 89' lang='lat' dir='ltr'><strong>corruptibile</strong></span> 
     </span>
    </p>
   </div>
   <div class='ocr_carea' id='block_1_20' title="bbox 393 2133 1985 2214">
    <p class='ocr_par' dir='ltr' id='par_1_20' title="bbox 393 2133 1985 2214">
     <span class='ocr_line' id='line_1_20' title="bbox 393 2133 1985 2214; baseline -0.009 -14"><span class='ocrx_word' id='word_1_154' title='bbox 393 2149 643 2214; x_wconf 80' lang='lat' dir='ltr'><strong>aggravat</strong></span> <span class='ocrx_word' id='word_1_155' title='bbox 665 2141 896 2196; x_wconf 89' lang='lat' dir='ltr'><strong>animam</strong></span> <span class='ocrx_word' id='word_1_156' title='bbox 915 2181 931 2206; x_wconf 92' lang='lat'><strong>,</strong></span> <span class='ocrx_word' id='word_1_157' title='bbox 973 2139 1072 2194; x_wconf 87' lang='lat' dir='ltr'><strong>sub</strong></span> <span class='ocrx_word' id='word_1_158' title='bbox 1099 2154 1202 2209; x_wconf 86' lang='lat' dir='ltr'><strong>qua</strong></span> <span class='ocrx_word' id='word_1_159' title='bbox 1233 2135 1526 2194; x_wconf 90' lang='lat' dir='ltr'><strong>miserabili</strong></span> <span class='ocrx_word' id='word_1_160' title='bbox 1553 2133 1766 2192; x_wconf 80' lang='lat' dir='ltr'><strong>sarcina</strong></span> <span class='ocrx_word' id='word_1_161' title='bbox 1795 2145 1985 2188; x_wconf 91' lang='lat' dir='ltr'><strong>omnes</strong></span> 
     </span>
    </p>
   </div>
   <div class='ocr_carea' id='block_1_21' title="bbox 392 2224 1988 2306">
    <p class='ocr_par' dir='ltr' id='par_1_21' title="bbox 392 2224 1988 2306">
     <span class='ocr_line' id='line_1_21' title="bbox 392 2224 1988 2306; baseline -0.005 -16"><span class='ocrx_word' id='word_1_162' title='bbox 392 2235 480 2306; x_wconf 89' lang='lat' dir='ltr'><strong>qui</strong></span> <span class='ocrx_word' id='word_1_163' title='bbox 510 2249 614 2289; x_wconf 91' lang='lat' dir='ltr'><strong>non</strong></span> <span class='ocrx_word' id='word_1_164' title='bbox 646 2247 1026 2304; x_wconf 86' lang='lat' dir='ltr'><strong>usquequaque</strong></span> <span class='ocrx_word' id='word_1_165' title='bbox 1045 2231 1337 2302; x_wconf 90' lang='lat' dir='ltr'><strong>desipiunt,</strong></span> <span class='ocrx_word' id='word_1_166' title='bbox 1365 2227 1612 2284; x_wconf 89' lang='lat' dir='ltr'><strong>homines</strong></span> <span class='ocrx_word' id='word_1_167' title='bbox 1633 2232 1878 2298; x_wconf 77' lang='lat' dir='ltr'><strong>gemunt,</strong></span> <span class='ocrx_word' id='word_1_168' title='bbox 1898 2224 1988 2282; x_wconf 86' lang='lat' dir='ltr'><strong>dic</strong></span> 
     </span>
    </p>
   </div>
   <div class='ocr_carea' id='block_1_22' title="bbox 395 2316 1986 2390">
    <p class='ocr_par' dir='ltr' id='par_1_22' title="bbox 395 2316 1986 2390">
     <span class='ocr_line' id='line_1_22' title="bbox 395 2316 1986 2390; baseline -0.005 -10"><span class='ocrx_word' id='word_1_169' title='bbox 395 2324 538 2380; x_wconf 90' lang='lat' dir='ltr'><strong>unde</strong></span> <span class='ocrx_word' id='word_1_170' title='bbox 565 2325 654 2380; x_wconf 91' lang='lat' dir='ltr'><strong>sit.</strong></span> <span class='ocrx_word' id='word_1_171' title='bbox 685 2323 802 2380; x_wconf 88' lang='lat' dir='ltr'><strong>Non</strong></span> <span class='ocrx_word' id='word_1_172' title='bbox 823 2324 967 2380; x_wconf 90' lang='lat' dir='ltr'><strong>enim</strong></span> <span class='ocrx_word' id='word_1_173' title='bbox 1004 2323 1082 2377; x_wconf 89' lang='lat' dir='ltr'><strong>sic</strong></span> <span class='ocrx_word' id='word_1_174' title='bbox 1117 2321 1360 2378; x_wconf 89' lang='lat' dir='ltr'><strong>dicturus</strong></span> <span class='ocrx_word' id='word_1_175' title='bbox 1393 2334 1452 2376; x_wconf 89' lang='lat' dir='ltr'><strong>es</strong></span> <span class='ocrx_word' id='word_1_176' title='bbox 1497 2319 1697 2390; x_wconf 89' lang='lat' dir='ltr'><strong>primos</strong></span> <span class='ocrx_word' id='word_1_177' title='bbox 1741 2316 1986 2372; x_wconf 88' lang='lat' dir='ltr'><strong>homines</strong></span> 
     </span>
    </p>
   </div>
   <div class='ocr_carea' id='block_1_23' title="bbox 393 2407 1984 2487">
    <p class='ocr_par' dir='ltr' id='par_1_23' title="bbox 393 2407 1984 2487">
     <span class='ocr_line' id='line_1_23' title="bbox 393 2407 1984 2487; baseline -0.006 -15"><span class='ocrx_word' id='word_1_178' title='bbox 393 2427 626 2485; x_wconf 82' lang='lat' dir='ltr'><strong>creatos,</strong></span> <span class='ocrx_word' id='word_1_179' title='bbox 656 2425 716 2473; x_wconf 89' lang='lat' dir='ltr'><strong>ut</strong></span> <span class='ocrx_word' id='word_1_180' title='bbox 739 2415 1069 2487; x_wconf 83' lang='lat' dir='ltr'><strong>corruptibili</strong></span> <span class='ocrx_word' id='word_1_181' title='bbox 1091 2428 1318 2485; x_wconf 89' lang='lat' dir='ltr'><strong>corpore</strong></span> <span class='ocrx_word' id='word_1_182' title='bbox 1345 2410 1569 2482; x_wconf 88' lang='lat' dir='ltr'><strong>alicujus</strong></span> <span class='ocrx_word' id='word_1_183' title='bbox 1593 2425 1779 2468; x_wconf 90' lang='lat' dir='ltr'><strong>eorum</strong></span> <span class='ocrx_word' id='word_1_184' title='bbox 1807 2407 1984 2464; x_wconf 83' lang='lat' dir='ltr'><strong>anima</strong></span> 
     </span>
    </p>
   </div>
   <div class='ocr_carea' id='block_1_24' title="bbox 395 2501 1984 2582">
    <p class='ocr_par' dir='ltr' id='par_1_24' title="bbox 395 2501 1984 2582">
     <span class='ocr_line' id='line_1_24' title="bbox 395 2501 1984 2582; baseline -0.007 -18"><span class='ocrx_word' id='word_1_185' title='bbox 395 2517 739 2582; x_wconf 68' lang='lat' dir='ltr'><strong>gravaretur;</strong></span> <span class='ocrx_word' id='word_1_186' title='bbox 782 2517 870 2564; x_wconf 91' lang='lat' dir='ltr'><strong>aut</strong></span> <span class='ocrx_word' id='word_1_187' title='bbox 899 2513 1020 2580; x_wconf 86' lang='lat' dir='ltr'><strong>post</strong></span> <span class='ocrx_word' id='word_1_188' title='bbox 1056 2520 1242 2561; x_wconf 90' lang='lat' dir='ltr'><strong>eorum</strong></span> <span class='ocrx_word' id='word_1_189' title='bbox 1277 2503 1409 2559; x_wconf 91' lang='lat' dir='ltr'><strong>illud</strong></span> <span class='ocrx_word' id='word_1_190' title='bbox 1441 2501 1644 2576; x_wconf 75' lang='lat' dir='ltr'><strong>grande</strong></span> <span class='ocrx_word' id='word_1_191' title='bbox 1685 2511 1984 2572; x_wconf 87' lang='lat' dir='ltr'><strong>peccatum,</strong></span> 
     </span>
    </p>
   </div>
   <div class='ocr_carea' id='block_1_25' title="bbox 397 2592 1988 2670">
    <p class='ocr_par' dir='ltr' id='par_1_25' title="bbox 397 2592 1988 2670">
     <span class='ocr_line' id='line_1_25' title="bbox 397 2592 1988 2670; baseline -0.007 -13"><span class='ocrx_word' id='word_1_192' title='bbox 397 2601 513 2659; x_wconf 77' lang='lat' dir='ltr'><strong>sine</strong></span> <span class='ocrx_word' id='word_1_193' title='bbox 545 2599 633 2654; x_wconf 90' lang='lat' dir='ltr'><strong>tali</strong></span> <span class='ocrx_word' id='word_1_194' title='bbox 662 2613 886 2670; x_wconf 87' lang='lat' dir='ltr'><strong>corpore</strong></span> <span class='ocrx_word' id='word_1_195' title='bbox 924 2598 1116 2670; x_wconf 86' lang='lat' dir='ltr'><strong>aliquis</strong></span> <span class='ocrx_word' id='word_1_196' title='bbox 1153 2597 1410 2652; x_wconf 80' lang='lat' dir='ltr'><strong>nascitur.</strong></span> <span class='ocrx_word' id='word_1_197' title='bbox 1439 2594 1550 2651; x_wconf 85' lang='lat' dir='ltr'><strong>Cur</strong></span> <span class='ocrx_word' id='word_1_198' title='bbox 1574 2608 1703 2666; x_wconf 75' lang='lat' dir='ltr'><strong>ergo</strong></span> <span class='ocrx_word' id='word_1_199' title='bbox 1731 2592 1988 2648; x_wconf 84' lang='lat' dir='ltr'><strong>adversus</strong></span> 
     </span>
    </p>
   </div>
   <div class='ocr_carea' id='block_1_26' title="bbox 399 2683 1984 2760">
    <p class='ocr_par' dir='ltr' id='par_1_26' title="bbox 399 2683 1984 2760">
     <span class='ocr_line' id='line_1_26' title="bbox 399 2683 1984 2760; baseline -0.004 -14"><span class='ocrx_word' id='word_1_200' title='bbox 399 2707 497 2746; x_wconf 91' lang='lat' dir='ltr'><strong>nos</strong></span> <span class='ocrx_word' id='word_1_201' title='bbox 521 2690 868 2747; x_wconf 64' lang='lat' dir='ltr'><strong>Manicheum</strong></span> <span class='ocrx_word' id='word_1_202' title='bbox 897 2690 1204 2760; x_wconf 91' lang='lat' dir='ltr'><strong>loquentem</strong></span> <span class='ocrx_word' id='word_1_203' title='bbox 1235 2685 1645 2760; x_wconf 88' lang='lat' dir='ltr'><strong>loquacissimus</strong></span> <span class='ocrx_word' id='word_1_204' title='bbox 1671 2683 1984 2748; x_wconf 87' lang='lat' dir='ltr'><strong>introducis,</strong></span> 
     </span>
    </p>
   </div>
   <div class='ocr_carea' id='block_1_27' title="bbox 396 2777 1989 2853">
    <p class='ocr_par' dir='ltr' id='par_1_27' title="bbox 396 2777 1989 2853">
     <span class='ocr_line' id='line_1_27' title="bbox 396 2777 1989 2853; baseline -0.005 -17"><span class='ocrx_word' id='word_1_205' title='bbox 396 2795 518 2838; x_wconf 85' lang='lat' dir='ltr'><strong>cum</strong></span> <span class='ocrx_word' id='word_1_206' title='bbox 540 2791 596 2837; x_wconf 91' lang='lat' dir='ltr'><strong>tu</strong></span> <span class='ocrx_word' id='word_1_207' title='bbox 626 2781 869 2853; x_wconf 73' lang='lat' dir='ltr'><strong>negando</strong></span> <span class='ocrx_word' id='word_1_208' title='bbox 893 2781 1033 2852; x_wconf 89' lang='lat' dir='ltr'><strong>quod</strong></span> <span class='ocrx_word' id='word_1_209' title='bbox 1059 2780 1305 2843; x_wconf 86' lang='lat' dir='ltr'><strong>dicimus,</strong></span> <span class='ocrx_word' id='word_1_210' title='bbox 1324 2779 1372 2835; x_wconf 91' lang='lat' dir='ltr'><strong>ei</strong></span> <span class='ocrx_word' id='word_1_211' title='bbox 1394 2777 1718 2848; x_wconf 88' lang='lat' dir='ltr'><strong>respondere</strong></span> <span class='ocrx_word' id='word_1_212' title='bbox 1739 2793 1844 2832; x_wconf 91' lang='lat' dir='ltr'><strong>non</strong></span> <span class='ocrx_word' id='word_1_213' title='bbox 1867 2789 1989 2846; x_wconf 89' lang='lat' dir='ltr'><strong>pos-</strong></span> 
     </span>
    </p>
   </div>
   <div class='ocr_carea' id='block_1_28' title="bbox 396 2867 1986 2942">
    <p class='ocr_par' dir='ltr' id='par_1_28' title="bbox 396 2867 1986 2942">
     <span class='ocr_line' id='line_1_28' title="bbox 396 2867 1986 2942; baseline -0.007 -13"><span class='ocrx_word' id='word_1_214' title='bbox 396 2871 508 2929; x_wconf 71' lang='lat' dir='ltr'><strong>sis?</strong></span> <span class='ocrx_word' id='word_1_215' title='bbox 532 2871 627 2926; x_wconf 86' lang='lat' dir='ltr'><strong>Cui</strong></span> <span class='ocrx_word' id='word_1_216' title='bbox 663 2871 954 2942; x_wconf 87' lang='lat' dir='ltr'><strong>respondet</strong></span> <span class='ocrx_word' id='word_1_217' title='bbox 979 2868 1297 2941; x_wconf 78' lang='lat' dir='ltr'><strong>Cyprianus,</strong></span> <span class='ocrx_word' id='word_1_218' title='bbox 1329 2869 1400 2924; x_wconf 88' lang='lat' dir='ltr'><strong>ita</strong></span> <span class='ocrx_word' id='word_1_219' title='bbox 1439 2867 1744 2923; x_wconf 85' lang='lat' dir='ltr'><strong>discordare</strong></span> <span class='ocrx_word' id='word_1_220' title='bbox 1769 2881 1986 2923; x_wconf 88' lang='lat' dir='ltr'><strong>carnem</strong></span> 
     </span>
    </p>
   </div>
   <div class='ocr_carea' id='block_1_29' title="bbox 399 2955 1988 3034">
    <p class='ocr_par' dir='ltr' id='par_1_29' title="bbox 399 2955 1988 3034">
     <span class='ocr_line' id='line_1_29' title="bbox 399 2955 1988 3034; baseline -0.004 -18"><span class='ocrx_word' id='word_1_221' title='bbox 399 2962 752 3034; x_wconf 89' lang='lat' dir='ltr'><strong>spiritumque</strong></span> <span class='ocrx_word' id='word_1_222' title='bbox 781 2961 1179 3025; x_wconf 85' lang='lat' dir='ltr'><strong>demonstrans,</strong></span> <span class='ocrx_word' id='word_1_223' title='bbox 1224 2967 1281 3012; x_wconf 90' lang='lat' dir='ltr'><strong>ut</strong></span> <span class='ocrx_word' id='word_1_224' title='bbox 1325 2966 1501 3012; x_wconf 90' lang='lat' dir='ltr'><strong>tamen</strong></span> <span class='ocrx_word' id='word_1_225' title='bbox 1547 2955 1822 3025; x_wconf 85' lang='lat' dir='ltr'><strong>utriusque</strong></span> <span class='ocrx_word' id='word_1_226' title='bbox 1861 2955 1988 3010; x_wconf 85' lang='lat' dir='ltr'><strong>sita</strong></span> 
     </span>
    </p>
   </div>
   <div class='ocr_carea' id='block_1_30' title="bbox 399 3041 1985 3121">
    <p class='ocr_par' dir='ltr' id='par_1_30' title="bbox 399 3041 1985 3121">
     <span class='ocr_line' id='line_1_30' title="bbox 399 3041 1985 3121; baseline -0.007 -11"><span class='ocrx_word' id='word_1_227' title='bbox 399 3055 511 3110; x_wconf 84' lang='lat' dir='ltr'><strong>Deo</strong></span> <span class='ocrx_word' id='word_1_228' title='bbox 534 3053 693 3110; x_wconf 85' lang='lat' dir='ltr'><strong>Patre</strong></span> <span class='ocrx_word' id='word_1_229' title='bbox 719 3052 918 3108; x_wconf 90' lang='lat' dir='ltr'><strong>oranda</strong></span> <span class='ocrx_word' id='word_1_230' title='bbox 943 3049 1228 3109; x_wconf 89' lang='lat' dir='ltr'><strong>concordia</strong></span> <span class='ocrx_word' id='word_1_231' title='bbox 1260 3047 1365 3121; x_wconf 87' lang='lat' dir='ltr'><strong>(De</strong></span> <span class='ocrx_word' id='word_1_232' title='bbox 1392 3046 1633 3102; x_wconf 86' lang='lat' dir='ltr'><strong>Oratione</strong></span> <span class='ocrx_word' id='word_1_233' title='bbox 1662 3041 1946 3118; x_wconf 83' lang='lat' dir='ltr'><strong>Dominica)</strong></span> <span class='ocrx_word' id='word_1_234' title='bbox 1970 3061 1985 3099; x_wconf 91' lang='lat'><strong>:</strong></span> 
     </span>
    </p>
   </div>
   <div class='ocr_carea' id='block_1_31' title="bbox 398 3135 1988 3218">
    <p class='ocr_par' dir='ltr' id='par_1_31' title="bbox 398 3135 1988 3218">
     <span class='ocr_line' id='line_1_31' title="bbox 398 3135 1988 3218; baseline -0.009 -13"><span class='ocrx_word' id='word_1_235' title='bbox 398 3149 484 3205; x_wconf 82' lang='lat' dir='ltr'><strong>cui</strong></span> <span class='ocrx_word' id='word_1_236' title='bbox 512 3147 798 3218; x_wconf 89' lang='lat' dir='ltr'><strong>respondet</strong></span> <span class='ocrx_word' id='word_1_237' title='bbox 817 3145 1128 3218; x_wconf 80' lang='lat' dir='ltr'><strong>Gregorius,</strong></span> <span class='ocrx_word' id='word_1_238' title='bbox 1155 3142 1386 3215; x_wconf 86' lang='lat' dir='ltr'><strong>quicum</strong></span> <span class='ocrx_word' id='word_1_239' title='bbox 1411 3140 1531 3194; x_wconf 88' lang='lat' dir='ltr'><strong>talia</strong></span> <span class='ocrx_word' id='word_1_240' title='bbox 1553 3138 1622 3194; x_wconf 89' lang='lat' dir='ltr'><strong>de</strong></span> <span class='ocrx_word' id='word_1_241' title='bbox 1641 3153 1801 3192; x_wconf 86' lang='lat' dir='ltr'><strong>carne</strong></span> <span class='ocrx_word' id='word_1_242' title='bbox 1825 3135 1988 3191; x_wconf 77' lang='lat' dir='ltr'><strong>dixis-</strong></span> 
     </span>
    </p>
   </div>
   <div class='ocr_carea' id='block_1_32' title="bbox 400 3228 1986 3312">
    <p class='ocr_par' dir='ltr' id='par_1_32' title="bbox 400 3228 1986 3312">
     <span class='ocr_line' id='line_1_32' title="bbox 400 3228 1986 3312; baseline -0.01 -15"><span class='ocrx_word' id='word_1_243' title='bbox 400 3251 505 3308; x_wconf 86' lang='lat' dir='ltr'><strong>set,</strong></span> <span class='ocrx_word' id='word_1_244' title='bbox 531 3240 710 3312; x_wconf 87' lang='lat' dir='ltr'><strong>qualia</strong></span> <span class='ocrx_word' id='word_1_245' title='bbox 731 3247 916 3296; x_wconf 90' lang='lat' dir='ltr'><strong>contra</strong></span> <span class='ocrx_word' id='word_1_246' title='bbox 939 3253 1036 3294; x_wconf 87' lang='lat' dir='ltr'><strong>nos</strong></span> <span class='ocrx_word' id='word_1_247' title='bbox 1051 3234 1396 3307; x_wconf 84' lang='lat' dir='ltr'><strong>composuisti</strong></span> <span class='ocrx_word' id='word_1_248' title='bbox 1415 3233 1594 3288; x_wconf 90' lang='lat' dir='ltr'><strong>dicere</strong></span> <span class='ocrx_word' id='word_1_249' title='bbox 1617 3228 1986 3292; x_wconf 80' lang='lat' dir='ltr'><strong>Maniclneum,</strong></span> 
     </span>
    </p>
   </div>
   <div class='ocr_carea' id='block_1_33' title="bbox 402 3320 1988 3403">
    <p class='ocr_par' dir='ltr' id='par_1_33' title="bbox 402 3320 1988 3403">
     <span class='ocr_line' id='line_1_33' title="bbox 402 3320 1988 3403; baseline -0.008 -17"><span class='ocrx_word' id='word_1_250' title='bbox 402 3341 686 3403; x_wconf 89' lang='lat' dir='ltr'><strong>utrumque</strong></span> <span class='ocrx_word' id='word_1_251' title='bbox 712 3340 886 3386; x_wconf 91' lang='lat' dir='ltr'><strong>tamen</strong></span> <span class='ocrx_word' id='word_1_252' title='bbox 917 3328 984 3384; x_wconf 89' lang='lat' dir='ltr'><strong>ad</strong></span> <span class='ocrx_word' id='word_1_253' title='bbox 1013 3329 1202 3396; x_wconf 89' lang='lat' dir='ltr'><strong>Deum,</strong></span> <span class='ocrx_word' id='word_1_254' title='bbox 1243 3325 1359 3397; x_wconf 89' lang='lat' dir='ltr'><strong>ipso</strong></span> <span class='ocrx_word' id='word_1_255' title='bbox 1401 3323 1508 3378; x_wconf 88' lang='lat' dir='ltr'><strong>Deo</strong></span> <span class='ocrx_word' id='word_1_256' title='bbox 1537 3320 1788 3393; x_wconf 78' lang='lat' dir='ltr'><strong>propitio,</strong></span> <span class='ocrx_word' id='word_1_257' title='bbox 1831 3335 1988 3376; x_wconf 88' lang='lat' dir='ltr'><strong>revo-</strong></span> 
     </span>
    </p>
   </div>
   <div class='ocr_carea' id='block_1_34' title="bbox 399 3409 1990 3488">
    <p class='ocr_par' dir='ltr' id='par_1_34' title="bbox 399 3409 1990 3488">
     <span class='ocr_line' id='line_1_34' title="bbox 399 3409 1990 3488; baseline -0.011 -6"><span class='ocrx_word' id='word_1_258' title='bbox 399 3423 627 3483; x_wconf 81' lang='lat' dir='ltr'><strong>candum</strong></span> <span class='ocrx_word' id='word_1_259' title='bbox 649 3437 768 3478; x_wconf 90' lang='lat' dir='ltr'><strong>esse</strong></span> <span class='ocrx_word' id='word_1_260' title='bbox 796 3429 1038 3484; x_wconf 85' lang='lat' dir='ltr'><strong>testatur,</strong></span> <span class='ocrx_word' id='word_1_261' title='bbox 1062 3419 1115 3474; x_wconf 93' lang='lat' dir='ltr'><strong>id</strong></span> <span class='ocrx_word' id='word_1_262' title='bbox 1139 3427 1240 3482; x_wconf 89' lang='lat' dir='ltr'><strong>est,</strong></span> <span class='ocrx_word' id='word_1_263' title='bbox 1273 3415 1521 3488; x_wconf 89' lang='lat' dir='ltr'><strong>spiritum</strong></span> <span class='ocrx_word' id='word_1_264' title='bbox 1551 3423 1604 3468; x_wconf 89' lang='lat' dir='ltr'><strong>et</strong></span> <span class='ocrx_word' id='word_1_265' title='bbox 1627 3427 1844 3470; x_wconf 88' lang='lat' dir='ltr'><strong>carnem</strong></span> <span class='ocrx_word' id='word_1_266' title='bbox 1869 3429 1882 3464; x_wconf 88' lang='lat'><strong>:</strong></span> <span class='ocrx_word' id='word_1_267' title='bbox 1905 3409 1990 3465; x_wconf 90' lang='lat' dir='ltr'><strong>cui</strong></span> 
     </span>
    </p>
   </div>
   <div class='ocr_carea' id='block_1_35' title="bbox 401 3507 1992 3588">
    <p class='ocr_par' dir='ltr' id='par_1_35' title="bbox 401 3507 1992 3588">
     <span class='ocr_line' id='line_1_35' title="bbox 401 3507 1992 3588; baseline -0.012 -12"><span class='ocrx_word' id='word_1_268' title='bbox 401 3515 691 3588; x_wconf 77' lang='lat' dir='ltr'><strong>rcSpondet</strong></span> <span class='ocrx_word' id='word_1_269' title='bbox 729 3513 1061 3580; x_wconf 86' lang='lat' dir='ltr'><strong>Ambrosius,</strong></span> <span class='ocrx_word' id='word_1_270' title='bbox 1092 3511 1183 3584; x_wconf 87' lang='lat' dir='ltr'><strong>qui</strong></span> <span class='ocrx_word' id='word_1_271' title='bbox 1220 3525 1339 3565; x_wconf 91' lang='lat' dir='ltr'><strong>cum</strong></span> <span class='ocrx_word' id='word_1_272' title='bbox 1369 3507 1590 3563; x_wconf 79' lang='lat' dir='ltr'><strong>dixisset</strong></span> <span class='ocrx_word' id='word_1_273' title='bbox 1616 3519 1832 3561; x_wconf 89' lang='lat' dir='ltr'><strong>carnem</strong></span> <span class='ocrx_word' id='word_1_274' title='bbox 1877 3518 1992 3557; x_wconf 83' lang='lat' dir='ltr'><strong>mo-</strong></span> 
     </span>
    </p>
   </div>
   <div class='ocr_carea' id='block_1_36' title="bbox 349 3595 1987 3671">
    <p class='ocr_par' dir='ltr' id='par_1_36' title="bbox 349 3595 1987 3671">
     <span class='ocr_line' id='line_1_36' title="bbox 349 3595 1987 3671; baseline -0.011 -7"><span class='ocrx_word' id='word_1_275' title='bbox 349 3618 359 3628; x_wconf 84' lang='lat'><strong><em>&#39;</em></strong></span> <span class='ocrx_word' id='word_1_276' title='bbox 401 3607 684 3664; x_wconf 87' lang='lat' dir='ltr'><strong>deratioris</strong></span> <span class='ocrx_word' id='word_1_277' title='bbox 713 3607 907 3661; x_wconf 72' lang='lat' dir='ltr'><strong>animm</strong></span> <span class='ocrx_word' id='word_1_278' title='bbox 943 3603 1165 3659; x_wconf 89' lang='lat' dir='ltr'><strong>arbitrio</strong></span> <span class='ocrx_word' id='word_1_279' title='bbox 1193 3599 1580 3671; x_wconf 80' lang='lat' dir='ltr'><strong>conjngnndam</strong></span> <span class='ocrx_word' id='word_1_280' title='bbox 1605 3639 1620 3665; x_wconf 91' lang='lat'><strong>,</strong></span> <span class='ocrx_word' id='word_1_281' title='bbox 1661 3595 1840 3664; x_wconf 82' lang='lat' dir='ltr'><strong>Qualis</strong></span> <span class='ocrx_word' id='word_1_282' title='bbox 1867 3595 1987 3666; x_wconf 81' lang='lat' dir='ltr'><strong>fuit,</strong></span> 
     </span>
    </p>
   </div>
   <div class='ocr_carea' id='block_1_37' title="bbox 404 3688 1990 3770">
    <p class='ocr_par' dir='ltr' id='par_1_37' title="bbox 404 3688 1990 3770">
     <span class='ocr_line' id='line_1_37' title="bbox 404 3688 1990 3770; baseline -0.008 -17"><span class='ocrx_word' id='word_1_283' title='bbox 404 3699 593 3770; x_wconf 87' lang='lat' dir='ltr'><strong>inquit,</strong></span> <span class='ocrx_word' id='word_1_284' title='bbox 623 3715 735 3752; x_wconf 88' lang='lat' dir='ltr'><strong>cum</strong></span> <span class='ocrx_word' id='word_1_285' title='bbox 755 3695 1086 3752; x_wconf 79' lang='lat' dir='ltr'><strong>inltabitanda</strong></span> <span class='ocrx_word' id='word_1_286' title='bbox 1113 3693 1338 3764; x_wconf 79' lang='lat' dir='ltr'><strong>paradisi</strong></span> <span class='ocrx_word' id='word_1_287' title='bbox 1360 3699 1549 3746; x_wconf 78' lang='lat' dir='ltr'><strong>secreta</strong></span> <span class='ocrx_word' id='word_1_288' title='bbox 1571 3688 1812 3756; x_wconf 80' lang='lat' dir='ltr'><strong>suscepit,</strong></span> <span class='ocrx_word' id='word_1_289' title='bbox 1843 3695 1990 3740; x_wconf 85' lang='lat' dir='ltr'><strong>ante-</strong></span> 
     </span>
    </p>
   </div>
   <div class='ocr_carea' id='block_1_38' title="bbox 402 3780 1992 3861">
    <p class='ocr_par' dir='ltr' id='par_1_38' title="bbox 402 3780 1992 3861">
     <span class='ocr_line' id='line_1_38' title="bbox 402 3780 1992 3861; baseline -0.01 -16"><span class='ocrx_word' id='word_1_290' title='bbox 402 3806 554 3861; x_wconf 85' lang='lat' dir='ltr'><strong>quam</strong></span> <span class='ocrx_word' id='word_1_291' title='bbox 583 3805 769 3844; x_wconf 78' lang='lat' dir='ltr'><strong>veneno</strong></span> <span class='ocrx_word' id='word_1_292' title='bbox 813 3787 1036 3859; x_wconf 74' lang='lat' dir='ltr'><strong>pestiferi</strong></span> <span class='ocrx_word' id='word_1_293' title='bbox 1077 3784 1320 3856; x_wconf 77' lang='lat' dir='ltr'><strong>serpentis</strong></span> <span class='ocrx_word' id='word_1_294' title='bbox 1355 3781 1538 3852; x_wconf 73' lang='lat' dir='ltr'><strong>infecta</strong></span> <span class='ocrx_word' id='word_1_295' title='bbox 1575 3780 1872 3850; x_wconf 75' lang='lat' dir='ltr'><strong>sacrilegam</strong></span> <span class='ocrx_word' id='word_1_296' title='bbox 1913 3780 1992 3847; x_wconf 80' lang='lat' dir='ltr'><strong>fn-</strong></span> 
     </span>
    </p>
   </div>
   <div class='ocr_carea' id='block_1_39' title="bbox 404 3871 1990 3948">
    <p class='ocr_par' dir='ltr' id='par_1_39' title="bbox 404 3871 1990 3948">
     <span class='ocr_line' id='line_1_39' title="bbox 404 3871 1990 3948; baseline -0.007 -13"><span class='ocrx_word' id='word_1_297' title='bbox 404 3897 534 3936; x_wconf 85' lang='lat' dir='ltr'><strong>tucm</strong></span> <span class='ocrx_word' id='word_1_298' title='bbox 562 3884 709 3935; x_wconf 82' lang='lat' dir='ltr'><strong>sciret</strong></span> <span class='ocrx_word' id='word_1_299' title='bbox 736 3878 874 3948; x_wconf 86' lang='lat' dir='ltr'><strong>(Lib.</strong></span> <span class='ocrx_word' id='word_1_300' title='bbox 897 3880 929 3933; x_wconf 90' lang='lat'>7</span> <span class='ocrx_word' id='word_1_301' title='bbox 959 3879 1009 3932; x_wconf 86' lang='lat' dir='ltr'><strong>in</strong></span> <span class='ocrx_word' id='word_1_302' title='bbox 1036 3875 1164 3930; x_wconf 85' lang='lat' dir='ltr'><strong>Luc.</strong></span> <span class='ocrx_word' id='word_1_303' title='bbox 1192 3875 1310 3946; x_wconf 79' lang='lat' dir='ltr'><strong>xu).</strong></span> <span class='ocrx_word' id='word_1_304' title='bbox 1344 3873 1436 3928; x_wconf 91' lang='lat' dir='ltr'><strong>llis</strong></span> <span class='ocrx_word' id='word_1_305' title='bbox 1465 3873 1606 3928; x_wconf 88' lang='lat' dir='ltr'><strong>enim</strong></span> <span class='ocrx_word' id='word_1_306' title='bbox 1635 3871 1745 3926; x_wconf 88' lang='lat' dir='ltr'><strong>suis</strong></span> <span class='ocrx_word' id='word_1_307' title='bbox 1771 3879 1990 3924; x_wconf 83' lang='lat' dir='ltr'><strong>sentcn-</strong></span> 
     </span>
    </p>
   </div>
   <div class='ocr_carea' id='block_1_40' title="bbox 404 3964 1994 4039">
    <p class='ocr_par' dir='ltr' id='par_1_40' title="bbox 404 3964 1994 4039">
     <span class='ocr_line' id='line_1_40' title="bbox 404 3964 1994 4039; baseline -0.008 -10"><span class='ocrx_word' id='word_1_308' title='bbox 404 3974 492 4029; x_wconf 86' lang='lat' dir='ltr'><strong>tiis</strong></span> <span class='ocrx_word' id='word_1_309' title='bbox 517 3973 763 4029; x_wconf 84' lang='lat' dir='ltr'><strong>catholici</strong></span> <span class='ocrx_word' id='word_1_310' title='bbox 785 3972 1049 4026; x_wconf 90' lang='lat' dir='ltr'><strong>antistites</strong></span> <span class='ocrx_word' id='word_1_311' title='bbox 1072 3969 1202 4024; x_wconf 90' lang='lat' dir='ltr'><strong>satis</strong></span> <span class='ocrx_word' id='word_1_312' title='bbox 1226 3977 1515 4039; x_wconf 84' lang='lat' dir='ltr'><strong>aperteque</strong></span> <span class='ocrx_word' id='word_1_313' title='bbox 1537 3964 1854 4027; x_wconf 87' lang='lat' dir='ltr'><strong>docuerunt,</strong></span> <span class='ocrx_word' id='word_1_314' title='bbox 1877 3977 1994 4016; x_wconf 86' lang='lat' dir='ltr'><strong>car-</strong></span> 
     </span>
    </p>
   </div>
   <div class='ocr_carea' id='block_1_41' title="bbox 403 4054 1992 4125">
    <p class='ocr_par' dir='ltr' id='par_1_41' title="bbox 403 4054 1992 4125">
     <span class='ocr_line' id='line_1_41' title="bbox 403 4054 1992 4125; baseline -0.011 -1"><span class='ocrx_word' id='word_1_315' title='bbox 403 4065 487 4124; x_wconf 82' lang='lat' dir='ltr'><strong>nis</strong></span> <span class='ocrx_word' id='word_1_316' title='bbox 541 4079 646 4120; x_wconf 92' lang='lat' dir='ltr'><strong>non</strong></span> <span class='ocrx_word' id='word_1_317' title='bbox 693 4072 935 4120; x_wconf 87' lang='lat' dir='ltr'><strong>naturam</strong></span> <span class='ocrx_word' id='word_1_318' title='bbox 995 4062 1188 4117; x_wconf 80' lang='lat' dir='ltr'><strong>malum</strong></span> <span class='ocrx_word' id='word_1_319' title='bbox 1244 4073 1397 4125; x_wconf 86' lang='lat' dir='ltr'><strong>esse,</strong></span> <span class='ocrx_word' id='word_1_320' title='bbox 1465 4055 1558 4112; x_wconf 89' lang='lat' dir='ltr'><strong>sed</strong></span> <span class='ocrx_word' id='word_1_321' title='bbox 1609 4054 1825 4121; x_wconf 75' lang='lat' dir='ltr'><strong>vitium;</strong></span> <span class='ocrx_word' id='word_1_322' title='bbox 1885 4069 1992 4125; x_wconf 92' lang='lat' dir='ltr'><strong>quo</strong></span> 
     </span>
    </p>
   </div>
   <div class='ocr_carea' id='block_1_42' title="bbox 403 4144 1992 4222">
    <p class='ocr_par' dir='ltr' id='par_1_42' title="bbox 403 4144 1992 4222">
     <span class='ocr_line' id='line_1_42' title="bbox 403 4144 1992 4222; baseline -0.008 -12"><span class='ocrx_word' id='word_1_323' title='bbox 403 4167 592 4210; x_wconf 88' lang='lat' dir='ltr'><strong>sanato</strong></span> <span class='ocrx_word' id='word_1_324' title='bbox 617 4153 685 4210; x_wconf 91' lang='lat' dir='ltr'><strong>ad</strong></span> <span class='ocrx_word' id='word_1_325' title='bbox 715 4155 816 4210; x_wconf 91' lang='lat' dir='ltr'><strong>hoc</strong></span> <span class='ocrx_word' id='word_1_326' title='bbox 845 4153 980 4209; x_wconf 88' lang='lat' dir='ltr'><strong>redit</strong></span> <span class='ocrx_word' id='word_1_327' title='bbox 999 4195 1014 4221; x_wconf 90' lang='lat'><strong>,</strong></span> <span class='ocrx_word' id='word_1_328' title='bbox 1048 4161 1105 4207; x_wconf 93' lang='lat' dir='ltr'><strong>ut</strong></span> <span class='ocrx_word' id='word_1_329' title='bbox 1132 4147 1580 4222; x_wconf 88' lang='lat' dir='ltr'><strong>quemadmodum</strong></span> <span class='ocrx_word' id='word_1_330' title='bbox 1622 4147 1868 4217; x_wconf 86' lang='lat' dir='ltr'><strong>primitus</strong></span> <span class='ocrx_word' id='word_1_331' title='bbox 1913 4144 1992 4198; x_wconf 84' lang='lat' dir='ltr'><strong>in-</strong></span> 
     </span>
    </p>
   </div>
   <div class='ocr_carea' id='block_1_43' title="bbox 403 4238 1989 4315">
    <p class='ocr_par' dir='ltr' id='par_1_43' title="bbox 403 4238 1989 4315">
     <span class='ocr_line' id='line_1_43' title="bbox 403 4238 1989 4315; baseline -0.008 -13"><span class='ocrx_word' id='word_1_332' title='bbox 403 4247 585 4303; x_wconf 89' lang='lat' dir='ltr'><strong>stituta</strong></span> <span class='ocrx_word' id='word_1_333' title='bbox 609 4256 720 4312; x_wconf 90' lang='lat' dir='ltr'><strong>est,</strong></span> <span class='ocrx_word' id='word_1_334' title='bbox 769 4248 929 4302; x_wconf 89' lang='lat' dir='ltr'><strong>nullis</strong></span> <span class='ocrx_word' id='word_1_335' title='bbox 963 4247 1076 4302; x_wconf 87' lang='lat' dir='ltr'><strong>suis</strong></span> <span class='ocrx_word' id='word_1_336' title='bbox 1111 4243 1430 4315; x_wconf 83' lang='lat' dir='ltr'><strong>corruptelis</strong></span> <span class='ocrx_word' id='word_1_337' title='bbox 1457 4249 1710 4313; x_wconf 79' lang='lat' dir='ltr'><strong>aggravet</strong></span> <span class='ocrx_word' id='word_1_338' title='bbox 1737 4238 1989 4302; x_wconf 89' lang='lat' dir='ltr'><strong>animam,</strong></span> 
     </span>
    </p>
   </div>
   <div class='ocr_carea' id='block_1_44' title="bbox 407 4329 1992 4408">
    <p class='ocr_par' dir='ltr' id='par_1_44' title="bbox 407 4329 1992 4408">
     <span class='ocr_line' id='line_1_44' title="bbox 407 4329 1992 4408; baseline -0.007 -16"><span class='ocrx_word' id='word_1_339' title='bbox 407 4338 718 4408; x_wconf 88' lang='lat' dir='ltr'><strong>nullamque</strong></span> <span class='ocrx_word' id='word_1_340' title='bbox 740 4338 1063 4394; x_wconf 79' lang='lat' dir='ltr'><strong>ltabcatcum</strong></span> <span class='ocrx_word' id='word_1_341' title='bbox 1083 4334 1272 4406; x_wconf 79' lang='lat' dir='ltr'><strong>spiritu</strong></span> <span class='ocrx_word' id='word_1_342' title='bbox 1288 4332 1554 4389; x_wconf 87' lang='lat' dir='ltr'><strong>contraria</strong></span> <span class='ocrx_word' id='word_1_343' title='bbox 1567 4329 1992 4401; x_wconf 87' lang='lat' dir='ltr'><strong>concupiscendo</strong></span> 
     </span>
    </p>
   </div>
   <div class='ocr_carea' id='block_1_45' title="bbox 403 4422 1990 4498">
    <p class='ocr_par' dir='ltr' id='par_1_45' title="bbox 403 4422 1990 4498">
     <span class='ocr_line' id='line_1_45' title="bbox 403 4422 1990 4498; baseline -0.007 -14"><span class='ocrx_word' id='word_1_344' title='bbox 403 4429 726 4484; x_wconf 84' lang='lat' dir='ltr'><strong>discordiam</strong></span> <span class='ocrx_word' id='word_1_345' title='bbox 755 4430 912 4498; x_wconf 75' lang='lat' dir='ltr'><strong>:qnia</strong></span> <span class='ocrx_word' id='word_1_346' title='bbox 946 4428 1210 4483; x_wconf 89' lang='lat' dir='ltr'><strong>discordia</strong></span> <span class='ocrx_word' id='word_1_347' title='bbox 1241 4427 1499 4495; x_wconf 79' lang='lat' dir='ltr'><strong>deceptus</strong></span> <span class='ocrx_word' id='word_1_348' title='bbox 1524 4433 1606 4480; x_wconf 90' lang='lat' dir='ltr'><strong>est</strong></span> <span class='ocrx_word' id='word_1_349' title='bbox 1645 4422 1990 4488; x_wconf 62' lang='lat' dir='ltr'><strong>Maniehtens,</strong></span> 
     </span>
    </p>
   </div>
   <div class='ocr_carea' id='block_1_46' title="bbox 407 4512 1996 4587">
    <p class='ocr_par' dir='ltr' id='par_1_46' title="bbox 407 4512 1996 4587">
     <span class='ocr_line' id='line_1_46' title="bbox 407 4512 1996 4587; baseline -0.004 -15"><span class='ocrx_word' id='word_1_350' title='bbox 407 4527 464 4572; x_wconf 92' lang='lat' dir='ltr'><strong>ut</strong></span> <span class='ocrx_word' id='word_1_351' title='bbox 483 4518 711 4573; x_wconf 87' lang='lat' dir='ltr'><strong>alienam</strong></span> <span class='ocrx_word' id='word_1_352' title='bbox 738 4519 931 4572; x_wconf 88' lang='lat' dir='ltr'><strong>malam</strong></span> <span class='ocrx_word' id='word_1_353' title='bbox 960 4517 1182 4587; x_wconf 81' lang='lat' dir='ltr'><strong>lingeret</strong></span> <span class='ocrx_word' id='word_1_354' title='bbox 1202 4515 1543 4570; x_wconf 84' lang='lat' dir='ltr'><strong>commixtam</strong></span> <span class='ocrx_word' id='word_1_355' title='bbox 1566 4513 1720 4568; x_wconf 91' lang='lat' dir='ltr'><strong>nobis</strong></span> <span class='ocrx_word' id='word_1_356' title='bbox 1739 4527 1858 4568; x_wconf 90' lang='lat' dir='ltr'><strong>esse</strong></span> <span class='ocrx_word' id='word_1_357' title='bbox 1879 4512 1996 4566; x_wconf 83' lang='lat' dir='ltr'><strong>sub-</strong></span> 
     </span>
    </p>
   </div>
   <div class='ocr_carea' id='block_1_47' title="bbox 405 4606 1993 4667">
    <p class='ocr_par' dir='ltr' id='par_1_47' title="bbox 405 4606 1993 4667">
     <span class='ocr_line' id='line_1_47' title="bbox 405 4606 1993 4667; baseline -0.003 -2"><span class='ocrx_word' id='word_1_358' title='bbox 405 4609 676 4667; x_wconf 82' lang='lat' dir='ltr'><strong>stantiam.</strong></span> <span class='ocrx_word' id='word_1_359' title='bbox 723 4609 924 4666; x_wconf 89' lang='lat' dir='ltr'><strong>llorom</strong></span> <span class='ocrx_word' id='word_1_360' title='bbox 966 4609 1349 4664; x_wconf 87' lang='lat' dir='ltr'><strong>catholicorum</strong></span> <span class='ocrx_word' id='word_1_361' title='bbox 1391 4607 1690 4664; x_wconf 89' lang='lat' dir='ltr'><strong>antistitum</strong></span> <span class='ocrx_word' id='word_1_362' title='bbox 1745 4606 1904 4660; x_wconf 81' lang='lat' dir='ltr'><strong>(idem</strong></span> <span class='ocrx_word' id='word_1_363' title='bbox 1948 4607 1993 4660; x_wconf 88' lang='lat' dir='ltr'><strong>si</strong></span> 
     </span>
    </p>
   </div>
   <div class='ocr_carea' id='block_1_48' title="bbox 405 4695 1996 4771">
    <p class='ocr_par' dir='ltr' id='par_1_48' title="bbox 405 4695 1996 4771">
     <span class='ocr_line' id='line_1_48' title="bbox 405 4695 1996 4771; baseline -0.006 -13"><span class='ocrx_word' id='word_1_364' title='bbox 405 4701 683 4758; x_wconf 88' lang='lat' dir='ltr'><strong>nobiscum</strong></span> <span class='ocrx_word' id='word_1_365' title='bbox 709 4699 862 4771; x_wconf 88' lang='lat' dir='ltr'><strong>sequi</strong></span> <span class='ocrx_word' id='word_1_366' title='bbox 891 4699 1079 4763; x_wconf 88' lang='lat' dir='ltr'><strong>velles,</strong></span> <span class='ocrx_word' id='word_1_367' title='bbox 1112 4698 1432 4753; x_wconf 61' lang='lat' dir='ltr'><strong>Manichacus</strong></span> <span class='ocrx_word' id='word_1_368' title='bbox 1462 4705 1750 4762; x_wconf 86' lang='lat' dir='ltr'><strong>everteres,</strong></span> <span class='ocrx_word' id='word_1_369' title='bbox 1783 4711 1887 4751; x_wconf 91' lang='lat' dir='ltr'><strong>non</strong></span> <span class='ocrx_word' id='word_1_370' title='bbox 1909 4695 1996 4765; x_wconf 84' lang='lat' dir='ltr'><strong>ju-</strong></span> 
     </span>
    </p>
   </div>
   <div class='ocr_carea' id='block_1_49' title="bbox 406 4786 1996 4857">
    <p class='ocr_par' dir='ltr' id='par_1_49' title="bbox 406 4786 1996 4857">
     <span class='ocr_line' id='line_1_49' title="bbox 406 4786 1996 4857; baseline -0.006 -9"><span class='ocrx_word' id='word_1_371' title='bbox 406 4808 561 4849; x_wconf 83' lang='lat' dir='ltr'><strong>vares</strong></span> <span class='ocrx_word' id='word_1_372' title='bbox 592 4810 605 4846; x_wconf 91' lang='lat'>:</span> <span class='ocrx_word' id='word_1_373' title='bbox 638 4807 781 4848; x_wconf 91' lang='lat' dir='ltr'><strong>nunc</strong></span> <span class='ocrx_word' id='word_1_374' title='bbox 809 4805 937 4846; x_wconf 89' lang='lat' dir='ltr'><strong>vero</strong></span> <span class='ocrx_word' id='word_1_375' title='bbox 961 4801 1067 4846; x_wconf 87' lang='lat' dir='ltr'><strong>non</strong></span> <span class='ocrx_word' id='word_1_376' title='bbox 1097 4805 1193 4844; x_wconf 91' lang='lat' dir='ltr'><strong>eos</strong></span> <span class='ocrx_word' id='word_1_377' title='bbox 1221 4789 1518 4855; x_wconf 86' lang='lat' dir='ltr'><strong>destruere,</strong></span> <span class='ocrx_word' id='word_1_378' title='bbox 1547 4787 1640 4842; x_wconf 90' lang='lat' dir='ltr'><strong>sed</strong></span> <span class='ocrx_word' id='word_1_379' title='bbox 1670 4787 1839 4857; x_wconf 81' lang='lat' dir='ltr'><strong>magis</strong></span> <span class='ocrx_word' id='word_1_380' title='bbox 1875 4786 1996 4840; x_wconf 85' lang='lat' dir='ltr'><strong>a-di-</strong></span> 
     </span>
    </p>
   </div>
   <div class='ocr_carea' id='block_1_50' title="bbox 406 4876 1996 4952">
    <p class='ocr_par' dir='ltr' id='par_1_50' title="bbox 406 4876 1996 4952">
     <span class='ocr_line' id='line_1_50' title="bbox 406 4876 1996 4952; baseline -0.004 -13"><span class='ocrx_word' id='word_1_381' title='bbox 406 4881 570 4940; x_wconf 62' lang='grc' dir='ltr'><strong>ἤθει-θ</strong></span> <span class='ocrx_word' id='word_1_382' title='bbox 597 4883 807 4940; x_wconf 86' lang='lat' dir='ltr'><strong>conaris</strong></span> <span class='ocrx_word' id='word_1_383' title='bbox 839 4898 854 4937; x_wconf 90' lang='lat'><strong>:</strong></span> <span class='ocrx_word' id='word_1_384' title='bbox 887 4880 1132 4952; x_wconf 83' lang='lat' dir='ltr'><strong>negando</strong></span> <span class='ocrx_word' id='word_1_385' title='bbox 1160 4879 1304 4936; x_wconf 90' lang='lat' dir='ltr'><strong>enim</strong></span> <span class='ocrx_word' id='word_1_386' title='bbox 1335 4879 1470 4934; x_wconf 91' lang='lat' dir='ltr'><strong>mala</strong></span> <span class='ocrx_word' id='word_1_387' title='bbox 1489 4917 1506 4945; x_wconf 92' lang='lat'><strong>,</strong></span> <span class='ocrx_word' id='word_1_388' title='bbox 1547 4893 1664 4948; x_wconf 80' lang='lat' dir='ltr'><strong>quae</strong></span> <span class='ocrx_word' id='word_1_389' title='bbox 1692 4876 1760 4933; x_wconf 92' lang='lat' dir='ltr'><strong>de</strong></span> <span class='ocrx_word' id='word_1_390' title='bbox 1790 4876 1996 4947; x_wconf 72' lang='lat' dir='ltr'><strong>origine</strong></span> 
     </span>
    </p>
   </div>
   <div class='ocr_carea' id='block_1_51' title="bbox 409 4967 1996 5039">
    <p class='ocr_par' dir='ltr' id='par_1_51' title="bbox 409 4967 1996 5039">
     <span class='ocr_line' id='line_1_51' title="bbox 409 4967 1996 5039; baseline -0.004 -11"><span class='ocrx_word' id='word_1_391' title='bbox 409 4974 590 5034; x_wconf 66' lang='lat' dir='ltr'><strong>vitiata</strong></span> <span class='ocrx_word' id='word_1_392' title='bbox 627 4975 874 5032; x_wconf 82' lang='lat' dir='ltr'><strong>homines</strong></span> <span class='ocrx_word' id='word_1_393' title='bbox 923 4980 1204 5028; x_wconf 83' lang='lat' dir='ltr'><strong>nascentes</strong></span> <span class='ocrx_word' id='word_1_394' title='bbox 1249 4969 1485 5036; x_wconf 89' lang='lat' dir='ltr'><strong>trahunt,</strong></span> <span class='ocrx_word' id='word_1_395' title='bbox 1523 4985 1630 5025; x_wconf 88' lang='lat' dir='ltr'><strong>non</strong></span> <span class='ocrx_word' id='word_1_396' title='bbox 1668 4967 1720 5022; x_wconf 92' lang='lat' dir='ltr'><strong>id</strong></span> <span class='ocrx_word' id='word_1_397' title='bbox 1760 4967 1895 5039; x_wconf 76' lang='lat' dir='ltr'><strong>agis,</strong></span> <span class='ocrx_word' id='word_1_398' title='bbox 1939 4977 1996 5022; x_wconf 89' lang='lat' dir='ltr'><strong>ut</strong></span> 
     </span>
    </p>
   </div>
   <div class='ocr_carea' id='block_1_52' title="bbox 395 5057 1993 5130">
    <p class='ocr_par' dir='ltr' id='par_1_52' title="bbox 395 5057 1993 5130">
     <span class='ocr_line' id='line_1_52' title="bbox 395 5057 1993 5130; baseline -0.01 -2"><span class='ocrx_word' id='word_1_399' title='bbox 395 5073 552 5129; x_wconf 76' lang='lat' dir='ltr'><strong>&#39;nulla</strong></span> <span class='ocrx_word' id='word_1_400' title='bbox 579 5083 698 5126; x_wconf 87' lang='lat' dir='ltr'><strong>esse</strong></span> <span class='ocrx_word' id='word_1_401' title='bbox 727 5065 1008 5123; x_wconf 87' lang='lat' dir='ltr'><strong>credamus</strong></span> <span class='ocrx_word' id='word_1_402' title='bbox 1034 5063 1175 5118; x_wconf 84' lang='lat' dir='ltr'><strong>mala</strong></span> <span class='ocrx_word' id='word_1_403' title='bbox 1202 5059 1742 5130; x_wconf 89' lang='lat' dir='ltr'><strong>naturalia,qnoniam</strong></span> <span class='ocrx_word' id='word_1_404' title='bbox 1773 5057 1993 5113; x_wconf 90' lang='lat' dir='ltr'><strong>nimium</strong></span> 
     </span>
    </p>
   </div>
   <div class='ocr_carea' id='block_1_53' title="bbox 396 5147 1992 5224">
    <p class='ocr_par' dir='ltr' id='par_1_53' title="bbox 396 5147 1992 5224">
     <span class='ocr_line' id='line_1_53' title="bbox 396 5147 1992 5224; baseline -0.01 -6"><span class='ocrx_word' id='word_1_405' title='bbox 396 5160 686 5218; x_wconf 75' lang='lat' dir='ltr'><strong>manifesta</strong></span> <span class='ocrx_word' id='word_1_406' title='bbox 705 5165 858 5221; x_wconf 87' lang='lat' dir='ltr'><strong>sunt;</strong></span> <span class='ocrx_word' id='word_1_407' title='bbox 883 5154 977 5211; x_wconf 89' lang='lat' dir='ltr'><strong>sed</strong></span> <span class='ocrx_word' id='word_1_408' title='bbox 1007 5153 1181 5224; x_wconf 88' lang='lat' dir='ltr'><strong>potius</strong></span> <span class='ocrx_word' id='word_1_409' title='bbox 1203 5151 1338 5224; x_wconf 83' lang='lat' dir='ltr'><strong>agis,</strong></span> <span class='ocrx_word' id='word_1_410' title='bbox 1365 5159 1421 5206; x_wconf 91' lang='lat' dir='ltr'><strong>ut</strong></span> <span class='ocrx_word' id='word_1_411' title='bbox 1444 5149 1512 5206; x_wconf 91' lang='lat' dir='ltr'><strong>de</strong></span> <span class='ocrx_word' id='word_1_412' title='bbox 1528 5149 1705 5212; x_wconf 79' lang='lat' dir='ltr'><strong>aliena</strong></span> <span class='ocrx_word' id='word_1_413' title='bbox 1727 5147 1866 5204; x_wconf 88' lang='lat' dir='ltr'><strong>mala</strong></span> <span class='ocrx_word' id='word_1_414' title='bbox 1897 5163 1992 5203; x_wconf 87' lang='lat' dir='ltr'><strong>na-</strong></span> 
     </span>
    </p>
   </div>
   <div class='ocr_carea' id='block_1_54' title="bbox 395 5241 1993 5322">
    <p class='ocr_par' dir='ltr' id='par_1_54' title="bbox 395 5241 1993 5322">
     <span class='ocr_line' id='line_1_54' title="bbox 395 5241 1993 5322; baseline -0.008 -14"><span class='ocrx_word' id='word_1_415' title='bbox 395 5251 524 5310; x_wconf 71' lang='lat' dir='ltr'><strong>tura</strong></span> <span class='ocrx_word' id='word_1_416' title='bbox 548 5259 798 5322; x_wconf 90' lang='lat' dir='ltr'><strong>putentur</strong></span> <span class='ocrx_word' id='word_1_417' title='bbox 816 5261 936 5304; x_wconf 85' lang='lat' dir='ltr'><strong>esse</strong></span> <span class='ocrx_word' id='word_1_418' title='bbox 961 5247 1081 5313; x_wconf 56' lang='lat' dir='ltr'><strong>ista,</strong></span> <span class='ocrx_word' id='word_1_419' title='bbox 1106 5259 1266 5316; x_wconf 88' lang='lat' dir='ltr'><strong>quam</strong></span> <span class='ocrx_word' id='word_1_420' title='bbox 1295 5242 1484 5299; x_wconf 53' lang='lat' dir='ltr'><strong>nobis!</strong></span> <span class='ocrx_word' id='word_1_421' title='bbox 1511 5255 1632 5298; x_wconf 86' lang='lat' dir='ltr'><strong>esse</strong></span> <span class='ocrx_word' id='word_1_422' title='bbox 1651 5241 1993 5304; x_wconf 81' lang='lat' dir='ltr'><strong>commixtam</strong></span> 
     </span>
    </p>
   </div>
   <div class='ocr_carea' id='block_1_55' title="bbox 407 5329 1992 5402">
    <p class='ocr_par' dir='ltr' id='par_1_55' title="bbox 407 5329 1992 5402">
     <span class='ocr_line' id='line_1_55' title="bbox 407 5329 1992 5402; baseline -0.008 -1"><span class='ocrx_word' id='word_1_423' title='bbox 407 5342 820 5402; x_wconf 68' lang='lat' dir='ltr'><strong>Manicbzeorum</strong></span> <span class='ocrx_word' id='word_1_424' title='bbox 845 5337 1050 5394; x_wconf 87' lang='lat' dir='ltr'><strong>insania</strong></span> <span class='ocrx_word' id='word_1_425' title='bbox 1076 5329 1369 5402; x_wconf 81' lang='lat' dir='ltr'><strong>fabulatur;</strong></span> <span class='ocrx_word' id='word_1_426' title='bbox 1413 5333 1610 5391; x_wconf 88' lang='lat' dir='ltr'><strong>nonde</strong></span> <span class='ocrx_word' id='word_1_427' title='bbox 1638 5341 1820 5390; x_wconf 85' lang='lat' dir='ltr'><strong>nostra</strong></span> <span class='ocrx_word' id='word_1_428' title='bbox 1853 5332 1992 5389; x_wconf 84' lang='lat' dir='ltr'><strong>bona</strong></span> 
     </span>
    </p>
   </div>
   <div class='ocr_carea' id='block_1_56' title="bbox 406 5468 1994 5545">
    <p class='ocr_par' dir='ltr' id='par_1_56' title="bbox 406 5468 1994 5545">
     <span class='ocr_line' id='line_1_56' title="bbox 406 5468 1994 5545; baseline -0.008 -11"><span class='ocrx_word' id='word_1_429' title='bbox 406 5477 516 5542; x_wconf 74' lang='lat' dir='ltr'><strong>quis</strong></span> <span class='ocrx_word' id='word_1_430' title='bbox 533 5473 1038 5545; x_wconf 66' lang='grc' dir='ltr'><strong>Δ(ιιιοιξιιιιι</strong></span> <span class='ocrx_word' id='word_1_431' title='bbox 1055 5471 1201 5522; x_wconf 68' lang='lat' dir='ltr'><strong>etiam</strong></span> <span class='ocrx_word' id='word_1_432' title='bbox 1221 5469 1436 5527; x_wconf 58' lang='lat' dir='ltr'><strong>mdia</strong></span> <span class='ocrx_word' id='word_1_433' title='bbox 1455 5468 1552 5527; x_wconf 73' lang='lat' dir='ltr'><strong>duo</strong></span> <span class='ocrx_word' id='word_1_434' title='bbox 1575 5481 1758 5524; x_wconf 76' lang='lat' dir='ltr'><strong>versus</strong></span> <span class='ocrx_word' id='word_1_435' title='bbox 1772 5469 1994 5534; x_wconf 67' lang='lat' dir='ltr'><strong>proxime</strong></span> 
     </span>
    </p>
   </div>
   <div class='ocr_carea' id='block_1_57' title="bbox 406 5537 1272 5650">
    <p class='ocr_par' dir='ltr' id='par_1_57' title="bbox 406 5537 1272 5650">
     <span class='ocr_line' id='line_1_57' title="bbox 406 5537 1036 5600; baseline -0.014 -12"><span class='ocrx_word' id='word_1_436' title='bbox 406 5537 679 5600; x_wconf 63' lang='lat' dir='ltr'><strong>acquentes</strong></span> <span class='ocrx_word' id='word_1_437' title='bbox 698 5537 1036 5584; x_wconf 88' lang='lat' dir='ltr'><strong>restituuntur.</strong></span> 
     </span>
     <span class='ocr_line' id='line_1_58' title="bbox 472 5589 1272 5650; baseline -0.01 -2"><span class='ocrx_word' id='word_1_438' title='bbox 472 5601 489 5633; x_wconf 76' lang='grc'>⁸</span> <span class='ocrx_word' id='word_1_439' title='bbox 526 5605 589 5648; x_wconf 69' lang='grc' dir='ltr'><strong>ιιι</strong></span> <span class='ocrx_word' id='word_1_440' title='bbox 613 5597 709 5646; x_wconf 80' lang='lat' dir='ltr'><strong>ﬁde</strong></span> <span class='ocrx_word' id='word_1_441' title='bbox 729 5601 838 5644; x_wconf 72' lang='lat' dir='ltr'><strong>Mss.</strong></span> <span class='ocrx_word' id='word_1_442' title='bbox 861 5593 1068 5650; x_wconf 87' lang='lat' dir='ltr'><strong>additur,</strong></span> <span class='ocrx_word' id='word_1_443' title='bbox 1091 5589 1272 5642; x_wconf 71' lang='lat' dir='ltr'><strong>uitiata.</strong></span> 
     </span>
    </p>
   </div>
   <div class='ocr_carea' id='block_1_58' title="bbox 470 5651 1993 5718">
    <p class='ocr_par' dir='ltr' id='par_1_58' title="bbox 470 5651 1993 5718">
     <span class='ocr_line' id='line_1_59' title="bbox 470 5651 1993 5718; baseline -0.003 -9"><span class='ocrx_word' id='word_1_444' title='bbox 470 5661 491 5691; x_wconf 79' lang='grc'>²</span> <span class='ocrx_word' id='word_1_445' title='bbox 525 5665 574 5709; x_wconf 81' lang='grc' dir='ltr'><strong>ιιι</strong></span> <span class='ocrx_word' id='word_1_446' title='bbox 599 5658 743 5708; x_wconf 84' lang='lat' dir='ltr'><strong>editis</strong></span> <span class='ocrx_word' id='word_1_447' title='bbox 763 5655 855 5704; x_wconf 90' lang='lat' dir='ltr'><strong>hoc</strong></span> <span class='ocrx_word' id='word_1_448' title='bbox 887 5656 1005 5718; x_wconf 83' lang='lat' dir='ltr'><strong>item</strong></span> <span class='ocrx_word' id='word_1_449' title='bbox 1043 5651 1148 5704; x_wconf 82' lang='lat' dir='ltr'><strong>loco</strong></span> <span class='ocrx_word' id='word_1_450' title='bbox 1181 5651 1570 5711; x_wconf 86' lang='lat' dir='ltr'><strong>desiderabatur,</strong></span> <span class='ocrx_word' id='word_1_451' title='bbox 1605 5663 1699 5703; x_wconf 83' lang='lat' dir='ltr'><strong>non</strong></span> <span class='ocrx_word' id='word_1_452' title='bbox 1719 5659 1846 5704; x_wconf 69' lang='lat' dir='ltr'><strong>sinit.</strong></span> <span class='ocrx_word' id='word_1_453' title='bbox 1877 5661 1993 5718; x_wconf 87' lang='lat' dir='ltr'><strong>Sup-</strong></span> 
     </span>
    </p>
   </div>
   <div class='ocr_carea' id='block_1_59' title="bbox 407 5716 1032 5784">
    <p class='ocr_par' dir='ltr' id='par_1_59' title="bbox 407 5716 1032 5784">
     <span class='ocr_line' id='line_1_60' title="bbox 407 5716 1032 5784; baseline -0.011 -15"><span class='ocrx_word' id='word_1_454' title='bbox 407 5719 656 5784; x_wconf 29' lang='lat' dir='ltr'><strong>pletnrkex</strong></span> <span class='ocrx_word' id='word_1_455' title='bbox 681 5716 1032 5784; x_wconf 67' lang='lat' dir='ltr'><strong>atauuscriptis.</strong></span> 
     </span>
    </p>
   </div>
   <div class='ocr_carea' id='block_1_60' title="bbox 471 5773 1985 5845">
    <p class='ocr_par' dir='ltr' id='par_1_60' title="bbox 471 5773 1985 5845">
     <span class='ocr_line' id='line_1_61' title="bbox 471 5773 1985 5845; baseline -0.002 -15"><span class='ocrx_word' id='word_1_456' title='bbox 471 5783 492 5815; x_wconf 77' lang='grc'><strong>⁸</strong></span> <span class='ocrx_word' id='word_1_457' title='bbox 524 5774 658 5845; x_wconf 68' lang='lat' dir='ltr'><strong>aliti.</strong></span> <span class='ocrx_word' id='word_1_458' title='bbox 696 5776 825 5829; x_wconf 79' lang='lat' dir='ltr'><strong>mata</strong></span> <span class='ocrx_word' id='word_1_459' title='bbox 865 5773 1110 5845; x_wconf 63' lang='lat' dir='ltr'><strong>inritantia</strong></span> <span class='ocrx_word' id='word_1_460' title='bbox 1129 5781 1374 5845; x_wconf 66' lang='lat' dir='ltr'><strong>putentur</strong></span> <span class='ocrx_word' id='word_1_461' title='bbox 1407 5787 1509 5827; x_wconf 74' lang='lat' dir='ltr'><strong>esse</strong></span> <span class='ocrx_word' id='word_1_462' title='bbox 1547 5775 1657 5839; x_wconf 82' lang='lat' dir='ltr'><strong>ista,</strong></span> <span class='ocrx_word' id='word_1_463' title='bbox 1681 5789 1790 5840; x_wconf 79' lang='lat' dir='ltr'><strong>qme</strong></span> <span class='ocrx_word' id='word_1_464' title='bbox 1834 5777 1985 5830; x_wconf 73' lang='lat' dir='ltr'><strong>nobis.</strong></span> 
     </span>
    </p>
   </div>
   <div class='ocr_carea' id='block_1_61' title="bbox 407 5839 1184 5908">
    <p class='ocr_par' dir='ltr' id='par_1_61' title="bbox 407 5839 1184 5908">
     <span class='ocr_line' id='line_1_62' title="bbox 407 5839 1184 5908; baseline -0.009 -13"><span class='ocrx_word' id='word_1_465' title='bbox 407 5844 721 5908; x_wconf 64' lang='lat' dir='ltr'><strong>mentiantur</strong></span> <span class='ocrx_word' id='word_1_466' title='bbox 745 5853 810 5892; x_wconf 78' lang='lat' dir='ltr'><strong>ex</strong></span> 
     </span>
    </p>
   </div>
   <div class='ocr_carea' id='block_1_62' title="bbox 1826 364 2356 432">
    <p class='ocr_par' dir='ltr' id='par_1_62' title="bbox 1826 364 2356 432">
     <span class='ocr_line' id='line_1_63' title="bbox 1826 364 2356 432; baseline -0.002 0"><span class='ocrx_word' id='word_1_467' title='bbox 1826 371 2027 432; x_wconf 75' lang='lat' dir='ltr'><strong>LIBER</strong></span> <span class='ocrx_word' id='word_1_468' title='bbox 2063 364 2356 431; x_wconf 70' lang='lat' dir='ltr'><strong>SEXTUS.</strong></span> 
     </span>
    </p>
   </div>
   <div class='ocr_carea' id='block_1_63' title="bbox 3529 376 3669 435">
    <p class='ocr_par' dir='ltr' id='par_1_63' title="bbox 3529 376 3669 435">
     <span class='ocr_line' id='line_1_64' title="bbox 3529 376 3669 435; baseline 0.007 -1"><span class='ocrx_word' id='word_1_469' title='bbox 3529 376 3669 435; x_wconf 69' lang='lat' dir='ltr'><strong>i530</strong></span> 
     </span>
    </p>
   </div>
   <div class='ocr_carea' id='block_1_64' title="bbox 2077 486 3674 560">
    <p class='ocr_par' dir='ltr' id='par_1_64' title="bbox 2077 486 3674 560">
     <span class='ocr_line' id='line_1_65' title="bbox 2077 486 3674 560; baseline 0.005 -18"><span class='ocrx_word' id='word_1_470' title='bbox 2077 486 2235 558; x_wconf 83' lang='lat' dir='ltr'><strong>primi</strong></span> <span class='ocrx_word' id='word_1_471' title='bbox 2281 486 2516 544; x_wconf 84' lang='lat' dir='ltr'><strong>hominis</strong></span> <span class='ocrx_word' id='word_1_472' title='bbox 2557 487 3010 560; x_wconf 68' lang='lat' dir='ltr'><strong>praevaricatione</strong></span> <span class='ocrx_word' id='word_1_473' title='bbox 3039 489 3218 548; x_wconf 81' lang='lat' dir='ltr'><strong>vitiata</strong></span> <span class='ocrx_word' id='word_1_474' title='bbox 3262 505 3480 548; x_wconf 82' lang='lat' dir='ltr'><strong>manare</strong></span> <span class='ocrx_word' id='word_1_475' title='bbox 3517 507 3674 550; x_wconf 73' lang='lat' dir='ltr'><strong>nion-</strong></span> 
     </span>
    </p>
   </div>
   <div class='ocr_carea' id='block_1_65' title="bbox 2075 579 3669 656">
    <p class='ocr_par' dir='ltr' id='par_1_65' title="bbox 2075 579 3669 656">
     <span class='ocr_line' id='line_1_66' title="bbox 2075 579 3669 656; baseline 0.003 -20"><span class='ocrx_word' id='word_1_476' title='bbox 2075 589 2335 650; x_wconf 84' lang='lat' dir='ltr'><strong>strentur,</strong></span> <span class='ocrx_word' id='word_1_477' title='bbox 2379 581 2524 654; x_wconf 90' lang='lat' dir='ltr'><strong>quod</strong></span> <span class='ocrx_word' id='word_1_478' title='bbox 2563 579 2961 640; x_wconf 87' lang='lat' dir='ltr'><strong>Catholicorum</strong></span> <span class='ocrx_word' id='word_1_479' title='bbox 3007 585 3216 641; x_wconf 85' lang='lat' dir='ltr'><strong>sanitas</strong></span> <span class='ocrx_word' id='word_1_480' title='bbox 3255 583 3510 656; x_wconf 83' lang='lat' dir='ltr'><strong>loquitur.</strong></span> <span class='ocrx_word' id='word_1_481' title='bbox 3559 583 3669 641; x_wconf 87' lang='lat' dir='ltr'><strong>Sed</strong></span> 
     </span>
    </p>
   </div>
   <div class='ocr_carea' id='block_1_66' title="bbox 2077 658 3669 745">
    <p class='ocr_par' dir='ltr' id='par_1_66' title="bbox 2077 658 3669 745">
     <span class='ocr_line' id='line_1_67' title="bbox 2077 658 3669 745; baseline 0.004 -19"><span class='ocrx_word' id='word_1_482' title='bbox 2077 669 2426 738; x_wconf 61' lang='lat' dir='ltr'><strong>Manicheus,</strong></span> <span class='ocrx_word' id='word_1_483' title='bbox 2476 672 2672 744; x_wconf 90' lang='lat' dir='ltr'><strong>inquis,</strong></span> <span class='ocrx_word' id='word_1_484' title='bbox 2711 674 2872 730; x_wconf 89' lang='lat' dir='ltr'><strong>etiam</strong></span> <span class='ocrx_word' id='word_1_485' title='bbox 2907 673 3078 745; x_wconf 87' lang='lat' dir='ltr'><strong>ipsam</strong></span> <span class='ocrx_word' id='word_1_486' title='bbox 3110 658 3270 745; x_wconf 82' lang='lat' dir='ltr'><strong>primi</strong></span> <span class='ocrx_word' id='word_1_487' title='bbox 3297 675 3529 732; x_wconf 89' lang='lat' dir='ltr'><strong>hominis</strong></span> <span class='ocrx_word' id='word_1_488' title='bbox 3552 690 3669 732; x_wconf 83' lang='lat' dir='ltr'><strong>car-</strong></span> 
     </span>
    </p>
   </div>
   <div class='ocr_carea' id='block_1_67' title="bbox 2079 763 3671 836">
    <p class='ocr_par' dir='ltr' id='par_1_67' title="bbox 2079 763 3671 836">
     <span class='ocr_line' id='line_1_68' title="bbox 2079 763 3671 836; baseline -0.001 -15"><span class='ocrx_word' id='word_1_489' title='bbox 2079 778 2226 830; x_wconf 87' lang='lat' dir='ltr'><strong>nem,</strong></span> <span class='ocrx_word' id='word_1_490' title='bbox 2246 763 2419 834; x_wconf 89' lang='lat' dir='ltr'><strong>qualis</strong></span> <span class='ocrx_word' id='word_1_491' title='bbox 2444 774 2730 834; x_wconf 86' lang='lat' dir='ltr'><strong>antequam</strong></span> <span class='ocrx_word' id='word_1_492' title='bbox 2756 775 3004 836; x_wconf 83' lang='lat' dir='ltr'><strong>pecearet</strong></span> <span class='ocrx_word' id='word_1_493' title='bbox 3029 763 3148 829; x_wconf 77' lang='lat' dir='ltr'><strong>fuit,</strong></span> <span class='ocrx_word' id='word_1_494' title='bbox 3176 765 3254 820; x_wconf 86' lang='lat' dir='ltr'><strong>sic</strong></span> <span class='ocrx_word' id='word_1_495' title='bbox 3272 763 3589 830; x_wconf 83' lang='lat' dir='ltr'><strong>detestatur.</strong></span> <span class='ocrx_word' id='word_1_496' title='bbox 3613 774 3671 820; x_wconf 88' lang='lat' dir='ltr'><strong>ut</strong></span> 
     </span>
    </p>
   </div>
   <div class='ocr_carea' id='block_1_68' title="bbox 2081 855 3672 928">
    <p class='ocr_par' dir='ltr' id='par_1_68' title="bbox 2081 855 3672 928">
     <span class='ocr_line' id='line_1_69' title="bbox 2081 855 3672 928; baseline 0.002 -19"><span class='ocrx_word' id='word_1_497' title='bbox 2081 855 2275 910; x_wconf 88' lang='lat' dir='ltr'><strong>malam</strong></span> <span class='ocrx_word' id='word_1_498' title='bbox 2317 855 2518 911; x_wconf 81' lang='lat' dir='ltr'><strong>nitatur</strong></span> <span class='ocrx_word' id='word_1_499' title='bbox 2544 855 2850 912; x_wconf 86' lang='lat' dir='ltr'><strong>ostendere.</strong></span> <span class='ocrx_word' id='word_1_500' title='bbox 2893 855 2970 912; x_wconf 88' lang='lat' dir='ltr'><strong>lta</strong></span> <span class='ocrx_word' id='word_1_501' title='bbox 3007 855 3225 928; x_wconf 89' lang='lat' dir='ltr'><strong>quidem</strong></span> <span class='ocrx_word' id='word_1_502' title='bbox 3260 871 3292 910; x_wconf 91' lang='lat' dir='ltr'><strong>a</strong></span> <span class='ocrx_word' id='word_1_503' title='bbox 3321 865 3375 913; x_wconf 89' lang='lat' dir='ltr'><strong>te</strong></span> <span class='ocrx_word' id='word_1_504' title='bbox 3403 856 3672 912; x_wconf 89' lang='lat' dir='ltr'><strong>inducitur</strong></span> 
     </span>
    </p>
   </div>
   <div class='ocr_carea' id='block_1_69' title="bbox 2080 946 3674 1019">
    <p class='ocr_par' dir='ltr' id='par_1_69' title="bbox 2080 946 3674 1019">
     <span class='ocr_line' id='line_1_70' title="bbox 2080 946 3674 1019; baseline 0.003 -18"><span class='ocrx_word' id='word_1_505' title='bbox 2080 946 2323 1017; x_wconf 89' lang='lat' dir='ltr'><strong>loquens,</strong></span> <span class='ocrx_word' id='word_1_506' title='bbox 2354 955 2417 1003; x_wconf 88' lang='lat' dir='ltr'><strong>ut</strong></span> <span class='ocrx_word' id='word_1_507' title='bbox 2445 946 2651 1018; x_wconf 72' lang='lat' dir='ltr'><strong>ingerat</strong></span> <span class='ocrx_word' id='word_1_508' title='bbox 2687 947 3047 1018; x_wconf 76' lang='lat' dir='ltr'><strong>reSpondcndi</strong></span> <span class='ocrx_word' id='word_1_509' title='bbox 3081 948 3472 1019; x_wconf 88' lang='lat' dir='ltr'><strong>qualecumque</strong></span> <span class='ocrx_word' id='word_1_510' title='bbox 3505 963 3674 1018; x_wconf 78' lang='lat' dir='ltr'><strong>nego-</strong></span> 
     </span>
    </p>
   </div>
   <div class='ocr_carea' id='block_1_70' title="bbox 2082 1036 3678 1105">
    <p class='ocr_par' dir='ltr' id='par_1_70' title="bbox 2082 1036 3678 1105">
     <span class='ocr_line' id='line_1_71' title="bbox 2082 1036 3678 1105; baseline 0 -13"><span class='ocrx_word' id='word_1_511' title='bbox 2082 1036 2246 1103; x_wconf 90' lang='lat' dir='ltr'><strong>tium,</strong></span> <span class='ocrx_word' id='word_1_512' title='bbox 2291 1052 2396 1093; x_wconf 90' lang='lat' dir='ltr'><strong>non</strong></span> <span class='ocrx_word' id='word_1_513' title='bbox 2442 1037 2616 1094; x_wconf 89' lang='lat' dir='ltr'><strong>solum</strong></span> <span class='ocrx_word' id='word_1_514' title='bbox 2644 1039 2809 1105; x_wconf 83' lang='lat' dir='ltr'><strong>mihi,</strong></span> <span class='ocrx_word' id='word_1_515' title='bbox 2848 1055 3033 1096; x_wconf 86' lang='lat' dir='ltr'><strong>verum</strong></span> <span class='ocrx_word' id='word_1_516' title='bbox 3068 1041 3230 1095; x_wconf 87' lang='lat' dir='ltr'><strong>etiam</strong></span> <span class='ocrx_word' id='word_1_517' title='bbox 3259 1038 3374 1096; x_wconf 85' lang='lat' dir='ltr'><strong>tibi.</strong></span> <span class='ocrx_word' id='word_1_518' title='bbox 3420 1039 3554 1094; x_wconf 88' lang='lat' dir='ltr'><strong>Nam</strong></span> <span class='ocrx_word' id='word_1_519' title='bbox 3581 1036 3678 1094; x_wconf 91' lang='lat' dir='ltr'><strong>ubi</strong></span> 
     </span>
    </p>
   </div>
   <div class='ocr_carea' id='block_1_71' title="bbox 2081 1128 3678 1196">
    <p class='ocr_par' dir='ltr' id='par_1_71' title="bbox 2081 1128 3678 1196">
     <span class='ocr_line' id='line_1_72' title="bbox 2081 1128 3678 1196; baseline -0.001 -11"><span class='ocrx_word' id='word_1_520' title='bbox 2081 1129 2211 1185; x_wconf 91' lang='lat' dir='ltr'><strong>dicit</strong></span> <span class='ocrx_word' id='word_1_521' title='bbox 2235 1143 2268 1184; x_wconf 90' lang='lat' dir='ltr'><strong>a</strong></span> <span class='ocrx_word' id='word_1_522' title='bbox 2303 1128 2446 1185; x_wconf 86' lang='lat' dir='ltr'><strong>malo</strong></span> <span class='ocrx_word' id='word_1_523' title='bbox 2479 1145 2599 1186; x_wconf 90' lang='lat' dir='ltr'><strong>eam</strong></span> <span class='ocrx_word' id='word_1_524' title='bbox 2638 1129 2916 1186; x_wconf 89' lang='lat' dir='ltr'><strong>conditore</strong></span> <span class='ocrx_word' id='word_1_525' title='bbox 2957 1129 3152 1186; x_wconf 77' lang='lat' dir='ltr'><strong>iactam</strong></span> <span class='ocrx_word' id='word_1_526' title='bbox 3195 1130 3392 1196; x_wconf 77' lang='lat' dir='ltr'><strong>esse‘;</strong></span> <span class='ocrx_word' id='word_1_527' title='bbox 3425 1128 3590 1185; x_wconf 86' lang='lat' dir='ltr'><strong>simul</strong></span> <span class='ocrx_word' id='word_1_528' title='bbox 3621 1130 3678 1188; x_wconf 92' lang='lat' dir='ltr'><strong>ci</strong></span> 
     </span>
    </p>
   </div>
   <div class='ocr_carea' id='block_1_72' title="bbox 2081 1220 3674 1293">
    <p class='ocr_par' dir='ltr' id='par_1_72' title="bbox 2081 1220 3674 1293">
     <span class='ocr_line' id='line_1_73' title="bbox 2081 1220 3674 1293; baseline -0.003 -15"><span class='ocrx_word' id='word_1_529' title='bbox 2081 1220 2492 1292; x_wconf 81' lang='lat' dir='ltr'><strong>respondemus,</strong></span> <span class='ocrx_word' id='word_1_530' title='bbox 2521 1229 2628 1276; x_wconf 90' lang='lat' dir='ltr'><strong>tam</strong></span> <span class='ocrx_word' id='word_1_531' title='bbox 2657 1221 2849 1277; x_wconf 91' lang='lat' dir='ltr'><strong>bonam</strong></span> <span class='ocrx_word' id='word_1_532' title='bbox 2872 1231 3194 1287; x_wconf 87' lang='lat' dir='ltr'><strong>creaturam,</strong></span> <span class='ocrx_word' id='word_1_533' title='bbox 3223 1237 3344 1292; x_wconf 67' lang='lat' dir='ltr'><strong>qua:</strong></span> <span class='ocrx_word' id='word_1_534' title='bbox 3367 1229 3546 1293; x_wconf 85' lang='lat' dir='ltr'><strong>posset</strong></span> <span class='ocrx_word' id='word_1_535' title='bbox 3566 1235 3674 1276; x_wconf 80' lang='lat' dir='ltr'><strong>non</strong></span> 
     </span>
    </p>
   </div>
   <div class='ocr_carea' id='block_1_73' title="bbox 2084 1313 3674 1386">
    <p class='ocr_par' dir='ltr' id='par_1_73' title="bbox 2084 1313 3674 1386">
     <span class='ocr_line' id='line_1_74' title="bbox 2084 1313 3674 1386; baseline -0.001 -17"><span class='ocrx_word' id='word_1_536' title='bbox 2084 1328 2338 1384; x_wconf 89' lang='lat' dir='ltr'><strong>peccare,</strong></span> <span class='ocrx_word' id='word_1_537' title='bbox 2381 1313 2428 1370; x_wconf 91' lang='lat' dir='ltr'><strong>si</strong></span> <span class='ocrx_word' id='word_1_538' title='bbox 2473 1313 2676 1382; x_wconf 90' lang='lat' dir='ltr'><strong>nollet,</strong></span> <span class='ocrx_word' id='word_1_539' title='bbox 2719 1315 2966 1386; x_wconf 89' lang='lat' dir='ltr'><strong>quamvis</strong></span> <span class='ocrx_word' id='word_1_540' title='bbox 2990 1330 3096 1369; x_wconf 91' lang='lat' dir='ltr'><strong>non</strong></span> <span class='ocrx_word' id='word_1_541' title='bbox 3123 1324 3366 1386; x_wconf 75' lang='lat' dir='ltr'><strong>mquetur</strong></span> <span class='ocrx_word' id='word_1_542' title='bbox 3388 1328 3492 1370; x_wconf 89' lang='lat' dir='ltr'><strong>suo</strong></span> <span class='ocrx_word' id='word_1_543' title='bbox 3510 1313 3674 1370; x_wconf 54' lang='lat' dir='ltr'><strong>Cres.</strong></span> 
     </span>
    </p>
   </div>
   <div class='ocr_carea' id='block_1_74' title="bbox 2084 1402 3678 1476">
    <p class='ocr_par' dir='ltr' id='par_1_74' title="bbox 2084 1402 3678 1476">
     <span class='ocr_line' id='line_1_75' title="bbox 2084 1402 3678 1476; baseline -0.001 -16"><span class='ocrx_word' id='word_1_544' title='bbox 2084 1404 2211 1472; x_wconf 90' lang='lat' dir='ltr'><strong>tori,</strong></span> <span class='ocrx_word' id='word_1_545' title='bbox 2241 1420 2348 1460; x_wconf 91' lang='lat' dir='ltr'><strong>non</strong></span> <span class='ocrx_word' id='word_1_546' title='bbox 2379 1413 2557 1462; x_wconf 87' lang='lat' dir='ltr'><strong>tamen</strong></span> <span class='ocrx_word' id='word_1_547' title='bbox 2587 1404 2822 1476; x_wconf 89' lang='lat' dir='ltr'><strong>potuisse</strong></span> <span class='ocrx_word' id='word_1_548' title='bbox 2847 1405 2953 1460; x_wconf 87' lang='lat' dir='ltr'><strong>nisi</strong></span> <span class='ocrx_word' id='word_1_549' title='bbox 2982 1405 3180 1462; x_wconf 89' lang='lat' dir='ltr'><strong>bonum</strong></span> <span class='ocrx_word' id='word_1_550' title='bbox 3221 1403 3424 1460; x_wconf 86' lang='lat' dir='ltr'><strong>habere</strong></span> <span class='ocrx_word' id='word_1_551' title='bbox 3458 1402 3678 1460; x_wconf 78' lang='lat' dir='ltr'><strong>Creato-</strong></span> 
     </span>
    </p>
   </div>
   <div class='ocr_carea' id='block_1_75' title="bbox 2085 1495 3675 1569">
    <p class='ocr_par' dir='ltr' id='par_1_75' title="bbox 2085 1495 3675 1569">
     <span class='ocr_line' id='line_1_76' title="bbox 2085 1495 3675 1569; baseline -0.003 -15"><span class='ocrx_word' id='word_1_552' title='bbox 2085 1512 2220 1554; x_wconf 88' lang='lat' dir='ltr'><strong>rem.</strong></span> <span class='ocrx_word' id='word_1_553' title='bbox 2246 1495 2347 1554; x_wconf 88' lang='lat' dir='ltr'><strong>Ubi</strong></span> <span class='ocrx_word' id='word_1_554' title='bbox 2372 1513 2504 1554; x_wconf 90' lang='lat' dir='ltr'><strong>vero</strong></span> <span class='ocrx_word' id='word_1_555' title='bbox 2519 1497 2587 1554; x_wconf 90' lang='lat' dir='ltr'><strong>de</strong></span> <span class='ocrx_word' id='word_1_556' title='bbox 2613 1498 2806 1555; x_wconf 89' lang='lat' dir='ltr'><strong>timore</strong></span> <span class='ocrx_word' id='word_1_557' title='bbox 2829 1499 3047 1564; x_wconf 87' lang='lat' dir='ltr'><strong>mortis,</strong></span> <span class='ocrx_word' id='word_1_558' title='bbox 3072 1512 3232 1569; x_wconf 90' lang='lat' dir='ltr'><strong>quam</strong></span> <span class='ocrx_word' id='word_1_559' title='bbox 3249 1539 3264 1561; x_wconf 86' lang='lat'><strong>,</strong></span> <span class='ocrx_word' id='word_1_560' title='bbox 3301 1496 3350 1553; x_wconf 89' lang='lat' dir='ltr'><strong>si</strong></span> <span class='ocrx_word' id='word_1_561' title='bbox 3380 1505 3675 1567; x_wconf 82' lang='lat' dir='ltr'><strong>peccasset,</strong></span> 
     </span>
    </p>
   </div>
   <div class='ocr_carea' id='block_1_76' title="bbox 2084 1588 3676 1664">
    <p class='ocr_par' dir='ltr' id='par_1_76' title="bbox 2084 1588 3676 1664">
     <span class='ocr_line' id='line_1_77' title="bbox 2084 1588 3676 1664; baseline -0.001 -20"><span class='ocrx_word' id='word_1_562' title='bbox 2084 1589 2134 1664; x_wconf 81' lang='lat' dir='ltr'><strong>ei</strong></span> <span class='ocrx_word' id='word_1_563' title='bbox 2163 1588 2305 1645; x_wconf 85' lang='lat' dir='ltr'><strong>Deus</strong></span> <span class='ocrx_word' id='word_1_564' title='bbox 2333 1597 2415 1644; x_wconf 88' lang='lat' dir='ltr'><strong>est</strong></span> <span class='ocrx_word' id='word_1_565' title='bbox 2441 1589 2817 1658; x_wconf 84' lang='lat' dir='ltr'><strong>comminatus,</strong></span> <span class='ocrx_word' id='word_1_566' title='bbox 2838 1589 2998 1646; x_wconf 86' lang='lat' dir='ltr'><strong>etiam</strong></span> <span class='ocrx_word' id='word_1_567' title='bbox 3033 1588 3339 1660; x_wconf 85' lang='lat' dir='ltr'><strong>priusquam</strong></span> <span class='ocrx_word' id='word_1_568' title='bbox 3369 1595 3637 1658; x_wconf 68' lang='lat' dir='ltr'><strong>pecmsset</strong></span> <span class='ocrx_word' id='word_1_569' title='bbox 3659 1626 3676 1651; x_wconf 88' lang='lat'><strong>,</strong></span> 
     </span>
    </p>
   </div>
   <div class='ocr_carea' id='block_1_77' title="bbox 2087 1677 3676 1752">
    <p class='ocr_par' dir='ltr' id='par_1_77' title="bbox 2087 1677 3676 1752">
     <span class='ocr_line' id='line_1_78' title="bbox 2087 1677 3676 1752; baseline -0.001 -18"><span class='ocrx_word' id='word_1_570' title='bbox 2087 1679 2344 1736; x_wconf 90' lang='lat' dir='ltr'><strong>miserum</strong></span> <span class='ocrx_word' id='word_1_571' title='bbox 2387 1679 2544 1747; x_wconf 88' lang='lat' dir='ltr'><strong>dicit;</strong></span> <span class='ocrx_word' id='word_1_572' title='bbox 2590 1680 2746 1736; x_wconf 91' lang='lat' dir='ltr'><strong>simul</strong></span> <span class='ocrx_word' id='word_1_573' title='bbox 2791 1679 3201 1752; x_wconf 86' lang='lat' dir='ltr'><strong>respondemus,</strong></span> <span class='ocrx_word' id='word_1_574' title='bbox 3249 1677 3393 1750; x_wconf 90' lang='lat' dir='ltr'><strong>quod</strong></span> <span class='ocrx_word' id='word_1_575' title='bbox 3422 1677 3676 1744; x_wconf 83' lang='lat' dir='ltr'><strong>hominis,</strong></span> 
     </span>
    </p>
   </div>
   <div class='ocr_carea' id='block_1_78' title="bbox 2087 1771 3680 1844">
    <p class='ocr_par' dir='ltr' id='par_1_78' title="bbox 2087 1771 3680 1844">
     <span class='ocr_line' id='line_1_79' title="bbox 2087 1771 3680 1844; baseline 0.001 -19"><span class='ocrx_word' id='word_1_576' title='bbox 2087 1771 2176 1842; x_wconf 91' lang='lat' dir='ltr'><strong>qui</strong></span> <span class='ocrx_word' id='word_1_577' title='bbox 2204 1787 2472 1843; x_wconf 90' lang='lat' dir='ltr'><strong>mmqnam</strong></span> <span class='ocrx_word' id='word_1_578' title='bbox 2497 1787 2720 1844; x_wconf 89' lang='lat' dir='ltr'><strong>peccare</strong></span> <span class='ocrx_word' id='word_1_579' title='bbox 2747 1773 3042 1844; x_wconf 88' lang='lat' dir='ltr'><strong>potuisset,</strong></span> <span class='ocrx_word' id='word_1_580' title='bbox 3065 1771 3110 1827; x_wconf 92' lang='lat' dir='ltr'><strong>si</strong></span> <span class='ocrx_word' id='word_1_581' title='bbox 3155 1787 3423 1843; x_wconf 86' lang='lat' dir='ltr'><strong>nunquam</strong></span> <span class='ocrx_word' id='word_1_582' title='bbox 3456 1786 3680 1841; x_wconf 85' lang='lat' dir='ltr'><strong>peccare</strong></span> 
     </span>
    </p>
   </div>
   <div class='ocr_carea' id='block_1_79' title="bbox 2091 1861 3678 1935">
    <p class='ocr_par' dir='ltr' id='par_1_79' title="bbox 2091 1861 3678 1935">
     <span class='ocr_line' id='line_1_80' title="bbox 2091 1861 3678 1935; baseline 0.001 -20"><span class='ocrx_word' id='word_1_583' title='bbox 2091 1861 2366 1928; x_wconf 83' lang='lat' dir='ltr'><strong>voluisset,</strong></span> <span class='ocrx_word' id='word_1_584' title='bbox 2391 1878 2564 1934; x_wconf 64' lang='lat' dir='ltr'><strong>pinna:</strong></span> <span class='ocrx_word' id='word_1_585' title='bbox 2590 1863 2728 1923; x_wconf 84' lang='lat' dir='ltr'><strong>illius</strong></span> <span class='ocrx_word' id='word_1_586' title='bbox 2749 1863 3076 1931; x_wconf 75' lang='lat' dir='ltr'><strong>devitandm,</strong></span> <span class='ocrx_word' id='word_1_587' title='bbox 3091 1878 3210 1935; x_wconf 64' lang='lat' dir='ltr'><strong>quae</strong></span> <span class='ocrx_word' id='word_1_588' title='bbox 3237 1863 3407 1919; x_wconf 75' lang='lat' dir='ltr'><strong>fuerat</strong></span> <span class='ocrx_word' id='word_1_589' title='bbox 3429 1871 3678 1919; x_wconf 86' lang='lat' dir='ltr'><strong>secutura</strong></span> 
     </span>
    </p>
   </div>
   <div class='ocr_carea' id='block_1_80' title="bbox 2081 1955 3677 2027">
    <p class='ocr_par' dir='ltr' id='par_1_80' title="bbox 2081 1955 3677 2027">
     <span class='ocr_line' id='line_1_81' title="bbox 2081 1955 3677 2027; baseline 0.003 -20"><span class='ocrx_word' id='word_1_590' title='bbox 2081 1961 2396 2024; x_wconf 73' lang='lat' dir='ltr'><strong>peccatum,</strong></span> <span class='ocrx_word' id='word_1_591' title='bbox 2421 1955 2704 2027; x_wconf 87' lang='lat' dir='ltr'><strong>tranquilla</strong></span> <span class='ocrx_word' id='word_1_592' title='bbox 2732 1968 2852 2013; x_wconf 90' lang='lat' dir='ltr'><strong>erat</strong></span> <span class='ocrx_word' id='word_1_593' title='bbox 2875 1957 3074 2025; x_wconf 81' lang='lat' dir='ltr'><strong>cautio,</strong></span> <span class='ocrx_word' id='word_1_594' title='bbox 3099 1972 3207 2012; x_wconf 90' lang='lat' dir='ltr'><strong>non</strong></span> <span class='ocrx_word' id='word_1_595' title='bbox 3238 1956 3544 2015; x_wconf 83' lang='lat' dir='ltr'><strong>turbulenta</strong></span> <span class='ocrx_word' id='word_1_596' title='bbox 3565 1956 3677 2011; x_wconf 79' lang='lat' dir='ltr'><strong>for-</strong></span> 
     </span>
    </p>
   </div>
   <div class='ocr_carea' id='block_1_81' title="bbox 2089 2045 3678 2120">
    <p class='ocr_par' dir='ltr' id='par_1_81' title="bbox 2089 2045 3678 2120">
     <span class='ocr_line' id='line_1_82' title="bbox 2089 2045 3678 2120; baseline 0 -18"><span class='ocrx_word' id='word_1_597' title='bbox 2089 2045 2254 2102; x_wconf 90' lang='lat' dir='ltr'><strong>mido.</strong></span> <span class='ocrx_word' id='word_1_598' title='bbox 2297 2047 2410 2106; x_wconf 75' lang='lat' dir='ltr'><strong>Hoc</strong></span> <span class='ocrx_word' id='word_1_599' title='bbox 2436 2047 2650 2119; x_wconf 90' lang='lat' dir='ltr'><strong>quidem</strong></span> <span class='ocrx_word' id='word_1_600' title='bbox 2688 2048 3015 2120; x_wconf 87' lang='lat' dir='ltr'><strong>respondere</strong></span> <span class='ocrx_word' id='word_1_601' title='bbox 3039 2048 3308 2111; x_wconf 89' lang='lat' dir='ltr'><strong>communi</strong></span> <span class='ocrx_word' id='word_1_602' title='bbox 3347 2047 3678 2114; x_wconf 80' lang='lat' dir='ltr'><strong>adversario,</strong></span> 
     </span>
    </p>
   </div>
   <div class='ocr_carea' id='block_1_82' title="bbox 2089 2137 3679 2213">
    <p class='ocr_par' dir='ltr' id='par_1_82' title="bbox 2089 2137 3679 2213">
     <span class='ocr_line' id='line_1_83' title="bbox 2089 2137 3679 2213; baseline 0.001 -19"><span class='ocrx_word' id='word_1_603' title='bbox 2089 2137 2229 2194; x_wconf 89' lang='lat' dir='ltr'><strong>sicut</strong></span> <span class='ocrx_word' id='word_1_604' title='bbox 2254 2138 2453 2194; x_wconf 90' lang='lat' dir='ltr'><strong>dictum</strong></span> <span class='ocrx_word' id='word_1_605' title='bbox 2479 2149 2583 2208; x_wconf 91' lang='lat' dir='ltr'><strong>est,</strong></span> <span class='ocrx_word' id='word_1_606' title='bbox 2609 2141 2966 2197; x_wconf 89' lang='lat' dir='ltr'><strong>communiter</strong></span> <span class='ocrx_word' id='word_1_607' title='bbox 2991 2155 3274 2213; x_wconf 86' lang='lat' dir='ltr'><strong>possumus</strong></span> <span class='ocrx_word' id='word_1_608' title='bbox 3302 2159 3318 2196; x_wconf 88' lang='lat'><strong>:</strong></span> <span class='ocrx_word' id='word_1_609' title='bbox 3348 2139 3441 2196; x_wconf 91' lang='lat' dir='ltr'><strong>sed</strong></span> <span class='ocrx_word' id='word_1_610' title='bbox 3461 2157 3560 2212; x_wconf 73' lang='lat' dir='ltr'><strong>ego</strong></span> <span class='ocrx_word' id='word_1_611' title='bbox 3579 2139 3679 2196; x_wconf 79' lang='lat' dir='ltr'><strong>ad-</strong></span> 
     </span>
    </p>
   </div>
   <div class='ocr_carea' id='block_1_83' title="bbox 2088 2228 3682 2304">
    <p class='ocr_par' dir='ltr' id='par_1_83' title="bbox 2088 2228 3682 2304">
     <span class='ocr_line' id='line_1_84' title="bbox 2088 2228 3682 2304; baseline 0.001 -20"><span class='ocrx_word' id='word_1_612' title='bbox 2088 2243 2280 2292; x_wconf 80' lang='lat' dir='ltr'><strong>versus</strong></span> <span class='ocrx_word' id='word_1_613' title='bbox 2307 2228 2656 2287; x_wconf 70' lang='lat' dir='ltr'><strong>Manichazum</strong></span> <span class='ocrx_word' id='word_1_614' title='bbox 2681 2230 2865 2288; x_wconf 82' lang='lat' dir='ltr'><strong>laudes</strong></span> <span class='ocrx_word' id='word_1_615' title='bbox 2883 2247 3052 2304; x_wconf 77' lang='lat' dir='ltr'><strong>augeo</strong></span> <span class='ocrx_word' id='word_1_616' title='bbox 3075 2231 3348 2292; x_wconf 81' lang='lat' dir='ltr'><strong>rationalis</strong></span> <span class='ocrx_word' id='word_1_617' title='bbox 3370 2231 3510 2292; x_wconf 84' lang='lat' dir='ltr'><strong>illius</strong></span> <span class='ocrx_word' id='word_1_618' title='bbox 3529 2248 3682 2289; x_wconf 84' lang='lat' dir='ltr'><strong>crea-</strong></span> 
     </span>
    </p>
   </div>
   <div class='ocr_carea' id='block_1_84' title="bbox 2092 2323 3684 2393">
    <p class='ocr_par' dir='ltr' id='par_1_84' title="bbox 2092 2323 3684 2393">
     <span class='ocr_line' id='line_1_85' title="bbox 2092 2323 3684 2393; baseline 0 -15"><span class='ocrx_word' id='word_1_619' title='bbox 2092 2329 2248 2390; x_wconf 67' lang='lat' dir='ltr'><strong>turaa,</strong></span> <span class='ocrx_word' id='word_1_620' title='bbox 2277 2337 2396 2393; x_wconf 66' lang='lat' dir='ltr'><strong>quae</strong></span> <span class='ocrx_word' id='word_1_621' title='bbox 2425 2338 2530 2380; x_wconf 90' lang='lat' dir='ltr'><strong>non</strong></span> <span class='ocrx_word' id='word_1_622' title='bbox 2557 2323 2730 2380; x_wconf 86' lang='lat' dir='ltr'><strong>solum</strong></span> <span class='ocrx_word' id='word_1_623' title='bbox 2761 2338 2868 2380; x_wconf 88' lang='lat' dir='ltr'><strong>non</strong></span> <span class='ocrx_word' id='word_1_624' title='bbox 2896 2325 3230 2380; x_wconf 84' lang='lat' dir='ltr'><strong>cruciabatur</strong></span> <span class='ocrx_word' id='word_1_625' title='bbox 3254 2323 3375 2379; x_wconf 76' lang='lat' dir='ltr'><strong>ullo.</strong></span> <span class='ocrx_word' id='word_1_626' title='bbox 3391 2331 3560 2390; x_wconf 72' lang='lat' dir='ltr'><strong>metu,</strong></span> <span class='ocrx_word' id='word_1_627' title='bbox 3590 2339 3684 2379; x_wconf 87' lang='lat' dir='ltr'><strong>ve-</strong></span> 
     </span>
    </p>
   </div>
   <div class='ocr_carea' id='block_1_85' title="bbox 2090 2414 3680 2488">
    <p class='ocr_par' dir='ltr' id='par_1_85' title="bbox 2090 2414 3680 2488">
     <span class='ocr_line' id='line_1_86' title="bbox 2090 2414 3680 2488; baseline 0.001 -19"><span class='ocrx_word' id='word_1_628' title='bbox 2090 2428 2210 2469; x_wconf 89' lang='lat' dir='ltr'><strong>rum</strong></span> <span class='ocrx_word' id='word_1_629' title='bbox 2240 2415 2400 2470; x_wconf 87' lang='lat' dir='ltr'><strong>etiam</strong></span> <span class='ocrx_word' id='word_1_630' title='bbox 2429 2414 2610 2470; x_wconf 74' lang='lat' dir='ltr'><strong>lmtitia</strong></span> <span class='ocrx_word' id='word_1_631' title='bbox 2639 2431 2829 2488; x_wconf 75' lang='lat' dir='ltr'><strong>magna</strong></span> <span class='ocrx_word' id='word_1_632' title='bbox 2857 2415 3161 2488; x_wconf 75' lang='lat' dir='ltr'><strong>iruebatur;</strong></span> <span class='ocrx_word' id='word_1_633' title='bbox 3203 2415 3455 2486; x_wconf 87' lang='lat' dir='ltr'><strong>quoniam</strong></span> <span class='ocrx_word' id='word_1_634' title='bbox 3482 2414 3680 2470; x_wconf 89' lang='lat' dir='ltr'><strong>malum</strong></span> 
     </span>
    </p>
   </div>
   <div class='ocr_carea' id='block_1_86' title="bbox 2093 2487 3683 2577">
    <p class='ocr_par' dir='ltr' id='par_1_86' title="bbox 2093 2487 3683 2577">
     <span class='ocr_line' id='line_1_87' title="bbox 2093 2487 3683 2577; baseline -0.001 -16"><span class='ocrx_word' id='word_1_635' title='bbox 2093 2505 2301 2572; x_wconf 90' lang='lat' dir='ltr'><strong>mortis,</strong></span> <span class='ocrx_word' id='word_1_636' title='bbox 2347 2505 2489 2577; x_wconf 92' lang='lat' dir='ltr'><strong>quod</strong></span> <span class='ocrx_word' id='word_1_637' title='bbox 2527 2487 2790 2573; x_wconf 67' lang='lat' dir='ltr'><strong>orantium,</strong></span> <span class='ocrx_word' id='word_1_638' title='bbox 2836 2487 2921 2562; x_wconf 73' lang='lat' dir='ltr'><strong>vel</strong></span> <span class='ocrx_word' id='word_1_639' title='bbox 2961 2521 3098 2577; x_wconf 88' lang='lat' dir='ltr'><strong>pene</strong></span> <span class='ocrx_word' id='word_1_640' title='bbox 3137 2505 3374 2560; x_wconf 89' lang='lat' dir='ltr'><strong>onmium</strong></span> <span class='ocrx_word' id='word_1_641' title='bbox 3415 2505 3683 2576; x_wconf 71' lang='lat' dir='ltr'><strong>refugiunt</strong></span> 
     </span>
    </p>
   </div>
   <div class='ocr_carea' id='block_1_87' title="bbox 2091 2597 3685 2671">
    <p class='ocr_par' dir='ltr' id='par_1_87' title="bbox 2091 2597 3685 2671">
     <span class='ocr_line' id='line_1_88' title="bbox 2091 2597 3685 2671; baseline 0.001 -17"><span class='ocrx_word' id='word_1_642' title='bbox 2091 2597 2253 2654; x_wconf 88' lang='lat' dir='ltr'><strong>corda</strong></span> <span class='ocrx_word' id='word_1_643' title='bbox 2277 2598 2535 2667; x_wconf 81' lang='lat' dir='ltr'><strong>ﬁdelium,</strong></span> <span class='ocrx_word' id='word_1_644' title='bbox 2565 2598 2792 2655; x_wconf 89' lang='lat' dir='ltr'><strong>habebat</strong></span> <span class='ocrx_word' id='word_1_645' title='bbox 2811 2599 2865 2654; x_wconf 89' lang='lat' dir='ltr'><strong>in</strong></span> <span class='ocrx_word' id='word_1_646' title='bbox 2883 2608 3142 2670; x_wconf 84' lang='lat' dir='ltr'><strong>potestate</strong></span> <span class='ocrx_word' id='word_1_647' title='bbox 3163 2615 3270 2655; x_wconf 89' lang='lat' dir='ltr'><strong>non</strong></span> <span class='ocrx_word' id='word_1_648' title='bbox 3297 2600 3522 2671; x_wconf 88' lang='lat' dir='ltr'><strong>perpeti.</strong></span> <span class='ocrx_word' id='word_1_649' title='bbox 3553 2599 3685 2655; x_wconf 85' lang='lat' dir='ltr'><strong>llnic</strong></span> 
     </span>
    </p>
   </div>
   <div class='ocr_carea' id='block_1_88' title="bbox 2093 2690 3686 2762">
    <p class='ocr_par' dir='ltr' id='par_1_88' title="bbox 2093 2690 3686 2762">
     <span class='ocr_line' id='line_1_89' title="bbox 2093 2690 3686 2762; baseline 0.003 -18"><span class='ocrx_word' id='word_1_650' title='bbox 2093 2701 2294 2746; x_wconf 77' lang='lat' dir='ltr'><strong>nostra:</strong></span> <span class='ocrx_word' id='word_1_651' title='bbox 2322 2690 2447 2748; x_wconf 79' lang='lat' dir='ltr'><strong>ﬁdei</strong></span> <span class='ocrx_word' id='word_1_652' title='bbox 2485 2692 2735 2762; x_wconf 88' lang='lat' dir='ltr'><strong>quoniam</strong></span> <span class='ocrx_word' id='word_1_653' title='bbox 2767 2699 2944 2749; x_wconf 85' lang='lat' dir='ltr'><strong>vester</strong></span> <span class='ocrx_word' id='word_1_654' title='bbox 2985 2707 3138 2748; x_wconf 87' lang='lat' dir='ltr'><strong>error</strong></span> <span class='ocrx_word' id='word_1_655' title='bbox 3163 2691 3421 2749; x_wconf 85' lang='lat' dir='ltr'><strong>adversus</strong></span> <span class='ocrx_word' id='word_1_656' title='bbox 3446 2701 3550 2757; x_wconf 87' lang='lat' dir='ltr'><strong>est.</strong></span> <span class='ocrx_word' id='word_1_657' title='bbox 3578 2707 3686 2762; x_wconf 81' lang='lat' dir='ltr'><strong>quo</strong></span> 
     </span>
    </p>
   </div>
   <div class='ocr_carea' id='block_1_89' title="bbox 2093 2779 3686 2854">
    <p class='ocr_par' dir='ltr' id='par_1_89' title="bbox 2093 2779 3686 2854">
     <span class='ocr_line' id='line_1_90' title="bbox 2093 2779 3686 2854; baseline 0.002 -18"><span class='ocrx_word' id='word_1_658' title='bbox 2093 2781 2289 2851; x_wconf 85' lang='lat' dir='ltr'><strong>putatis</strong></span> <span class='ocrx_word' id='word_1_659' title='bbox 2316 2779 2508 2847; x_wconf 83' lang='lat' dir='ltr'><strong>Atiam,</strong></span> <span class='ocrx_word' id='word_1_660' title='bbox 2537 2781 2649 2838; x_wconf 79' lang='lat' dir='ltr'><strong>sive</strong></span> <span class='ocrx_word' id='word_1_661' title='bbox 2673 2791 2948 2854; x_wconf 77' lang='lat' dir='ltr'><strong>peccaret,</strong></span> <span class='ocrx_word' id='word_1_662' title='bbox 2967 2783 3080 2838; x_wconf 86' lang='lat' dir='ltr'><strong>sive</strong></span> <span class='ocrx_word' id='word_1_663' title='bbox 3098 2797 3204 2838; x_wconf 90' lang='lat' dir='ltr'><strong>non</strong></span> <span class='ocrx_word' id='word_1_664' title='bbox 3229 2792 3495 2854; x_wconf 85' lang='lat' dir='ltr'><strong>peccaret,</strong></span> <span class='ocrx_word' id='word_1_665' title='bbox 3521 2781 3686 2839; x_wconf 75' lang='lat' dir='ltr'><strong>fuisse</strong></span> 
     </span>
    </p>
   </div>
   <div class='ocr_carea' id='block_1_90' title="bbox 2093 2871 3686 2943">
    <p class='ocr_par' dir='ltr' id='par_1_90' title="bbox 2093 2871 3686 2943">
     <span class='ocr_line' id='line_1_91' title="bbox 2093 2871 3686 2943; baseline 0.001 -18"><span class='ocrx_word' id='word_1_666' title='bbox 2093 2871 2448 2936; x_wconf 78' lang='lat' dir='ltr'><strong>moriturum;</strong></span> <span class='ocrx_word' id='word_1_667' title='bbox 2476 2871 2603 2942; x_wconf 90' lang='lat' dir='ltr'><strong>quid</strong></span> <span class='ocrx_word' id='word_1_668' title='bbox 2631 2873 2716 2927; x_wconf 87' lang='lat' dir='ltr'><strong>hic</strong></span> <span class='ocrx_word' id='word_1_669' title='bbox 2737 2871 3038 2928; x_wconf 70' lang='lat' dir='ltr'><strong>Manichaee.</strong></span> <span class='ocrx_word' id='word_1_670' title='bbox 3051 2871 3356 2943; x_wconf 79' lang='lat' dir='ltr'><strong>respondes</strong></span> <span class='ocrx_word' id='word_1_671' title='bbox 3367 2872 3564 2928; x_wconf 88' lang='lat' dir='ltr'><strong>dicenti</strong></span> <span class='ocrx_word' id='word_1_672' title='bbox 3585 2871 3686 2926; x_wconf 81' lang='lat' dir='ltr'><strong>mi-</strong></span> 
     </span>
    </p>
   </div>
   <div class='ocr_carea' id='block_1_91' title="bbox 2093 2961 3682 3034">
    <p class='ocr_par' dir='ltr' id='par_1_91' title="bbox 2093 2961 3682 3034">
     <span class='ocr_line' id='line_1_92' title="bbox 2093 2961 3682 3034; baseline 0 -19"><span class='ocrx_word' id='word_1_673' title='bbox 2093 2975 2269 3016; x_wconf 89' lang='lat' dir='ltr'><strong>seram</strong></span> <span class='ocrx_word' id='word_1_674' title='bbox 2293 2961 2562 3018; x_wconf 88' lang='lat' dir='ltr'><strong>conditam</strong></span> <span class='ocrx_word' id='word_1_675' title='bbox 2591 2977 2712 3018; x_wconf 89' lang='lat' dir='ltr'><strong>esse</strong></span> <span class='ocrx_word' id='word_1_676' title='bbox 2740 2973 3014 3028; x_wconf 87' lang='lat' dir='ltr'><strong>naturam,</strong></span> <span class='ocrx_word' id='word_1_677' title='bbox 3053 2978 3212 3034; x_wconf 81' lang='lat' dir='ltr'><strong>quam</strong></span> <span class='ocrx_word' id='word_1_678' title='bbox 3255 2963 3338 3019; x_wconf 87' lang='lat' dir='ltr'><strong>vel</strong></span> <span class='ocrx_word' id='word_1_679' title='bbox 3376 2971 3682 3034; x_wconf 77' lang='lat' dir='ltr'><strong>peccantem</strong></span> 
     </span>
    </p>
   </div>
   <div class='ocr_carea' id='block_1_92' title="bbox 2093 3051 3687 3123">
    <p class='ocr_par' dir='ltr' id='par_1_92' title="bbox 2093 3051 3687 3123">
     <span class='ocr_line' id='line_1_93' title="bbox 2093 3051 3687 3123; baseline 0.001 -18"><span class='ocrx_word' id='word_1_680' title='bbox 2093 3051 2178 3106; x_wconf 85' lang='lat' dir='ltr'><strong>vel</strong></span> <span class='ocrx_word' id='word_1_681' title='bbox 2205 3065 2312 3106; x_wconf 92' lang='lat' dir='ltr'><strong>non</strong></span> <span class='ocrx_word' id='word_1_682' title='bbox 2335 3061 2643 3122; x_wconf 88' lang='lat' dir='ltr'><strong>peccantem</strong></span> <span class='ocrx_word' id='word_1_683' title='bbox 2666 3068 2814 3108; x_wconf 88' lang='lat' dir='ltr'><strong>mors</strong></span> <span class='ocrx_word' id='word_1_684' title='bbox 2843 3052 3130 3108; x_wconf 85' lang='lat' dir='ltr'><strong>imminens</strong></span> <span class='ocrx_word' id='word_1_685' title='bbox 3160 3052 3354 3108; x_wconf 87' lang='lat' dir='ltr'><strong>timore</strong></span> <span class='ocrx_word' id='word_1_686' title='bbox 3382 3051 3687 3123; x_wconf 73' lang='lat' dir='ltr'><strong>torquebat?</strong></span> 
     </span>
    </p>
   </div>
   <div class='ocr_carea' id='block_1_93' title="bbox 2092 3141 3674 3212">
    <p class='ocr_par' dir='ltr' id='par_1_93' title="bbox 2092 3141 3674 3212">
     <span class='ocr_line' id='line_1_94' title="bbox 2092 3141 3674 3212; baseline 0.001 -15"><span class='ocrx_word' id='word_1_687' title='bbox 2092 3142 2150 3198; x_wconf 88' lang='lat' dir='ltr'><strong>Si</strong></span> <span class='ocrx_word' id='word_1_688' title='bbox 2177 3143 2318 3198; x_wconf 88' lang='lat' dir='ltr'><strong>enim</strong></span> <span class='ocrx_word' id='word_1_689' title='bbox 2343 3141 2544 3200; x_wconf 79' lang='lat' dir='ltr'><strong>dixeris</strong></span> <span class='ocrx_word' id='word_1_690' title='bbox 2578 3143 2647 3198; x_wconf 91' lang='lat' dir='ltr'><strong>ita</strong></span> <span class='ocrx_word' id='word_1_691' title='bbox 2677 3142 2842 3200; x_wconf 81' lang='lat' dir='ltr'><strong>fuisse</strong></span> <span class='ocrx_word' id='word_1_692' title='bbox 2873 3143 3140 3199; x_wconf 87' lang='lat' dir='ltr'><strong>conditam</strong></span> <span class='ocrx_word' id='word_1_693' title='bbox 3161 3186 3177 3212; x_wconf 90' lang='lat'><strong>,</strong></span> <span class='ocrx_word' id='word_1_694' title='bbox 3218 3154 3276 3199; x_wconf 92' lang='lat' dir='ltr'><strong>ut</strong></span> <span class='ocrx_word' id='word_1_695' title='bbox 3315 3159 3422 3200; x_wconf 88' lang='lat' dir='ltr'><strong>non</strong></span> <span class='ocrx_word' id='word_1_696' title='bbox 3463 3143 3674 3199; x_wconf 87' lang='lat' dir='ltr'><strong>timeret</strong></span> 
     </span>
    </p>
   </div>
   <div class='ocr_carea' id='block_1_94' title="bbox 2096 3233 3685 3314">
    <p class='ocr_par' dir='ltr' id='par_1_94' title="bbox 2096 3233 3685 3314">
     <span class='ocr_line' id='line_1_95' title="bbox 2096 3233 3685 3314; baseline -0.001 -24"><span class='ocrx_word' id='word_1_697' title='bbox 2096 3241 2346 3301; x_wconf 90' lang='lat' dir='ltr'><strong>mortem,</strong></span> <span class='ocrx_word' id='word_1_698' title='bbox 2387 3235 2504 3291; x_wconf 87' lang='lat' dir='ltr'><strong>sine</strong></span> <span class='ocrx_word' id='word_1_699' title='bbox 2545 3235 2705 3290; x_wconf 89' lang='lat' dir='ltr'><strong>dubio</strong></span> <span class='ocrx_word' id='word_1_700' title='bbox 2738 3235 3059 3314; x_wconf 88' lang='lat' dir='ltr'><strong>quandoque</strong></span> <span class='ocrx_word' id='word_1_701' title='bbox 3094 3244 3402 3304; x_wconf 89' lang='lat' dir='ltr'><strong>venturam;</strong></span> <span class='ocrx_word' id='word_1_702' title='bbox 3447 3233 3685 3304; x_wconf 81' lang='lat' dir='ltr'><strong>proiecto</strong></span> 
     </span>
    </p>
   </div>
   <div class='ocr_carea' id='block_1_95' title="bbox 2095 3327 3683 3399">
    <p class='ocr_par' dir='ltr' id='par_1_95' title="bbox 2095 3327 3683 3399">
     <span class='ocr_line' id='line_1_96' title="bbox 2095 3327 3683 3399; baseline 0.001 -17"><span class='ocrx_word' id='word_1_703' title='bbox 2095 3327 2252 3382; x_wconf 88' lang='lat' dir='ltr'><strong>istam</strong></span> <span class='ocrx_word' id='word_1_704' title='bbox 2271 3343 2392 3398; x_wconf 75' lang='lat' dir='ltr'><strong>qua:</strong></span> <span class='ocrx_word' id='word_1_705' title='bbox 2417 3327 2470 3384; x_wconf 91' lang='lat' dir='ltr'><strong>in</strong></span> <span class='ocrx_word' id='word_1_706' title='bbox 2502 3329 2728 3399; x_wconf 79' lang='lat' dir='ltr'><strong>posteris</strong></span> <span class='ocrx_word' id='word_1_707' title='bbox 2754 3329 2872 3399; x_wconf 83' lang='lat' dir='ltr'><strong>ejus</strong></span> <span class='ocrx_word' id='word_1_708' title='bbox 2899 3337 3001 3392; x_wconf 91' lang='lat' dir='ltr'><strong>est,</strong></span> <span class='ocrx_word' id='word_1_709' title='bbox 3031 3327 3281 3385; x_wconf 79' lang='lat' dir='ltr'><strong>miseram</strong></span> <span class='ocrx_word' id='word_1_710' title='bbox 3307 3327 3560 3384; x_wconf 82' lang='lat' dir='ltr'><strong>fateberis</strong></span> <span class='ocrx_word' id='word_1_711' title='bbox 3585 3345 3654 3383; x_wconf 90' lang='lat' dir='ltr'><strong>na</strong></span> <span class='ocrx_word' id='word_1_712' title='bbox 3670 3359 3683 3368; x_wconf 88' lang='lat'><strong>-</strong></span> 
     </span>
    </p>
   </div>
   <div class='ocr_carea' id='block_1_96' title="bbox 2095 3418 3680 3491">
    <p class='ocr_par' dir='ltr' id='par_1_96' title="bbox 2095 3418 3680 3491">
     <span class='ocr_line' id='line_1_97' title="bbox 2095 3418 3680 3491; baseline 0 -19"><span class='ocrx_word' id='word_1_713' title='bbox 2095 3418 2194 3484; x_wconf 81' lang='lat' dir='ltr'><strong>sci,</strong></span> <span class='ocrx_word' id='word_1_714' title='bbox 2221 3419 2308 3474; x_wconf 83' lang='lat' dir='ltr'><strong>cui</strong></span> <span class='ocrx_word' id='word_1_715' title='bbox 2338 3421 2524 3475; x_wconf 88' lang='lat' dir='ltr'><strong>mortis</strong></span> <span class='ocrx_word' id='word_1_716' title='bbox 2554 3431 2753 3476; x_wconf 89' lang='lat' dir='ltr'><strong>metum</strong></span> <span class='ocrx_word' id='word_1_717' title='bbox 2787 3419 2866 3476; x_wconf 85' lang='lat' dir='ltr'><strong>sic</strong></span> <span class='ocrx_word' id='word_1_718' title='bbox 2905 3419 3147 3475; x_wconf 80' lang='lat' dir='ltr'><strong>videmus</strong></span> <span class='ocrx_word' id='word_1_719' title='bbox 3171 3434 3292 3476; x_wconf 82' lang='lat' dir='ltr'><strong>esse</strong></span> <span class='ocrx_word' id='word_1_720' title='bbox 3317 3421 3680 3491; x_wconf 79' lang='lat' dir='ltr'><strong>congenitnm,</strong></span> 
     </span>
    </p>
   </div>
   <div class='ocr_carea' id='block_1_97' title="bbox 2095 3511 3686 3584">
    <p class='ocr_par' dir='ltr' id='par_1_97' title="bbox 2095 3511 3686 3584">
     <span class='ocr_line' id='line_1_98' title="bbox 2095 3511 3686 3584; baseline -0.003 -14"><span class='ocrx_word' id='word_1_721' title='bbox 2095 3513 2338 3570; x_wconf 87' lang='lat' dir='ltr'><strong>utetiam</strong></span> <span class='ocrx_word' id='word_1_722' title='bbox 2374 3511 2428 3567; x_wconf 84' lang='lat' dir='ltr'><strong>hi</strong></span> <span class='ocrx_word' id='word_1_723' title='bbox 2458 3512 2550 3584; x_wconf 89' lang='lat' dir='ltr'><strong>qui</strong></span> <span class='ocrx_word' id='word_1_724' title='bbox 2579 3527 2674 3583; x_wconf 87' lang='lat' dir='ltr'><strong>spe</strong></span> <span class='ocrx_word' id='word_1_725' title='bbox 2703 3511 2842 3567; x_wconf 86' lang='lat' dir='ltr'><strong>lideli</strong></span> <span class='ocrx_word' id='word_1_726' title='bbox 2870 3512 3058 3567; x_wconf 81' lang='lat' dir='ltr'><strong>futura:</strong></span> <span class='ocrx_word' id='word_1_727' title='bbox 3097 3512 3217 3567; x_wconf 60' lang='lat' dir='ltr'><strong>vitae</strong></span> <span class='ocrx_word' id='word_1_728' title='bbox 3260 3512 3448 3580; x_wconf 74' lang='lat' dir='ltr'><strong>gaudia</strong></span> <span class='ocrx_word' id='word_1_729' title='bbox 3489 3527 3686 3567; x_wconf 84' lang='lat' dir='ltr'><strong>concu-</strong></span> 
     </span>
    </p>
   </div>
   <div class='ocr_carea' id='block_1_98' title="bbox 2097 3603 3686 3678">
    <p class='ocr_par' dir='ltr' id='par_1_98' title="bbox 2097 3603 3686 3678">
     <span class='ocr_line' id='line_1_99' title="bbox 2097 3603 3686 3678; baseline -0.001 -17"><span class='ocrx_word' id='word_1_730' title='bbox 2097 3607 2328 3678; x_wconf 88' lang='lat' dir='ltr'><strong>piscunt,</strong></span> <span class='ocrx_word' id='word_1_731' title='bbox 2351 3605 2405 3660; x_wconf 89' lang='lat' dir='ltr'><strong>in</strong></span> <span class='ocrx_word' id='word_1_732' title='bbox 2427 3603 2528 3661; x_wconf 88' lang='lat' dir='ltr'><strong>hac</strong></span> <span class='ocrx_word' id='word_1_733' title='bbox 2554 3613 2730 3660; x_wconf 88' lang='lat' dir='ltr'><strong>tamen</strong></span> <span class='ocrx_word' id='word_1_734' title='bbox 2763 3605 2869 3659; x_wconf 80' lang='lat' dir='ltr'><strong>vita</strong></span> <span class='ocrx_word' id='word_1_735' title='bbox 2897 3620 3017 3660; x_wconf 90' lang='lat' dir='ltr'><strong>cum</strong></span> <span class='ocrx_word' id='word_1_736' title='bbox 3044 3605 3231 3660; x_wconf 89' lang='lat' dir='ltr'><strong>mortis</strong></span> <span class='ocrx_word' id='word_1_737' title='bbox 3257 3605 3448 3660; x_wconf 88' lang='lat' dir='ltr'><strong>timore</strong></span> <span class='ocrx_word' id='word_1_738' title='bbox 3479 3606 3686 3661; x_wconf 82' lang='lat' dir='ltr'><strong>lacten-</strong></span> 
     </span>
    </p>
   </div>
   <div class='ocr_carea' id='block_1_99' title="bbox 2098 3695 3684 3768">
    <p class='ocr_par' dir='ltr' id='par_1_99' title="bbox 2098 3695 3684 3768">
     <span class='ocr_line' id='line_1_100' title="bbox 2098 3695 3684 3768; baseline -0.004 -12"><span class='ocrx_word' id='word_1_739' title='bbox 2098 3709 2184 3756; x_wconf 90' lang='lat' dir='ltr'><strong>tur</strong></span> <span class='ocrx_word' id='word_1_740' title='bbox 2211 3719 2224 3756; x_wconf 92' lang='lat'><strong>:</strong></span> <span class='ocrx_word' id='word_1_741' title='bbox 2253 3699 2439 3754; x_wconf 87' lang='lat' dir='ltr'><strong>nolunt</strong></span> <span class='ocrx_word' id='word_1_742' title='bbox 2466 3697 2608 3754; x_wconf 88' lang='lat' dir='ltr'><strong>enim</strong></span> <span class='ocrx_word' id='word_1_743' title='bbox 2637 3697 2876 3768; x_wconf 82' lang='lat' dir='ltr'><strong>spoliari,</strong></span> <span class='ocrx_word' id='word_1_744' title='bbox 2905 3697 2998 3754; x_wconf 91' lang='lat' dir='ltr'><strong>sed</strong></span> <span class='ocrx_word' id='word_1_745' title='bbox 3029 3695 3394 3767; x_wconf 85' lang='lat' dir='ltr'><strong>snpervestiri,</strong></span> <span class='ocrx_word' id='word_1_746' title='bbox 3431 3706 3489 3751; x_wconf 92' lang='lat' dir='ltr'><strong>ut</strong></span> <span class='ocrx_word' id='word_1_747' title='bbox 3511 3714 3684 3768; x_wconf 82' lang='lat' dir='ltr'><strong>quan-</strong></span> 
     </span>
    </p>
   </div>
   <div class='ocr_carea' id='block_1_100' title="bbox 2099 3789 3686 3854">
    <p class='ocr_par' dir='ltr' id='par_1_100' title="bbox 2099 3789 3686 3854">
     <span class='ocr_line' id='line_1_101' title="bbox 2099 3789 3686 3854; baseline -0.004 -6"><span class='ocrx_word' id='word_1_748' title='bbox 2099 3802 2208 3848; x_wconf 87' lang='lat' dir='ltr'><strong>tutn</strong></span> <span class='ocrx_word' id='word_1_749' title='bbox 2233 3791 2302 3846; x_wconf 89' lang='lat' dir='ltr'><strong>ad</strong></span> <span class='ocrx_word' id='word_1_750' title='bbox 2331 3806 2513 3848; x_wconf 88' lang='lat' dir='ltr'><strong>eorum</strong></span> <span class='ocrx_word' id='word_1_751' title='bbox 2541 3790 2730 3845; x_wconf 89' lang='lat' dir='ltr'><strong>attinet</strong></span> <span class='ocrx_word' id='word_1_752' title='bbox 2755 3789 3101 3854; x_wconf 81' lang='lat' dir='ltr'><strong>voluntatem.</strong></span> <span class='ocrx_word' id='word_1_753' title='bbox 3133 3803 3242 3844; x_wconf 91' lang='lat' dir='ltr'><strong>non</strong></span> <span class='ocrx_word' id='word_1_754' title='bbox 3272 3798 3443 3844; x_wconf 90' lang='lat' dir='ltr'><strong>morte</strong></span> <span class='ocrx_word' id='word_1_755' title='bbox 3473 3789 3686 3844; x_wconf 86' lang='lat' dir='ltr'><strong>liniatnr</strong></span> 
     </span>
    </p>
   </div>
   <div class='ocr_carea' id='block_1_101' title="bbox 2099 3878 3684 3950">
    <p class='ocr_par' dir='ltr' id='par_1_101' title="bbox 2099 3878 3684 3950">
     <span class='ocr_line' id='line_1_102' title="bbox 2099 3878 3684 3950; baseline -0.001 -14"><span class='ocrx_word' id='word_1_756' title='bbox 2099 3883 2210 3938; x_wconf 72' lang='lat' dir='ltr'><strong>haec</strong></span> <span class='ocrx_word' id='word_1_757' title='bbox 2231 3883 2359 3946; x_wconf 83' lang='lat' dir='ltr'><strong>vita,</strong></span> <span class='ocrx_word' id='word_1_758' title='bbox 2387 3882 2484 3937; x_wconf 88' lang='lat' dir='ltr'><strong>sed</strong></span> <span class='ocrx_word' id='word_1_759' title='bbox 2507 3881 2730 3936; x_wconf 73' lang='lat' dir='ltr'><strong>mortale</strong></span> <span class='ocrx_word' id='word_1_760' title='bbox 2755 3880 3102 3935; x_wconf 81' lang='lat' dir='ltr'><strong>absorbeatur</strong></span> <span class='ocrx_word' id='word_1_761' title='bbox 3121 3895 3152 3934; x_wconf 90' lang='lat' dir='ltr'><strong>a</strong></span> <span class='ocrx_word' id='word_1_762' title='bbox 3178 3879 3281 3934; x_wconf 71' lang='lat' dir='ltr'><strong>vita</strong></span> <span class='ocrx_word' id='word_1_763' title='bbox 3307 3879 3367 3950; x_wconf 86' lang='lat' dir='ltr'><strong>(ll</strong></span> <span class='ocrx_word' id='word_1_764' title='bbox 3386 3878 3502 3934; x_wconf 89' lang='lat' dir='ltr'><strong>Cor.</strong></span> <span class='ocrx_word' id='word_1_765' title='bbox 3529 3896 3579 3944; x_wconf 90' lang='lat' dir='ltr'><strong>v,</strong></span> <span class='ocrx_word' id='word_1_766' title='bbox 3601 3881 3684 3950; x_wconf 70' lang='grc'><strong>4).</strong></span> 
     </span>
    </p>
   </div>
   <div class='ocr_carea' id='block_1_102' title="bbox 2098 3971 3690 4046">
    <p class='ocr_par' dir='ltr' id='par_1_102' title="bbox 2098 3971 3690 4046">
     <span class='ocr_line' id='line_1_103' title="bbox 2098 3971 3690 4046; baseline -0.004 -14"><span class='ocrx_word' id='word_1_767' title='bbox 2098 3976 2180 4032; x_wconf 77' lang='lat' dir='ltr'><strong>Ex</strong></span> <span class='ocrx_word' id='word_1_768' title='bbox 2204 3991 2310 4046; x_wconf 88' lang='lat' dir='ltr'><strong>quo</strong></span> <span class='ocrx_word' id='word_1_769' title='bbox 2339 3975 2418 4038; x_wconf 80' lang='lat' dir='ltr'><strong>iit,</strong></span> <span class='ocrx_word' id='word_1_770' title='bbox 2451 3983 2506 4028; x_wconf 88' lang='lat' dir='ltr'><strong>ut</strong></span> <span class='ocrx_word' id='word_1_771' title='bbox 2533 3973 2576 4028; x_wconf 88' lang='lat' dir='ltr'><strong>si</strong></span> <span class='ocrx_word' id='word_1_772' title='bbox 2607 3976 2794 4028; x_wconf 89' lang='lat' dir='ltr'><strong>mortis</strong></span> <span class='ocrx_word' id='word_1_773' title='bbox 2819 3981 3018 4029; x_wconf 88' lang='lat' dir='ltr'><strong>metum</strong></span> <span class='ocrx_word' id='word_1_774' title='bbox 3057 3973 3113 4026; x_wconf 90' lang='lat' dir='ltr'><strong>in</strong></span> <span class='ocrx_word' id='word_1_775' title='bbox 3153 3971 3401 4043; x_wconf 88' lang='lat' dir='ltr'><strong>paradiso</strong></span> <span class='ocrx_word' id='word_1_776' title='bbox 3447 3971 3690 4041; x_wconf 82' lang='lat' dir='ltr'><strong>posueris</strong></span> 
     </span>
    </p>
   </div>
   <div class='ocr_carea' id='block_1_103' title="bbox 2097 4064 3688 4139">
    <p class='ocr_par' dir='ltr' id='par_1_103' title="bbox 2097 4064 3688 4139">
     <span class='ocr_line' id='line_1_104' title="bbox 2097 4064 3688 4139; baseline -0.004 -15"><span class='ocrx_word' id='word_1_777' title='bbox 2097 4079 2222 4125; x_wconf 89' lang='lat' dir='ltr'><strong>ante</strong></span> <span class='ocrx_word' id='word_1_778' title='bbox 2249 4078 2546 4139; x_wconf 86' lang='lat' dir='ltr'><strong>peccatum,</strong></span> <span class='ocrx_word' id='word_1_779' title='bbox 2572 4066 2803 4122; x_wconf 80' lang='lat' dir='ltr'><strong>vincaris</strong></span> <span class='ocrx_word' id='word_1_780' title='bbox 2839 4082 2868 4118; x_wconf 90' lang='lat' dir='ltr'><strong>a</strong></span> <span class='ocrx_word' id='word_1_781' title='bbox 2897 4065 3236 4130; x_wconf 60' lang='lat' dir='ltr'><strong>Manil-bans,</strong></span> <span class='ocrx_word' id='word_1_782' title='bbox 3278 4064 3366 4134; x_wconf 88' lang='lat' dir='ltr'><strong>qui</strong></span> <span class='ocrx_word' id='word_1_783' title='bbox 3407 4073 3592 4134; x_wconf 81' lang='lat' dir='ltr'><strong>putant</strong></span> <span class='ocrx_word' id='word_1_784' title='bbox 3631 4071 3688 4118; x_wconf 84' lang='lat' dir='ltr'><strong>et</strong></span> 
     </span>
    </p>
   </div>
   <div class='ocr_carea' id='block_1_104' title="bbox 2097 4155 3686 4232">
    <p class='ocr_par' dir='ltr' id='par_1_104' title="bbox 2097 4155 3686 4232">
     <span class='ocr_line' id='line_1_105' title="bbox 2097 4155 3686 4232; baseline -0.006 -16"><span class='ocrx_word' id='word_1_785' title='bbox 2097 4160 2274 4232; x_wconf 84' lang='lat' dir='ltr'><strong>putari</strong></span> <span class='ocrx_word' id='word_1_786' title='bbox 2299 4159 2506 4226; x_wconf 87' lang='lat' dir='ltr'><strong>volunt,</strong></span> <span class='ocrx_word' id='word_1_787' title='bbox 2533 4157 2672 4228; x_wconf 82' lang='lat' dir='ltr'><strong>quod</strong></span> <span class='ocrx_word' id='word_1_788' title='bbox 2703 4158 2755 4212; x_wconf 91' lang='lat' dir='ltr'><strong>in</strong></span> <span class='ocrx_word' id='word_1_789' title='bbox 2789 4157 2964 4226; x_wconf 91' lang='lat' dir='ltr'><strong>primo</strong></span> <span class='ocrx_word' id='word_1_790' title='bbox 3003 4171 3216 4226; x_wconf 82' lang='lat' dir='ltr'><strong>quoque</strong></span> <span class='ocrx_word' id='word_1_791' title='bbox 3243 4155 3460 4210; x_wconf 84' lang='lat' dir='ltr'><strong>homine</strong></span> <span class='ocrx_word' id='word_1_792' title='bbox 3493 4155 3686 4209; x_wconf 86' lang='lat' dir='ltr'><strong>misera</strong></span> 
     </span>
    </p>
   </div>
   <div class='ocr_carea' id='block_1_105' title="bbox 2097 4245 3684 4313">
    <p class='ocr_par' dir='ltr' id='par_1_105' title="bbox 2097 4245 3684 4313">
     <span class='ocr_line' id='line_1_106' title="bbox 2097 4245 3684 4313; baseline -0.008 -3"><span class='ocrx_word' id='word_1_793' title='bbox 2097 4253 2308 4310; x_wconf 87' lang='lat' dir='ltr'><strong>condita</strong></span> <span class='ocrx_word' id='word_1_794' title='bbox 2333 4261 2416 4307; x_wconf 84' lang='lat' dir='ltr'><strong>est</strong></span> <span class='ocrx_word' id='word_1_795' title='bbox 2439 4257 2622 4306; x_wconf 83' lang='lat' dir='ltr'><strong>natura</strong></span> <span class='ocrx_word' id='word_1_796' title='bbox 2639 4249 2904 4313; x_wconf 83' lang='lat' dir='ltr'><strong>humana;</strong></span> <span class='ocrx_word' id='word_1_797' title='bbox 2933 4249 2976 4302; x_wconf 90' lang='lat' dir='ltr'><strong>si</strong></span> <span class='ocrx_word' id='word_1_798' title='bbox 2998 4255 3174 4303; x_wconf 88' lang='lat' dir='ltr'><strong>autem</strong></span> <span class='ocrx_word' id='word_1_799' title='bbox 3202 4247 3445 4302; x_wconf 87' lang='lat' dir='ltr'><strong>timorem</strong></span> <span class='ocrx_word' id='word_1_800' title='bbox 3473 4245 3684 4313; x_wconf 85' lang='lat' dir='ltr'><strong>mortis,</strong></span> 
     </span>
    </p>
   </div>
   <div class='ocr_carea' id='block_1_106' title="bbox 2099 4339 3686 4420">
    <p class='ocr_par' dir='ltr' id='par_1_106' title="bbox 2099 4339 3686 4420">
     <span class='ocr_line' id='line_1_107' title="bbox 2099 4339 3686 4420; baseline -0.006 -18"><span class='ocrx_word' id='word_1_801' title='bbox 2099 4363 2206 4420; x_wconf 87' lang='lat' dir='ltr'><strong>quo</strong></span> <span class='ocrx_word' id='word_1_802' title='bbox 2234 4345 2534 4401; x_wconf 87' lang='lat' dir='ltr'><strong>mortalium</strong></span> <span class='ocrx_word' id='word_1_803' title='bbox 2577 4343 2789 4397; x_wconf 90' lang='lat' dir='ltr'><strong>animus</strong></span> <span class='ocrx_word' id='word_1_804' title='bbox 2831 4355 2936 4396; x_wconf 88' lang='lat' dir='ltr'><strong>non</strong></span> <span class='ocrx_word' id='word_1_805' title='bbox 2981 4341 3097 4395; x_wconf 83' lang='lat' dir='ltr'><strong>sine</strong></span> <span class='ocrx_word' id='word_1_806' title='bbox 3122 4340 3333 4396; x_wconf 85' lang='lat' dir='ltr'><strong>miseria</strong></span> <span class='ocrx_word' id='word_1_807' title='bbox 3359 4339 3686 4406; x_wconf 85' lang='lat' dir='ltr'><strong>stimulatur,</strong></span> 
     </span>
    </p>
   </div>
   <div class='ocr_carea' id='block_1_107' title="bbox 2099 4431 3685 4508">
    <p class='ocr_par' dir='ltr' id='par_1_107' title="bbox 2099 4431 3685 4508">
     <span class='ocr_line' id='line_1_108' title="bbox 2099 4431 3685 4508; baseline -0.007 -14"><span class='ocrx_word' id='word_1_808' title='bbox 2099 4449 2224 4494; x_wconf 89' lang='lat' dir='ltr'><strong>ante</strong></span> <span class='ocrx_word' id='word_1_809' title='bbox 2250 4445 2522 4508; x_wconf 88' lang='lat' dir='ltr'><strong>peccatum</strong></span> <span class='ocrx_word' id='word_1_810' title='bbox 2549 4450 2654 4490; x_wconf 88' lang='lat' dir='ltr'><strong>non</strong></span> <span class='ocrx_word' id='word_1_811' title='bbox 2682 4434 2844 4488; x_wconf 76' lang='lat' dir='ltr'><strong>fuisse</strong></span> <span class='ocrx_word' id='word_1_812' title='bbox 2876 4431 3232 4502; x_wconf 84' lang='lat' dir='ltr'><strong>responderis,</strong></span> <span class='ocrx_word' id='word_1_813' title='bbox 3267 4431 3494 4486; x_wconf 89' lang='lat' dir='ltr'><strong>vincaris</strong></span> <span class='ocrx_word' id='word_1_814' title='bbox 3518 4447 3548 4484; x_wconf 88' lang='lat' dir='ltr'><strong>a</strong></span> <span class='ocrx_word' id='word_1_815' title='bbox 3580 4444 3685 4484; x_wconf 86' lang='lat' dir='ltr'><strong>no-</strong></span> 
     </span>
    </p>
   </div>
   <div class='ocr_carea' id='block_1_108' title="bbox 2101 4522 3691 4600">
    <p class='ocr_par' dir='ltr' id='par_1_108' title="bbox 2101 4522 3691 4600">
     <span class='ocr_line' id='line_1_109' title="bbox 2101 4522 3691 4600; baseline -0.006 -16"><span class='ocrx_word' id='word_1_816' title='bbox 2101 4529 2212 4596; x_wconf 89' lang='lat' dir='ltr'><strong>bis,</strong></span> <span class='ocrx_word' id='word_1_817' title='bbox 2251 4528 2503 4600; x_wconf 86' lang='lat' dir='ltr'><strong>quoniam</strong></span> <span class='ocrx_word' id='word_1_818' title='bbox 2535 4541 2642 4581; x_wconf 91' lang='lat' dir='ltr'><strong>non</strong></span> <span class='ocrx_word' id='word_1_819' title='bbox 2669 4531 2963 4580; x_wconf 84' lang='lat' dir='ltr'><strong>mutaretur</strong></span> <span class='ocrx_word' id='word_1_820' title='bbox 2992 4524 3042 4578; x_wconf 92' lang='lat' dir='ltr'><strong>in</strong></span> <span class='ocrx_word' id='word_1_821' title='bbox 3075 4523 3226 4593; x_wconf 74' lang='lat' dir='ltr'><strong>pejus</strong></span> <span class='ocrx_word' id='word_1_822' title='bbox 3259 4522 3360 4576; x_wconf 87' lang='lat' dir='ltr'><strong>nisi</strong></span> <span class='ocrx_word' id='word_1_823' title='bbox 3389 4522 3566 4576; x_wconf 87' lang='lat' dir='ltr'><strong>vitiata</strong></span> <span class='ocrx_word' id='word_1_824' title='bbox 3593 4535 3691 4574; x_wconf 79' lang='lat' dir='ltr'><strong>na-</strong></span> 
     </span>
    </p>
   </div>
   <div class='ocr_carea' id='block_1_109' title="bbox 2103 4610 3690 4690">
    <p class='ocr_par' dir='ltr' id='par_1_109' title="bbox 2103 4610 3690 4690">
     <span class='ocr_line' id='line_1_110' title="bbox 2103 4610 3690 4690; baseline -0.009 -13"><span class='ocrx_word' id='word_1_825' title='bbox 2103 4631 2240 4677; x_wconf 83' lang='lat' dir='ltr'><strong>tura.</strong></span> <span class='ocrx_word' id='word_1_826' title='bbox 2271 4621 2476 4676; x_wconf 78' lang='lat' dir='ltr'><strong>Rursus</strong></span> <span class='ocrx_word' id='word_1_827' title='bbox 2495 4619 2549 4674; x_wconf 89' lang='lat' dir='ltr'><strong>in</strong></span> <span class='ocrx_word' id='word_1_828' title='bbox 2570 4634 2635 4674; x_wconf 92' lang='lat' dir='ltr'><strong>co</strong></span> <span class='ocrx_word' id='word_1_829' title='bbox 2654 4618 2796 4690; x_wconf 89' lang='lat' dir='ltr'><strong>quod</strong></span> <span class='ocrx_word' id='word_1_830' title='bbox 2817 4617 3074 4672; x_wconf 88' lang='lat' dir='ltr'><strong>adversus</strong></span> <span class='ocrx_word' id='word_1_831' title='bbox 3093 4629 3192 4669; x_wconf 92' lang='lat' dir='ltr'><strong>nos</strong></span> <span class='ocrx_word' id='word_1_832' title='bbox 3217 4613 3344 4668; x_wconf 83' lang='lat' dir='ltr'><strong>iacis</strong></span> <span class='ocrx_word' id='word_1_833' title='bbox 3371 4612 3550 4668; x_wconf 85' lang='lat' dir='ltr'><strong>dicere</strong></span> <span class='ocrx_word' id='word_1_834' title='bbox 3579 4610 3690 4664; x_wconf 73' lang='lat' dir='ltr'><strong>Ma-</strong></span> 
     </span>
    </p>
   </div>
   <div class='ocr_carea' id='block_1_110' title="bbox 2101 4700 3686 4782">
    <p class='ocr_par' dir='ltr' id='par_1_110' title="bbox 2101 4700 3686 4782">
     <span class='ocr_line' id='line_1_111' title="bbox 2101 4700 3686 4782; baseline -0.007 -15"><span class='ocrx_word' id='word_1_835' title='bbox 2101 4711 2388 4778; x_wconf 75' lang='lat' dir='ltr'><strong>nichacum,</strong></span> <span class='ocrx_word' id='word_1_836' title='bbox 2417 4709 2536 4780; x_wconf 87' lang='lat' dir='ltr'><strong>quia</strong></span> <span class='ocrx_word' id='word_1_837' title='bbox 2569 4705 2694 4763; x_wconf 90' lang='lat' dir='ltr'><strong>illud</strong></span> <span class='ocrx_word' id='word_1_838' title='bbox 2731 4725 2750 4759; x_wconf 75' lang='grc' dir='ltr'><strong>ι</strong></span> <span class='ocrx_word' id='word_1_839' title='bbox 2773 4721 2972 4763; x_wconf 71' lang='grc' dir='ltr'>οωςιιιιι</span> <span class='ocrx_word' id='word_1_840' title='bbox 3000 4714 3054 4760; x_wconf 89' lang='lat' dir='ltr'><strong>et</strong></span> <span class='ocrx_word' id='word_1_841' title='bbox 3089 4716 3448 4759; x_wconf 77' lang='lat' dir='ltr'><strong>a-rnmnosnm</strong></span> <span class='ocrx_word' id='word_1_842' title='bbox 3487 4700 3686 4782; x_wconf 76' lang='lat' dir='ltr'><strong>animal</strong></span> 
     </span>
    </p>
   </div>
   <div class='ocr_carea' id='block_1_111' title="bbox 2072 4793 3687 4872">
    <p class='ocr_par' dir='ltr' id='par_1_111' title="bbox 2072 4793 3687 4872">
     <span class='ocr_line' id='line_1_112' title="bbox 2072 4793 3687 4872; baseline -0.005 -14"><span class='ocrx_word' id='word_1_843' title='bbox 2072 4865 2077 4870; x_wconf 45' lang='grc'><em>,</em></span> <span class='ocrx_word' id='word_1_844' title='bbox 2101 4804 2261 4858; x_wconf 87' lang='lat' dir='ltr'><strong>etiam</strong></span> <span class='ocrx_word' id='word_1_845' title='bbox 2293 4800 2584 4872; x_wconf 87' lang='lat' dir='ltr'><strong>inquietum</strong></span> <span class='ocrx_word' id='word_1_846' title='bbox 2612 4799 2872 4869; x_wconf 81' lang='lat' dir='ltr'><strong>cupiditas</strong></span> <span class='ocrx_word' id='word_1_847' title='bbox 2901 4797 3077 4850; x_wconf 85' lang='lat' dir='ltr'><strong>inuata</strong></span> <span class='ocrx_word' id='word_1_848' title='bbox 3109 4793 3385 4857; x_wconf 82' lang='lat' dir='ltr'><strong>reddebat,</strong></span> <span class='ocrx_word' id='word_1_849' title='bbox 3415 4807 3574 4862; x_wconf 79' lang='lat' dir='ltr'><strong>quam</strong></span> <span class='ocrx_word' id='word_1_850' title='bbox 3604 4794 3687 4850; x_wconf 81' lang='lat' dir='ltr'><strong>rei</strong></span> 
     </span>
    </p>
   </div>
   <div class='ocr_carea' id='block_1_112' title="bbox 2103 4883 3686 4952">
    <p class='ocr_par' dir='ltr' id='par_1_112' title="bbox 2103 4883 3686 4952">
     <span class='ocr_line' id='line_1_113' title="bbox 2103 4883 3686 4952; baseline -0.008 -2"><span class='ocrx_word' id='word_1_851' title='bbox 2103 4892 2398 4950; x_wconf 70' lang='lat' dir='ltr'><strong>interdicta:</strong></span> <span class='ocrx_word' id='word_1_852' title='bbox 2423 4900 2479 4948; x_wconf 94' lang='lat' dir='ltr'><strong>et</strong></span> <span class='ocrx_word' id='word_1_853' title='bbox 2500 4899 2755 4946; x_wconf 86' lang='lat' dir='ltr'><strong>venustas</strong></span> <span class='ocrx_word' id='word_1_854' title='bbox 2783 4887 3025 4944; x_wconf 85' lang='lat' dir='ltr'><strong>irritabat</strong></span> <span class='ocrx_word' id='word_1_855' title='bbox 3047 4893 3102 4940; x_wconf 91' lang='lat' dir='ltr'><strong>et</strong></span> <span class='ocrx_word' id='word_1_856' title='bbox 3128 4884 3382 4952; x_wconf 85' lang='lat' dir='ltr'><strong>suavitas,</strong></span> <span class='ocrx_word' id='word_1_857' title='bbox 3411 4901 3432 4936; x_wconf 91' lang='grc' dir='ltr'><strong>ι</strong></span> <span class='ocrx_word' id='word_1_858' title='bbox 3467 4885 3564 4950; x_wconf 91' lang='lat' dir='ltr'><strong>tui,</strong></span> <span class='ocrx_word' id='word_1_859' title='bbox 3587 4883 3686 4939; x_wconf 78' lang='lat' dir='ltr'><strong>Ju-</strong></span> 
     </span>
    </p>
   </div>
   <div class='ocr_carea' id='block_1_113' title="bbox 2101 4974 3683 5052">
    <p class='ocr_par' dir='ltr' id='par_1_113' title="bbox 2101 4974 3683 5052">
     <span class='ocr_line' id='line_1_114' title="bbox 2101 4974 3683 5052; baseline -0.008 -12"><span class='ocrx_word' id='word_1_860' title='bbox 2101 4983 2262 5047; x_wconf 88' lang='lat' dir='ltr'><strong>liane,</strong></span> <span class='ocrx_word' id='word_1_861' title='bbox 2291 4981 2573 5052; x_wconf 82' lang='lat' dir='ltr'><strong>dogmatis,</strong></span> <span class='ocrx_word' id='word_1_862' title='bbox 2606 4987 2855 5049; x_wconf 90' lang='lat' dir='ltr'><strong>tanquam</strong></span> <span class='ocrx_word' id='word_1_863' title='bbox 2896 4977 2950 5032; x_wconf 91' lang='lat' dir='ltr'><strong>in</strong></span> <span class='ocrx_word' id='word_1_864' title='bbox 2989 4975 3207 5046; x_wconf 87' lang='lat' dir='ltr'><strong>sc0pulo</strong></span> <span class='ocrx_word' id='word_1_865' title='bbox 3255 4974 3546 5030; x_wconf 88' lang='lat' dir='ltr'><strong>inevitabili</strong></span> <span class='ocrx_word' id='word_1_866' title='bbox 3589 4991 3683 5030; x_wconf 85' lang='lat' dir='ltr'><strong>co-</strong></span> 
     </span>
    </p>
   </div>
   <div class='ocr_carea' id='block_1_114' title="bbox 2099 5065 3684 5145">
    <p class='ocr_par' dir='ltr' id='par_1_114' title="bbox 2099 5065 3684 5145">
     <span class='ocr_line' id='line_1_115' title="bbox 2099 5065 3684 5145; baseline -0.004 -19"><span class='ocrx_word' id='word_1_867' title='bbox 2099 5088 2297 5145; x_wconf 81' lang='lat' dir='ltr'><strong>gnosce</strong></span> <span class='ocrx_word' id='word_1_868' title='bbox 2325 5069 2674 5142; x_wconf 76' lang='lat' dir='ltr'><strong>naufragium.</strong></span> <span class='ocrx_word' id='word_1_869' title='bbox 2718 5067 2829 5126; x_wconf 85' lang='lat' dir='ltr'><strong>Nos</strong></span> <span class='ocrx_word' id='word_1_870' title='bbox 2857 5067 2999 5125; x_wconf 90' lang='lat' dir='ltr'><strong>enim</strong></span> <span class='ocrx_word' id='word_1_871' title='bbox 3037 5066 3266 5123; x_wconf 86' lang='lat' dir='ltr'><strong>dicimus</strong></span> <span class='ocrx_word' id='word_1_872' title='bbox 3304 5065 3356 5120; x_wconf 93' lang='lat' dir='ltr'><strong>in</strong></span> <span class='ocrx_word' id='word_1_873' title='bbox 3401 5065 3490 5122; x_wconf 89' lang='lat' dir='ltr'><strong>illa</strong></span> <span class='ocrx_word' id='word_1_874' title='bbox 3516 5065 3684 5122; x_wconf 89' lang='lat' dir='ltr'><strong>beati-</strong></span> 
     </span>
    </p>
   </div>
   <div class='ocr_carea' id='block_1_115' title="bbox 2103 5159 3696 5231">
    <p class='ocr_par' dir='ltr' id='par_1_115' title="bbox 2103 5159 3696 5231">
     <span class='ocr_line' id='line_1_116' title="bbox 2103 5159 3696 5231; baseline -0.006 -10"><span class='ocrx_word' id='word_1_875' title='bbox 2103 5165 2285 5222; x_wconf 89' lang='lat' dir='ltr'><strong>tudine</strong></span> <span class='ocrx_word' id='word_1_876' title='bbox 2335 5163 2532 5220; x_wconf 90' lang='lat' dir='ltr'><strong>nullam</strong></span> <span class='ocrx_word' id='word_1_877' title='bbox 2587 5161 2751 5219; x_wconf 76' lang='lat' dir='ltr'><strong>fuisse</strong></span> <span class='ocrx_word' id='word_1_878' title='bbox 2797 5159 3176 5231; x_wconf 88' lang='lat' dir='ltr'><strong>cupiditatem,</strong></span> <span class='ocrx_word' id='word_1_879' title='bbox 3239 5173 3363 5230; x_wconf 71' lang='lat' dir='ltr'><strong>qua:</strong></span> <span class='ocrx_word' id='word_1_880' title='bbox 3403 5159 3696 5216; x_wconf 66' lang='lat' dir='ltr'><strong>resisteret</strong></span> 
     </span>
    </p>
   </div>
   <div class='ocr_carea' id='block_1_116' title="bbox 2095 5249 3663 5324">
    <p class='ocr_par' dir='ltr' id='par_1_116' title="bbox 2095 5249 3663 5324">
     <span class='ocr_line' id='line_1_117' title="bbox 2095 5249 3663 5324; baseline -0.004 -13"><span class='ocrx_word' id='word_1_881' title='bbox 2095 5254 2379 5320; x_wconf 65' lang='lat' dir='ltr'><strong>voluntati.</strong></span> <span class='ocrx_word' id='word_1_882' title='bbox 2403 5254 2574 5310; x_wconf 87' lang='lat' dir='ltr'><strong>Porro</strong></span> <span class='ocrx_word' id='word_1_883' title='bbox 2600 5253 2645 5308; x_wconf 90' lang='lat' dir='ltr'><strong>si</strong></span> <span class='ocrx_word' id='word_1_884' title='bbox 2665 5251 2948 5324; x_wconf 87' lang='lat' dir='ltr'><strong>cupiebant</strong></span> <span class='ocrx_word' id='word_1_885' title='bbox 2969 5250 3044 5306; x_wconf 87' lang='lat' dir='ltr'><strong>illi</strong></span> <span class='ocrx_word' id='word_1_886' title='bbox 3073 5249 3338 5318; x_wconf 87' lang='lat' dir='ltr'><strong>homines,</strong></span> <span class='ocrx_word' id='word_1_887' title='bbox 3361 5250 3504 5306; x_wconf 90' lang='lat' dir='ltr'><strong>unde</strong></span> <span class='ocrx_word' id='word_1_888' title='bbox 3526 5251 3663 5306; x_wconf 89' lang='lat' dir='ltr'><strong>abin</strong></span> 
     </span>
    </p>
   </div>
   <div class='ocr_carea' id='block_1_117' title="bbox 2103 5341 3690 5418">
    <p class='ocr_par' dir='ltr' id='par_1_117' title="bbox 2103 5341 3690 5418">
     <span class='ocr_line' id='line_1_118' title="bbox 2103 5341 3690 5418; baseline -0.004 -15"><span class='ocrx_word' id='word_1_889' title='bbox 2103 5363 2230 5403; x_wconf 88' lang='lat' dir='ltr'><strong>nere</strong></span> <span class='ocrx_word' id='word_1_890' title='bbox 2271 5347 2450 5418; x_wconf 88' lang='lat' dir='ltr'><strong>potius</strong></span> <span class='ocrx_word' id='word_1_891' title='bbox 2481 5343 2760 5405; x_wconf 84' lang='lat' dir='ltr'><strong>volebant;</strong></span> <span class='ocrx_word' id='word_1_892' title='bbox 2803 5343 2990 5414; x_wconf 88' lang='lat' dir='ltr'><strong>procul</strong></span> <span class='ocrx_word' id='word_1_893' title='bbox 3013 5341 3178 5398; x_wconf 84' lang='lat' dir='ltr'><strong>dubio</strong></span> <span class='ocrx_word' id='word_1_894' title='bbox 3203 5341 3460 5396; x_wconf 83' lang='lat' dir='ltr'><strong>voluntati</strong></span> <span class='ocrx_word' id='word_1_895' title='bbox 3499 5355 3690 5396; x_wconf 80' lang='lat' dir='ltr'><strong>eumn</strong></span> 
     </span>
    </p>
   </div>
   <div class='ocr_carea' id='block_1_118' title="bbox 2100 5429 3690 5508">
    <p class='ocr_par' dir='ltr' id='par_1_118' title="bbox 2100 5429 3690 5508">
     <span class='ocr_line' id='line_1_119' title="bbox 2100 5429 3690 5508; baseline -0.009 -14"><span class='ocrx_word' id='word_1_896' title='bbox 2100 5437 2360 5508; x_wconf 82' lang='lat' dir='ltr'><strong>cupiditas</strong></span> <span class='ocrx_word' id='word_1_897' title='bbox 2383 5435 2684 5492; x_wconf 89' lang='lat' dir='ltr'><strong>resistebat.</strong></span> <span class='ocrx_word' id='word_1_898' title='bbox 2706 5433 2821 5490; x_wconf 78' lang='lat' dir='ltr'><strong>Hoc</strong></span> <span class='ocrx_word' id='word_1_899' title='bbox 2836 5448 2964 5504; x_wconf 75' lang='lat' dir='ltr'><strong>ergo</strong></span> <span class='ocrx_word' id='word_1_900' title='bbox 2984 5447 3090 5488; x_wconf 88' lang='lat' dir='ltr'><strong>non</strong></span> <span class='ocrx_word' id='word_1_901' title='bbox 3110 5441 3293 5488; x_wconf 88' lang='lat' dir='ltr'><strong>contra</strong></span> <span class='ocrx_word' id='word_1_902' title='bbox 3311 5446 3420 5498; x_wconf 90' lang='lat' dir='ltr'><strong>me,</strong></span> <span class='ocrx_word' id='word_1_903' title='bbox 3441 5429 3536 5486; x_wconf 88' lang='lat' dir='ltr'><strong>sed</strong></span> <span class='ocrx_word' id='word_1_904' title='bbox 3562 5445 3690 5485; x_wconf 82' lang='lat' dir='ltr'><strong>con-</strong></span> 
     </span>
    </p>
   </div>
   <div class='ocr_carea' id='block_1_119' title="bbox 2103 5521 3686 5596">
    <p class='ocr_par' dir='ltr' id='par_1_119' title="bbox 2103 5521 3686 5596">
     <span class='ocr_line' id='line_1_120' title="bbox 2103 5521 3686 5596; baseline -0.005 -12"><span class='ocrx_word' id='word_1_905' title='bbox 2103 5531 2182 5584; x_wconf 87' lang='lat' dir='ltr'><strong>tra</strong></span> <span class='ocrx_word' id='word_1_906' title='bbox 2224 5537 2310 5596; x_wconf 88' lang='lat' dir='ltr'><strong>te,</strong></span> <span class='ocrx_word' id='word_1_907' title='bbox 2349 5525 2698 5584; x_wconf 76' lang='lat' dir='ltr'><strong>Manichteum</strong></span> <span class='ocrx_word' id='word_1_908' title='bbox 2726 5525 2904 5582; x_wconf 89' lang='lat' dir='ltr'><strong>dicere</strong></span> <span class='ocrx_word' id='word_1_909' title='bbox 2944 5539 3042 5596; x_wconf 90' lang='lat' dir='ltr'><strong>per</strong></span> <span class='ocrx_word' id='word_1_910' title='bbox 3078 5533 3166 5581; x_wconf 88' lang='lat' dir='ltr'><strong>tua</strong></span> <span class='ocrx_word' id='word_1_911' title='bbox 3207 5523 3369 5580; x_wconf 86' lang='lat' dir='ltr'><strong>verba</strong></span> <span class='ocrx_word' id='word_1_912' title='bbox 3414 5521 3598 5578; x_wconf 81' lang='lat' dir='ltr'><strong>fecisti.</strong></span> <span class='ocrx_word' id='word_1_913' title='bbox 3629 5521 3686 5576; x_wconf 84' lang='lat' dir='ltr'><strong>Si</strong></span> 
     </span>
    </p>
   </div>
   <div class='ocr_carea' id='block_1_120' title="bbox 2100 5611 3686 5687">
    <p class='ocr_par' dir='ltr' id='par_1_120' title="bbox 2100 5611 3686 5687">
     <span class='ocr_line' id='line_1_121' title="bbox 2100 5611 3686 5687; baseline -0.007 -11"><span class='ocrx_word' id='word_1_914' title='bbox 2100 5619 2242 5676; x_wconf 89' lang='lat' dir='ltr'><strong>cnim</strong></span> <span class='ocrx_word' id='word_1_915' title='bbox 2268 5617 2399 5674; x_wconf 86' lang='lat' dir='ltr'><strong>tales</strong></span> <span class='ocrx_word' id='word_1_916' title='bbox 2423 5625 2575 5674; x_wconf 87' lang='lat' dir='ltr'><strong>erant</strong></span> <span class='ocrx_word' id='word_1_917' title='bbox 2602 5615 2702 5682; x_wconf 87' lang='lat' dir='ltr'><strong>illi,</strong></span> <span class='ocrx_word' id='word_1_918' title='bbox 2729 5624 2787 5672; x_wconf 91' lang='lat' dir='ltr'><strong>ut</strong></span> <span class='ocrx_word' id='word_1_919' title='bbox 2815 5613 2870 5672; x_wconf 92' lang='lat' dir='ltr'><strong>in</strong></span> <span class='ocrx_word' id='word_1_920' title='bbox 2897 5613 2977 5672; x_wconf 88' lang='lat' dir='ltr'><strong>eis</strong></span> <span class='ocrx_word' id='word_1_921' title='bbox 3003 5614 3268 5687; x_wconf 90' lang='lat' dir='ltr'><strong>cupiditas</strong></span> <span class='ocrx_word' id='word_1_922' title='bbox 3293 5611 3566 5672; x_wconf 82' lang='lat' dir='ltr'><strong>resisteret</strong></span> <span class='ocrx_word' id='word_1_923' title='bbox 3588 5623 3686 5665; x_wconf 86' lang='lat' dir='ltr'><strong>vo-</strong></span> 
     </span>
    </p>
   </div>
   <div class='ocr_carea' id='block_1_121' title="bbox 2125 5837 3614 5911">
    <p class='ocr_par' dir='ltr' id='par_1_121' title="bbox 2125 5837 3614 5911">
     <span class='ocr_line' id='line_1_122' title="bbox 2125 5837 3614 5911; baseline -0.011 -14"><span class='ocrx_word' id='word_1_924' title='bbox 2125 5899 2128 5903; x_wconf 67' lang='grc'>,</span> <span class='ocrx_word' id='word_1_925' title='bbox 2167 5837 2188 5874; x_wconf 74' lang='grc'>⁸</span> <span class='ocrx_word' id='word_1_926' title='bbox 2219 5844 2274 5896; x_wconf 76' lang='lat' dir='ltr'><strong>in.</strong></span> <span class='ocrx_word' id='word_1_927' title='bbox 2296 5843 2424 5901; x_wconf 67' lang='lat' dir='ltr'><strong>Mss,</strong></span> <span class='ocrx_word' id='word_1_928' title='bbox 2447 5849 2558 5890; x_wconf 68' lang='lat' dir='ltr'><strong>cum</strong></span> <span class='ocrx_word' id='word_1_929' title='bbox 2595 5837 2838 5893; x_wconf 67' lang='lat' dir='ltr'><strong>tarditate</strong></span> <span class='ocrx_word' id='word_1_930' title='bbox 2859 5839 3180 5911; x_wconf 61' lang='lat' dir='ltr'><strong>ﬂuuium.</strong></span> <span class='ocrx_word' id='word_1_931' title='bbox 3279 5871 3282 5874; x_wconf 57' lang='lat'><strong>.</strong></span> 
     </span>
    </p>
   </div>
  </div>
