4150 6504
499 403 628 460 1531

493 521 716 586 Ιιιηιθιίς
735 518 846 589 jam
876 531 1004 573 caro
1031 509 1446 583 concupiscebat
1468 507 1722 564 adversus
1743 501 2010 574 spiritum,
2037 506 2092 554 et

493 616 717 686 spiritus
745 613 1002 668 adversus
1023 621 1278 671 carnem;
1321 603 1410 658 ubi
1449 596 1940 655 manifestissimum
1967 607 2093 686 car-

495 685 582 762 nis
607 705 922 775 intelligitur
947 701 1153 762 vitium,
1197 705 1416 768 propter
1437 692 1581 765 quod
1613 689 1858 746 ﬁdelibus
1885 685 2096 742 diccbat

495 801 808 872 Apostolus,
837 797 962 850 Hm
990 795 1124 850 enim
1154 793 1364 846 invicem
1391 789 1754 852 adversantur;
1801 793 1858 838 ut
1895 798 1994 838 non
2035 797 2096 836 ea

493 909 610 965 qua:
637 893 787 946 uultis
823 891 1039 962 faciatis.
1072 886 1258 941 Nullus
1285 884 1482 954 quippe
1525 889 1834 935 sanctorum
1871 883 1975 939 est,
2005 873 2094 944 qui

497 1003 606 1040 non
636 985 762 1040 velit
793 985 966 1038 facere
1009 997 1076 1036 ne
1117 995 1244 1035 caro
1281 977 1540 1032 adversus
1566 973 1810 1044 spiritum
1840 965 2096 1036 concupi-

497 1087 646 1143 scat;
679 1076 922 1147 quamvis
949 1076 996 1130 ei
1037 1074 1253 1128 resistat
1292 1086 1360 1126 ne
1402 1064 1891 1137 concupiscentiam
1920 1059 2098 1116 carnis

499 1187 596 1226 sua
613 1169 965 1224 consensione
983 1166 1238 1236 perﬁciat,
1262 1161 1508 1217 eumdem
1527 1157 1825 1228 apostolum
1851 1153 2094 1217 audiens,

501 1262 590 1318 ubi
617 1261 690 1316 ait
713 1279 726 1315 :
761 1260 888 1312 Dico
914 1267 1102 1322 autent,
1133 1256 1334 1326 Spiritu
1367 1250 1640 1312 ambulate,
1665 1257 1712 1302 et
1735 1246 2096 1315 concupiscen-

500 1357 598 1409 tias
625 1355 792 1407 carnis
821 1369 883 1407 ne
921 1350 1230 1423 perfeceritis
1261 1346 1458 1418 (Galat.
1491 1361 1545 1407 ν,
1581 1345 1669 1411 l7,
1701 1341 1812 1413 16).
1843 1339 1958 1395 Non
2002 1337 2096 1404 ait,

501 1445 972 1516 Concupisccntias
1026 1443 1205 1498 carnis
1256 1439 1590 1495 adversarius
1641 1451 1710 1491 ne
1764 1431 2095 1494 habueritis;

501 1540 754 1610 quoniam
783 1536 998 1592 videbat
1037 1534 1322 1604 perfectam
1355 1546 1540 1603 pacem
1581 1529 1758 1585 carnis
1801 1535 1854 1582 et
1881 1525 2102 1596 spiritus

505 1645 614 1684 non
635 1643 794 1699 posse
821 1628 872 1682 in
899 1642 1124 1696 corpore
1169 1625 1356 1679 mortis
1397 1622 1555 1693 hujus
1599 1619 1807 1690 impleri
1837 1635 1851 1672 τ
1883 1611 1977 1672 sed
2003 1617 2098 1684 ait,

503 1721 946 1794 Concupiscentias
971 1722 1137 1774 carnis
1157 1737 1220 1774 ne
1240 1717 1546 1790 pet-feceritis
1558 1732 1578 1781 ;
1605 1715 1692 1770 ubi
1714 1721 1984 1770 certamen
2007 1725 2104 1765 n0-

504 1815 590 1871 bis
621 1816 814 1884 potius,
847 1813 988 1884 quod
1025 1822 1210 1868 contra
1249 1827 1465 1866 carnem
1496 1811 1868 1864 adversantem
1898 1805 2100 1861 debea-

505 1923 629 1962 mus
657 1921 942 1971 exercere,
967 1904 1263 1978 proposuit,
1287 1912 1346 1958 ut
1371 1900 1830 1972 concupiscentias
1851 1898 1966 1967 ejus
1995 1911 2102 1953 non

505 1997 850 2067 perficiamus
886 1995 1291 2062 consentiendo,
1332 1993 1426 2049 sed
1469 1990 1768 2048 resistendo
1805 1990 2102 2044 vincamus.

507 2090 618 2146 Pax
653 2105 802 2154 vero,
847 2089 934 2144 ubi
977 2103 1082 2144 non
1125 2103 1216 2143 eas
1259 2086 1604 2142 adversantes
1639 2091 2105 2154 repugnantesque

509 2182 792 2252 patiamur,
827 2181 926 2236 iuit
951 2181 1002 2236 in
1031 2195 1256 2250 corpore
1283 2179 1404 2233 vita:
1428 2177 1590 2244 illius,
1619 2191 1778 2248 quam
1805 2185 1992 2230 natura
2019 2173 2102 2228 vi-

507 2273 635 2326 tiata
673 2273 828 2343 primi
859 2271 1090 2326 hominis
1121 2269 1558 2341 praevaricatione
1589 2265 1936 2338 perdidimus.
1971 2263 2108 2320 Nam

507 2363 554 2416 si
594 2377 692 2417 nec
737 2364 808 2417 ibi
843 2361 940 2416 l'uit
975 2371 1100 2417 ante
1125 2371 1401 2432 peccatum
1433 2375 1533 2431 pax
1562 2358 1740 2414 carnis
1767 2366 1823 2413 et.
1865 2357 2104 2428 spiritus,

511 2453 810 2523 falsumque
833 2463 918 2508 est
943 2453 1088 2523 quod
1117 2453 1189 2506 ait
1218 2451 1556 2514 Ambrosius,
1579 2449 1860 2519 utriusque
1877 2447 1880 2450 ’
1897 2447 2106 2502 discor-

509 2547 654 2602 diam
685 2561 779 2616 per
805 2545 1294 2616 prmvaricationem
1323 2543 1480 2614 primi
1510 2541 1743 2597 hominis
1782 2541 1836 2595 ln
1866 2547 2108 2594 nostram

515 2637 746 2692 vertisse
769 2645 1012 2690 naturam
1039 2634 1176 2708 (Lib.
1201 2635 1234 2689 Ἰ
1267 2635 1321 2689 in
1364 2633 1492 2688 Luc.
1526 2647 1620 2699 xu,
1651 2631 1740 2704 55)
1775 2649 1790 2688 :
1820 2647 1944 2687 vera
1983 2631 2108 2698 erit,

511 2729 654 2801 quod
702 2730 861 2796 absit,
910 2730 1005 2784 ista
1049 2727 1336 2792 sententia,
1375 2741 1538 2798 quam
1573 2734 1760 2782 contra
1803 2739 1903 2780 nos
1944 2724 2110 2779 Mani-

511 2821 724 2876 chzcum
765 2821 934 2878 iecisti
987 2821 1317 2892 loquentem,
1363 2820 1622 2888 miserum,
1665 2818 1871 2874 scilicet
1915 2817 2111 2873 animal

515 2913 746 2982 primum
793 2912 1062 2968 hominem
1103 2911 1404 2978 conditum,
1441 2925 1600 2982 quem
1643 2910 1896 2982 cupiditas
1931 2910 2111 2964 innata

511 3003 754 3062 reddebat
783 3005 1088 3075 ﬁtquietum,
1140 3019 1294 3075 quam
1333 3001 1676 3073 cupiditatem
1716 3001 1788 3056 rei
1831 3001 2113 3056 interdicta:

509 3107 562 3154 et
589 3107 821 3152 venustas
843 3096 1074 3152 irritabat
1097 3107 1144 3152 et
1162 3095 1404 3152 suavitas.
1423 3095 1530 3152 Nos
1545 3105 1723 3151 autem
1745 3093 1974 3150 dicimus
2001 3101 2109 3150 tam

511 3191 726 3246 beatum
757 3191 922 3246 fuisse
947 3191 1095 3246 illum
1125 3187 1400 3245 hominem
1427 3197 1550 3243 ante
1571 3195 1869 3258 peccatum,
1895 3194 2110 3258 tamque

511 3282 696 3342 libera:
719 3283 1029 3349 voluntatis,
1076 3290 1132 3336 ut
1175 3281 1268 3336 Dei
1315 3289 1638 3351 praeceptum
1671 3279 1882 3351 magnis
1909 3277 2112 3334 viribus

511 3375 711 3430 mentis
735 3375 1052 3440 obs.~rvans,
1073 3374 1420 3429 resistentem
1449 3372 1552 3428 sibi
1577 3385 1798 3426 carnem
1822 3369 1970 3425 nullo
1993 3384 2114 3426 cer-

513 3467 713 3520 tamine
740 3476 1032 3536 paterelnr,
1065 3480 1164 3521 nec
1185 3463 1388 3535 aliquid
1417 3463 1638 3519 omnino
1666 3478 1732 3518 ex
1759 3461 1938 3533 aliqua
1961 3461 2114 3532 cupi-

511 3557 678 3613 ditate
699 3558 942 3624 sentiret,
961 3557 1102 3629 quod
1131 3556 1331 3622 nollet;
1365 3556 1799 3626 voluntatemque
1827 3554 1944 3626 ejus
1965 3555 2113 3626 prius

511 3647 678 3704 fuisse
725 3649 960 3704 vitiatam
1001 3663 1279 3705 venenosa
1303 3647 1668 3719 persuasione
1718 3645 2008 3717 serpentis,
2055 3657 2114 3702 ut

511 3743 746 3798 oriretur
764 3742 1028 3812 cupiditas
1054 3757 1174 3813 qure
1199 3749 1519 3811 sequeretur
1553 3739 1729 3810 potius
1757 3739 2108 3806 voluntatem,

513 3847 672 3902 quam
703 3833 973 3888 resisteret
1005 3833 1294 3896 voluntati;
1325 3841 1737 3902 perpetratoque
1763 3839 1984 3900 peccato
1998 3829 2112 3900 jam

515 3939 674 3994 ptent)
721 3923 1002 3978 inﬁrmata:
1033 3923 1208 3980 menti
1256 3922 1416 3978 etiam
1460 3923 1638 3977 carnis
1681 3922 2112 3992 concupiscentia

513 4023 856 4092 repugnaret.
891 4015 969 4068 Ac
997 4029 1091 4083 per
1115 4013 1238 4076 hoc,
1269 4013 1368 4066 nisi
1401 4012 1549 4083 prius
1569 4011 1736 4067 homo
1765 4011 1964 4068 faceret
1988 4027 2113 4084 pec-

515 4105 690 4162 cando
713 4104 854 4175 quod
881 4105 1062 4172 vellet,
1085 4121 1198 4160 non
1223 4113 1493 4175 pateretur
1517 4105 1944 4175 concupiscendo
1969 4107 2112 4178 quod

517 4197 700 4256 nollet.
729 4199 865 4253 Ecce
882 4215 978 4254 nos
999 4197 1448 4268 quemadmodum
1463 4199 1722 4254 vincimus
1737 4197 2110 4268 Manichzeum,

515 4291 857 4352 introducere
901 4299 1184 4348 conantem
1239 4300 1443 4346 natura:
1493 4291 1723 4346 hominis
1778 4293 2110 4348 conditorem

515 4383 716 4436 malum
753 4401 767 4438 :
798 4392 851 4437 tu
881 4393 1081 4450 autem,
1127 4384 1216 4453 qui
1257 4383 1587 4439 ecrtantibus
1630 4383 1782 4440 nobis
1809 4383 1985 4439 locum
2017 4384 2112 4441 tibi

515 4476 833 4542 spectatoris
859 4489 956 4544 pro
984 4482 1075 4532 tuo
1100 4473 1320 4530 arbitrio
1347 4473 1586 4545 delegisti
1603 4515 1620 4541 ,
1663 4474 1748 4529 his
1777 4475 1907 4546 ipsis
1937 4475 2113 4532 verbis

509 4566 642 4630 suis,
683 4579 809 4638 qua:
837 4573 1035 4624 contra
1079 4581 1176 4620 nos
1218 4564 1510 4620 Manichmo
1557 4565 1734 4622 danda
1772 4566 2110 4636 existimasti,

509 4673 640 4730 qua,
685 4673 886 4730 quaeso,
928 4667 1066 4727 arte,
1107 4659 1301 4730 quibus
1344 4658 1546 4714 viribus
1577 4659 1828 4716 resistere
1865 4657 2110 4728 audebis,

513 4751 698 4820 homo,
727 4752 816 4823 qui
845 4751 983 4807 dicis
1020 4753 1198 4808 carnis
1221 4752 1731 4824 concupiscentiam,
1769 4753 1944 4826 qualis
1969 4767 2113 4810 nunc

511 4855 615 4911 est,
647 4861 804 4915 quam
843 4844 1087 4901 videmus
1122 4855 1306 4900 contra
1353 4846 1599 4916 spiritum
1641 4845 1920 4913 dimicare,
1951 4847 2112 4904 talem

513 4937 679 4994 fuisse
715 4940 876 4994 etiam
917 4939 972 4994 in
1015 4939 1264 5009 paradiso
1291 4949 1415 4994 ante
1445 4939 1758 5009 peccatum?
1789 4941 2112 5010 Deponimus

511 5047 644 5100 ergo
669 5041 741 5096 te,
773 5031 904 5087 velis
929 5031 1084 5096 nolis,
1112 5032 1180 5087 de
1209 5031 1404 5086 theatri
1433 5031 1691 5087 sedilibus
1721 5031 1773 5086 in
1797 5047 2036 5096 arenam,
2058 5041 2114 5088 et

511 5121 582 5176 de
609 5131 910 5190 spectatore
951 5124 1173 5177 facimus
1213 5123 1547 5178 luctatorem.
1593 5123 1900 5192 Aggredere
1931 5133 2112 5179 certa-

513 5227 658 5278 men,
699 5221 754 5266 et
779 5213 1178 5280 adversarium,
1221 5213 1265 5267 si
1303 5223 1476 5284 potes,
1520 5212 1674 5268 vince
1727 5228 2108 5269 communem:

515 5305 768 5373 quoniam
799 5315 851 5358 tu
883 5320 1096 5375 quoque
1124 5305 1292 5360 Deum
1327 5315 1624 5360 creatorem
1651 5305 1812 5360 etiam
1857 5305 2034 5361 carnis
2060 5317 2110 5364 te

515 5399 694 5454 colere
738 5399 1028 5469 proﬁteris.
1067 5399 1232 5456 Vince
1277 5399 1436 5468 igitur
1465 5399 1760 5466 inimicum,
1789 5399 2112 5469 persuadere

511 5500 822 5557 conantem,
873 5491 1070 5544 malum
1121 5489 1290 5545 Deum
1334 5506 1452 5546 esse
1478 5491 1565 5562 qui
1596 5491 1830 5548 condidit
1869 5509 2108 5564 carnem,

515 5581 668 5654 cujus
700 5582 1134 5653 concupiscentia
1175 5581 1411 5638 nondum
1455 5584 1743 5655 depravato
1788 5587 2108 5656 prmvarica-

511 5675 660 5734 tione
701 5675 910 5747 spiritui
945 5673 1057 5744 jam
1105 5673 1405 5742 resistebat,
1454 5684 1508 5731 et
1537 5675 1790 5733 miserum
1837 5677 2109 5734 hominem

513 5781 614 5824 Sua
634 5765 1029 5823 conﬂictatione
1049 5765 1296 5822 faciebat.
1327 5767 1408 5820 An
1439 5765 1678 5822 dicturus
1698 5783 1779 5836 es,
1803 5769 2030 5826 Prorsus
2053 5779 2112 5826 et

515 5860 1004 5938 concupiscentiam
1035 5859 1196 5920 talem
1233 5857 1484 5930 habebat,
1515 5867 1580 5938 et
1603 5869 1782 5919 tamen
1813 5859 1976 5920 miser
1999 5879 2108 5921 non

1171 391 1419 452 OI’EBIS
1456 383 1864 448 IMPERFECTI
1903 379 2106 438 CONTI

2219 375 2582 448 ιυιωωι,
2623 379 2680 436 S.
2729 380 3102 439 AUGUSTINI

3657 387 3802 444 [532

2197 497 2348 551 erat?
2371 497 2601 554 lloccine
2621 506 2704 554 est
2723 499 3084 555 adversarium
3101 515 3377 571 superare,
3401 515 3466 556 an
3497 503 3672 572 potius
3695 503 3798 560 hoc

2197 599 2281 646 est
2305 590 2558 660 adjuvare
2582 591 2954 662 Manichaaum,
2987 603 3042 649 ct
3065 603 3251 650 contra
3278 597 3592 666 Apostolum
3621 599 3800 655 rebel-

2201 684 2356 741 lare?
2384 686 2531 740 Itane
2556 687 2752 742 oblitus
2777 704 2836 744 es
2860 688 2981 759 quis
3006 687 3221 754 dixerit,
3261 689 3416 746 Video
3444 691 3596 746 aliam
3635 693 3794 765 legem

2201 775 2253 832 in
2292 777 2526 832 membris
2563 778 2716 844 meis,
2767 790 3132 850 repugnantem
3176 780 3276 852 legi
3321 783 3501 837 mentis
3542 799 3698 848 ntere;
3741 795 3792 840 et

2205 876 2324 938 post
2352 866 2654 937 hnjusmodi
2679 869 2840 924 verba
2869 870 3178 940 subjccerit,
3211 871 3369 927 Miser
3396 889 3487 944 ego
3517 875 3666 928 homo
3687 875 3714 928 .’
3737 875 3796 931 Si

2203 975 2330 1028 ergo
2356 959 2546 1028 Adam,
2579 977 2698 1016 cum
2725 973 2989 1034 pra-cepto
3009 965 3168 1019 vellet
3195 965 3564 1036 obtemperare
3587 967 3794 1035 divino,

2201 1051 2491 1122 cupiditate
2533 1053 2841 1109 irritabatur
2878 1055 3054 1110 cibum
3095 1056 3418 1114 manducare
3443 1059 3795 1129 prohibitum,

2202 1143 2362 1214 eique
2383 1145 2558 1199 carnis
2579 1147 3029 1216 concupiscentia,
3063 1148 3274 1218 qualem
3303 1150 3449 1204 illum
3480 1159 3534 1205 et
3561 1159 3684 1206 tunc
3716 1151 3800 1205 di-

2203 1235 2280 1289 cis
2305 1234 2578 1302 habuisse,
2611 1247 2796 1294 contra
2823 1239 3217 1310 concupiscenti
3259 1241 3464 1311 spiritui
3495 1243 3794 1308 resistebat,

2205 1341 2382 1382 nonne
2407 1329 2682 1383 verissime
2712 1330 2936 1397 diceret,
2969 1331 3012 1386 si
3045 1331 3204 1387 vellet
3243 1331 3441 1394 dicere,
3471 1333 3794 1390 Condelcctor

2205 1417 2302 1488 legi
2345 1416 2442 1472 Dei
2484 1420 2760 1474 secundum
2803 1423 3095 1496 interiorem
3134 1423 3416 1490 hominem;
3443 1425 3585 1480 uideo
3630 1436 3798 1480 autem

2203 1511 2360 1565 aliam
2405 1511 2560 1583 legem
2599 1513 2651 1567 in
2691 1514 2924 1570 membris
2951 1515 3072 1570 meis
3110 1528 3474 1588 repugnantem
3499 1519 3598 1590 legi
3623 1521 3802 1576 mentis

2205 1605 2367 1659 metu?
2391 1605 2673 1672 Quomodo
2700 1622 2832 1678 ergo
2859 1623 2964 1663 non
2995 1619 3114 1664 erat
3139 1610 3303 1665 miser
3329 1610 3510 1678 homo,
3543 1627 3660 1666 cum
3683 1623 3802 1684 post

2205 1695 2366 1752 verba
2389 1697 2513 1752 talia
2540 1698 2682 1754 dicat
2712 1701 3020 1771 Apostolus,
3041 1701 3200 1757 Miser
3224 1721 3315 1775 ego
3331 1705 3480 1759 homo
3510 1705 3684 1779 (liam.
3701 1723 3800 1772 vn,

2205 1787 2436 1860 22-24)?
2463 1801 2751 1860 postremo,
2777 1794 3046 1863 quomodo
3072 1795 3234 1851 miser
3255 1811 3362 1852 non
3392 1807 3526 1862 erat,
3554 1809 3608 1854 et
3633 1797 3802 1854 habe-

2209 1880 2302 1937 bat
2345 1883 2566 1938 liberam
2608 1887 2958 1955 voluntatem,
3003 1887 3047 1942 si
3087 1887 3497 1957 concnpisccnte
3542 1889 3808 1948 adversus

2209 1975 2454 2046 spiritum
2485 1992 2667 2044 carne,
2699 1986 2834 2034 teste
2865 1978 2980 2050 ipso
3009 1979 3282 2050 Apostolo,
3311 1997 3416 2036 non
3445 1979 3669 2036 faciebat
3697 1983 3802 2038 uti-

2209 2061 2314 2140 que
2332 2068 2476 2140 quod
2495 2069 2732 2128 volebat?
2747 2071 3005 2140 Quoniam
3027 2087 3155 2143 ergo
3171 2072 3214 2127 si
3235 2071 3452 2138 dixeris,
3470 2073 3644 2145 qualis
3663 2089 3806 2129 nunc

2209 2171 2313 2224 est,
2345 2161 2503 2217 talem
2534 2161 2695 2218 fuisse
2723 2165 3210 2234 concupiscentiam
3238 2165 3416 2222 carnis
3453 2176 3578 2222 ante
3619 2182 3808 2240 pecca—

2213 2263 2343 2322 tum,
2375 2255 2553 2311 vincet
2582 2265 2636 2312 te
2663 2257 2852 2326 procul
2881 2257 3044 2312 dubio
3083 2258 3407 2316 Maniehzens
3443 2278 3454 2314 :
3491 2261 3542 2314 in
3585 2271 3806 2322 senten-

2211 2345 2338 2402 tiam
2365 2363 2540 2402 meam
2569 2350 2756 2416 transi,
2789 2357 2842 2404 et
2865 2349 3210 2406 Ambrosium
3234 2350 3527 2418 dicentem,
3553 2367 3647 2424 per
3667 2368 3810 2424 prte-

2213 2437 2596 2493 varicationem
2625 2438 2857 2495 hominis
2885 2441 3068 2511 primi,
3101 2439 3156 2496 in
3181 2450 3426 2498 naturam
3453 2445 3676 2498 vertisse
3701 2443 3812 2499 dis-

2211 2533 2452 2589 cordiam
2496 2533 2676 2590 carnis
2724 2543 2778 2590 et
2812 2536 3064 2608 spiritus,
3113 2537 3272 2592 ambo
3317 2540 3714 2609 approbemus,
3751 2553 3811 2597 ut

2213 2623 2566 2680 Hanichmum
2596 2626 2756 2682 ambo
2778 2627 3070 2684 vincamus.
3094 2627 3196 2697 Qui
3227 2629 3403 2686 verbis
3435 2632 3554 2698 tuis,
3589 2649 3707 2703 qua:
3737 2633 3814 2692 illi

2213 2719 2558 2790 composuisti
2593 2721 2745 2790 quasi
2790 2721 3098 2790 recitaturo,
3127 2723 3346 2794 etquod
3373 2725 3426 2780 in
3459 2725 3658 2782 scholis
3689 2727 3814 2782 rhe-

2216 2818 2389 2864 torum
2419 2811 2606 2882 agitari
2636 2811 2796 2880 solet,
2829 2813 3002 2868 aliena
3029 2813 3267 2880 dicturo,
3311 2829 3418 2870 non
3462 2817 3636 2872 solum
3671 2833 3812 2872 cru-

2215 2919 2467 2972 mnosum,
2517 2921 2704 2960 verum
2763 2907 2923 2962 etiam
2973 2923 3164 2962 ciccum
3217 2917 3456 2972 creatum
3507 2925 3628 2966 esse
3679 2910 3814 2968 dixit

2213 2995 2386 3054 Adam
2419 3013 2432 3050 :
2461 2996 2603 3052 unde
2625 3012 2848 3065 ciccum,
2871 2998 2974 3054 nisi
2991 2997 3112 3069 quia
3135 3015 3244 3054 non
3263 3013 3479 3056 noverat
3505 3011 3810 3072 peccatum;

2214 3089 2355 3162 quod
2387 3089 2588 3146 dictum
2615 3099 2697 3146 est
2727 3091 2778 3144 in
2823 3091 3072 3147 laudibus
3099 3091 3298 3148 Christi
3329 3092 3408 3164 (ll
3443 3091 3562 3148 Cor.
3601 3109 3654 3162 v,
3682 3093 3815 3166 2|)?

2215 3183 2578 3255 Quamcumque
2604 3185 2745 3239 enim
2773 3183 2912 3240 mala
2947 3200 3052 3240 non
3083 3201 3179 3256 per
3207 3185 3544 3255 sapientiam,
3569 3185 3665 3242 sed
3695 3204 3814 3258 qua:

2216 3291 2312 3348 per
2335 3276 2720 3348 experientiam
2749 3277 3044 3346 discuntur,
3077 3277 3304 3336 feliciter
3343 3280 3673 3338 nesciuntnr.
3705 3279 3818 3342 Sed

2219 3367 2321 3422 hoc
2343 3377 2528 3423 contra
2555 3365 2903 3423 Manichaeum
2934 3368 3001 3425 de
3041 3369 3342 3440 ignorantia
3387 3371 3542 3441 primi
3579 3370 3816 3428 hominis

2219 3457 2679 3526 caltuuniantem,
2747 3467 2801 3514 tu
2849 3473 3063 3531 quoque
3114 3475 3326 3516 mecum
3369 3460 3590 3516 forsitan
3637 3461 3814 3522 dicis:

2217 3550 2342 3620 quid
2369 3565 2497 3606 vero
2526 3551 2574 3608 ei
2603 3551 2932 3622 respondeas
2951 3552 3017 3608 de
3053 3563 3226 3608 morte
3251 3555 3494 3626 corporis
3521 3553 3662 3609 etde
3687 3570 3818 3610 con-

2217 3645 2542 3716 cupiscentia
2568 3647 2766 3714 carnis,
2793 3645 3082 3702 secundum
3105 3661 3167 3703 ea
3189 3663 3306 3718 qua:
3331 3663 3474 3704 nunc
3495 3648 3588 3703 tibi
3615 3665 3712 3704 nos
3731 3665 3818 3706 re-

2218 3737 2557 3808 Spondimns,
2589 3755 2788 3810 qua-re.
2825 3739 2917 3794 llis
2943 3739 3086 3796 enim
3121 3739 3332 3798 duabus
3362 3740 3817 3798 manifestissimis

2217 3831 2378 3887 rebus
2423 3841 2663 3904 apparet,
2705 3833 2863 3887 aliam
2910 3833 3072 3888 fuisse
3114 3833 3474 3890 conditionem
3523 3835 3816 3903 primorum

2220 3923 2517 3994 hominum,
2548 3926 2634 3996 qui
2663 3926 2730 3980 de
2768 3927 2910 3981 nulla
2941 3935 3218 3997 parentum
3260 3927 3427 4002 stirpe
3468 3937 3592 3981 sunt
3619 3927 3816 3998 geniti;

2217 4019 2376 4074 aliam
2416 4035 2544 4074 vero
2578 4035 2796 4084 eorum,
2828 4021 2916 4090 qui
2955 4020 3024 4074 ita
3063 4029 3314 4075 creantur
3343 4035 3372 4074 a
3407 4021 3534 4084 Deo,
3569 4029 3624 4074 ut
3653 4020 3820 4074 etiam

2218 4111 2286 4166 ab
2312 4111 2616 4166 hominibus
2637 4121 2992 4182 procreentur
3017 4129 3028 4165 :
3055 4111 3122 4166 ab
3143 4111 3232 4166 illo
3251 4111 3394 4168 enim
3423 4111 3636 4166 modum
3663 4111 3824 4166 insti-

2219 4206 2440 4260 tutionis
2477 4219 2588 4259 sum
2615 4204 2902 4275 accipiunt,
2931 4204 2998 4260 ab
3033 4204 3148 4258 istis
3183 4205 3432 4258 meritum
3471 4203 3693 4274 originis
3719 4203 3824 4258 du-

2219 4305 2366 4364 cunt,
2395 4295 2875 4352 conformationem
2899 4311 3051 4351 suam
3073 4296 3330 4350 debentes
3353 4296 3582 4366 opiﬁcio,
3613 4296 3824 4367 obliga-

2221 4389 2419 4444 tionem
2463 4387 2695 4458 judicio,
2759 4389 3128 4443 liberationem
3177 4387 3435 4444 beneﬁcio
3491 4387 3818 4444 Conditoris.

2219 4479 2456 4547 Quorum
2487 4479 2623 4536 mala
2651 4494 2772 4534 cum
2800 4479 2991 4554 quibus
3019 4488 3334 4545 nascuntur,
3359 4479 3624 4535 intuentes
3653 4479 3824 4534 Mani-

2219 4571 2376 4636 chtei,
2421 4569 2659 4628 hominis
2693 4571 2948 4640 .Opilicem
2993 4572 3189 4626 malum
3237 4581 3502 4626 conantur
3541 4571 3818 4636 inducere,

2218 4662 2370 4734 Cujus
2393 4661 2474 4736 (ut
2497 4661 2564 4718 de
2588 4662 2765 4717 anima
2795 4671 3020 4730 taceam,
3048 4679 3166 4733 qua:
3187 4662 3366 4718 carnis
3391 4672 3474 4718 est
3493 4663 3620 4734 vita)
3649 4663 3822 4722 Deum

2218 4770 2340 4811 esse
2361 4753 2608 4824 opiﬁcem
2639 4768 2816 4820 suum,
2849 4769 2879 4810 a
2907 4769 3013 4826 quo
3039 4762 3163 4809 sunt
3191 4755 3368 4809 omnia
3393 4754 3534 4808 bona
3562 4755 3676 4810 sive
3701 4769 3820 4812 cce-

2220 4845 2374 4902 lestia
2402 4846 2514 4902 sive
2556 4853 2783 4912 terrena,
2823 4845 3002 4900 carnis
3045 4846 3210 4915 ipsius
3249 4859 3510 4916 compago
3556 4853 3820 4912 testatur;

2219 4937 2361 5010 quod
2401 4937 2506 4994 tale
2541 4931 2738 4992 bonum
2777 4944 2881 5003 est,
2913 4945 2972 4990 ut
3007 4935 3075 4992 de
3121 4937 3408 4992 concordia
3453 4938 3819 4992 membrorum

2220 5031 2336 5102 ejus
2366 5031 2550 5088 beatus
2575 5031 2861 5101 Apostolus
2887 5029 3288 5088 similitudinem
3313 5039 3574 5096 sumeret,
3605 5029 3670 5084 ad
3701 5031 3818 5084 Iau-

2219 5123 2339 5179 dem
2374 5123 2692 5194 prtecipuam
2722 5122 3015 5189 cbaritatis,
3031 5123 3182 5192 cujus
3199 5123 3336 5180 inter
3363 5139 3424 5179 se
3451 5122 3672 5192 paciﬁco
3693 5123 3813 5178 vin-

2219 5215 2341 5272 culo
2378 5215 2502 5270 boni
2547 5215 2733 5270 ﬁdeles
2761 5225 3012 5286 tanquam
3037 5214 3234 5271 Christi
3265 5215 3504 5272 membra
3533 5225 3818 5272 nectuntur

2221 5307 2263 5380 (1
2285 5307 2401 5364 Cor.
2432 5323 2527 5374 xu,
2557 5306 2667 5379 η).
2697 5307 2772 5362 Ita
2801 5307 2858 5364 ﬁt
2881 5315 2944 5364 ut
2969 5318 3024 5363 et
3053 5308 3172 5364 illos
3203 5309 3400 5380 primos
3431 5309 3548 5364 sine
3582 5307 3710 5362 vitio
3741 5307 3818 5360 ia-

2219 5411 2355 5466 ctos;
2381 5410 2436 5455 et
2458 5409 2700 5468 posteros
2723 5414 2908 5454 eorum
2931 5415 3054 5455 cum
3077 5400 3320 5470 originali
3341 5399 3472 5455 vitio
3497 5409 3670 5464 natos,
3691 5413 3820 5468 pro-

2215 5499 2338 5562 pter
2361 5489 2818 5546 evidentissimum
2845 5499 3048 5546 natura:
3068 5490 3267 5548 bonum
3289 5505 3476 5548 creare
3499 5503 3606 5545 non
3631 5499 3818 5562 potue-

2219 5584 2288 5639 rit
2316 5583 2416 5637 nisi
2447 5583 2620 5638 bonus
2643 5582 2908 5636 conditor.

2291 5673 2408 5730 XV.
2447 5673 2567 5729 Jun.
2597 5673 2704 5729 Sed
2731 5689 2800 5728 ne
2827 5673 2986 5729 nimis
3012 5673 3236 5745 primam
3271 5681 3477 5745 partem
3506 5672 3819 5730 certaminis

2219 5783 2504 5841 urgeamus
2531 5809 2545 5834 ,
2597 5768 2862 5838 patiamur
2911 5783 3166 5838 processu
3211 5767 3481 5838 opinionis
3523 5776 3578 5826 te
3619 5767 3814 5822 bonam

2220 5862 2350 5922 Adae
2393 5862 2622 5934 probare
2665 5871 2932 5918 naturam.
2978 5861 3122 5920 Dicis
3163 5860 3446 5935 proiecto:
3480 5861 3618 5918 Deus
3639 5859 3826 5948 justus.
