4124 6526
333 401 484 473 ‘1533

344 531 512 600 legent
541 523 842 582 devotionis
869 525 1069 581 bomini
1098 540 1204 581 non
1232 533 1494 597 poneret,
1524 523 1567 580 si
1595 539 1718 580 eum
1749 532 1930 580 nosset

345 623 448 691 pati
476 617 728 690 peccandi
755 619 1164 688 necessitatem;
1195 618 1318 690 quia
1347 618 1391 673 si
1411 617 1668 688 justitiam
1691 617 1932 672 volunta-

345 715 416 770 tis
445 713 684 782 exigeret
720 710 788 766 ab
829 725 897 766 eo
937 726 1094 782 quem
1129 710 1284 767 mala:
1322 718 1526 766 natura:
1559 723 1680 766 esse
1713 718 1929 772 nosset,

344 817 447 857 non
488 801 636 857 illum
675 816 796 857 cum
831 801 1279 874 prazvarieabatur
1301 843 1317 870 ,
1344 816 1492 858 reum
1523 801 1808 872 arguebat,
1835 800 1930 857 sed

343 908 402 950 se
444 893 718 950 inimicum
760 907 882 949 esse
917 891 1138 964 justitite
1178 891 1501 964 publicabat.
1539 891 1722 947 Posuit
1752 899 1933 946 autem

346 985 486 1043 Deus
510 985 688 1056 justus
711 984 882 1055 legem
911 983 1148 1051 homini,
1169 999 1327 1054 quem
1355 982 1590 1038 ulturum
1614 997 1708 1050 se,
1733 981 1777 1037 si
1805 980 1936 1038 fuis-

347 1089 427 1133 set
465 1077 879 1148 prmvaricatus,
921 1075 1225 1147 spopondit.
1270 1074 1493 1130 Constat
1532 1087 1664 1146 ergo
1686 1088 1808 1130 eum
1840 1071 1938 1128 bo-

345 1186 472 1226 num
512 1178 698 1226 natura
722 1211 738 1235 ,
773 1184 880 1224 non
911 1168 1146 1242 potuisse
1167 1167 1324 1224 aliter
1345 1209 1361 1236 ,
1395 1167 1495 1222 nisi
1524 1167 1636 1223 sola
1665 1166 1937 1222 voluntate

346 1279 588 1335 peccare.
634 1263 796 1319 Vides
835 1276 1062 1332 nempe,
1100 1277 1260 1332 quam
1299 1261 1534 1332 lcgitima
1571 1259 1642 1315 sit
1675 1273 1706 1314 a
1734 1266 1937 1315 metuo

347 1357 566 1412 nomine
606 1354 810 1426 prolata
849 1352 1166 1410 conclusio?
1191 1353 1310 1424 Ipse
1337 1360 1421 1408 est
1445 1349 1662 1408 omnino
1687 1349 1934 1422 gladius,

347 1450 439 1520 qui
487 1449 543 1504 in
587 1463 748 1502 manu
791 1445 1182 1503 Catholicorum
1239 1458 1569 1512 coruscans,
1618 1441 1939 1500 Manicbznos

345 1541 390 1596 Τ
395 1539 815 1610 raducianosque
836 1537 1134 1610 populatur.
1165 1537 1269 1595 Sed
1295 1538 1447 1593 nimis
1464 1545 1683 1609 propter
1701 1545 1938 1592 vestrum

349 1650 548 1690 nom'n
595 1631 888 1696 admiscui,
930 1647 1156 1702 quorum
1192 1630 1310 1686 vice
1337 1629 1816 1700 imprmsentiarum
1845 1643 1940 1684 vo-

347 1727 550 1782 lueram
579 1738 892 1795 responsum
920 1723 1106 1780 videri.
1137 1719 1420 1778 Concussit
1443 1736 1572 1794 ergo
1591 1719 1940 1778 Manicliazum

346 1815 518 1872 solida
561 1815 862 1885 responsio.
898 1815 1187 1885 Augustam
1219 1814 1478 1869 rationem
1502 1813 1676 1884 dignis
1698 1811 1941 1868 laudibus

351 1921 650 1978 prosequor
680 1923 694 1960 :
726 1921 911 1960 verum
941 1905 1062 1961 oleo
1090 1903 1406 1961 laudationis
1433 1903 1593 1974 hujus
1613 1903 1721 1973 ,Iin
1746 1910 1800 1959 te
1821 1903 1941 1960 acui

347 1999 580 2070 gladium
613 2007 888 2054 contuere.
923 1995 1124 2068 Repete
1150 1997 1345 2068 igitur,
1371 2011 1556 2066 quaeso
1575 2035 1593 2062 ,
1621 1995 1764 2068 quod
1788 1994 1941 2053 ὤπυ-

348 2106 460 2146 ras.
482 2090 627 2146 Deus
643 2089 822 2161 justus
839 2130 856 2157 ,
885 2087 1064 2160 inquis
1081 2130 1096 2153 ,
1125 2087 1295 2158 legem
1322 2101 1429 2143 non
1453 2095 1680 2158 poneret
1698 2084 1940 2154 homini,

351 2183 398 2244 si
421 2191 564 2238 esset
593 2181 766 2236 malus
791 2188 1018 2246 natura;
1047 2181 1222 2250 posuit
1247 2187 1424 2236 autem
1453 2179 1623 2250 legem
1651 2178 1740 2250 qui
1763 2177 1944 2250 justus

344 2283 430 2332 est
459 2293 473 2330 :
503 2282 724 2346 apparet
748 2287 888 2328 nunc
913 2272 1150 2344 potuisse
1175 2285 1411 2338 servare,
1441 2269 1582 2342 quod
1601 2270 1944 2342 :cquissimus

344 2368 634 2440 imperavit
659 2385 675 2435 ;
720 2367 970 2439 quoniam
1002 2367 1102 2421 nisi
1131 2365 1416 2422 obcdiendi
1442 2365 1691 2420 virtutem
1721 2362 1942 2419 habuis-

347 2473 466 2530 set,
513 2477 780 2533 nunquam
819 2467 1089 2516 constaret
1125 2457 1456 2530 prmeipienti
1495 2456 1632 2513 ratio
1656 2456 1940 2528 jnssionis.

347 2555 394 2614 0
433 2555 821 2626 lepidissimum
863 2553 1194 2625 capitulum!
1235 2551 1320 2608 Me
1359 2565 1577 2619 coram,
1608 2565 1697 2606 me
1723 2557 1944 2620 specta-

349 2659 500 2714 tore,
548 2647 837 2704 bonitatem
877 2656 1114 2712 natnrze,
1146 2645 1232 2702 cui
1258 2645 1342 2701 lex
1370 2644 1622 2716 ponitur,
1652 2639 1943 2713 dejustitia

353 2746 524 2815 legem
549 2741 938 2815 promulgantis
961 2739 1190 2796 afﬁrmat
1213 2755 1229 2804 ;
1255 2753 1356 2794 nec
1379 2736 1520 2792 videt
1539 2751 1630 2799 se,
1655 2743 1943 2805 antequam

351 2833 722 2891 minusculum
753 2831 1071 2886 Manicbmus
1100 2829 1328 2895 sentiat,
1355 2827 1412 2883 in
1438 2825 1804 2882 Tradncianos
1825 2823 1940 2880 esi-

351 2931 484 2986 tium
511 2925 795 2999 pertulisse
825 2923 866 2976 ¹.
896 2921 964 2978 Ut
991 2921 1132 2977 enim
1159 2919 1424 2990 intelligas
1449 2915 1707 2974 semineci
1735 2930 1821 2970 me
1849 2913 1945 2970 tibi

353 3035 544 3092 rapere
581 3031 729 3073 arma
756 3020 977 3071 cruenta
1003 3053 1020 3080 ,
1049 3011 1430 3080 victricemque
1457 3007 1636 3064 [erant
1663 3005 1944 3062 morientia

354 3113 555 3169 lumina
581 3110 862 3167 veritatem
893 3103 1135 3178 (Virgil.,
1165 3101 1381 3160 Eneid.
1411 3100 1501 3156 lib.
1535 3099 1621 3165 10,
1655 3115 1785 3154 vers.
1813 3096 1940 3166 £62,

348 3206 518 3278 465),
558 3205 613 3261 in
653 3214 741 3259 tua
785 3208 950 3258 temet
988 3199 1094 3256 tela
1132 3197 1474 3268 compellam.
1514 3194 1577 3252 Si
1599 3193 1776 3266 justus
1805 3192 1946 3248 Deus

349 3301 485 3358 Adzn
519 3300 690 3370 legem
718 3296 848 3352 dare
873 3310 978 3351 non
1008 3291 1212 3365 potuit,
1237 3289 1345 3346 nisi
1368 3304 1491 3345 eum
1517 3287 1680 3343 sciret
1702 3285 1818 3341 sine
1842 3283 1945 3338 ali-

349 3407 461 3464 quo
486 3389 614 3446 mali
631 3395 818 3444 coactu
839 3386 1064 3443 liberum
1091 3397 1252 3455 posse
1275 3380 1558 3436 observare
1582 3377 1723 3449 quod
1740 3376 1946 3448 justum

352 3492 477 3548 θείς
509 3481 624 3537 sine
647 3479 810 3536 dubio
829 3486 884 3534 et
907 3478 962 3532 in
985 3474 1314 3546 temporibus
1331 3472 1536 3529 secutis
1560 3471 1748 3526 eadem
1773 3465 1948 3540 gravi-

354 3583 463 3628 tate
483 3572 703 3645 justitia:
733 3570 818 3626 lex
848 3568 1009 3626 etiam
1037 3565 1228 3622 litteris
1250 3563 1438 3620 tradita
1463 3605 1479 3629 ,
1505 3561 1948 3631 multiplicatione

349 3663 624 3730 dili'usior,
667 3659 1010 3716 distinctione
1047 3654 1342 3736 signatior,
1369 3661 1424 3708 et
1451 3661 1603 3708 aucta
1631 3650 1832 3706 ultione
1856 3665 1944 3704 rc-

347 3755 623 3812 verentior
646 3795 662 3821 ,
701 3751 827 3808 data
870 3749 1176 3805 hominibus
1205 3761 1313 3803 non
1340 3745 1558 3812 luisset,
1587 3743 1632 3799 si
1663 3750 1756 3798 aut
1780 3741 1948 3798 imbe-

345 3849 464 3906 cilli
505 3847 573 3903 ad
613 3844 912 3902 iaciendum
948 3843 1146 3899 bonum
1175 3841 1294 3896 sine
1313 3838 1665 3911 possibilitate
1685 3835 1945 3908 justitian,

348 3949 448 3998 aut
481 3938 593 4004 rei,
630 3936 682 3992 id
710 3945 794 3992 est
817 3933 978 4001 mali,
1006 3933 1073 3989 ab
1099 3939 1252 3988 utero
1278 3938 1628 3986 nascerentur
1653 3947 1667 3984 :
1695 3927 1948 4000 quoniam

349 4041 416 4089 ut
437 4033 568 4087 istos
593 4032 646 4084 in
675 4027 820 4084 omni
852 4023 1290 4098 praevaricatione
1312 4021 1650 4078 necessitatis
1670 4027 1950 4078 excusaret

349 4125 608 4182 obtentus
635 4139 650 4189 ;
681 4121 752 4176 ita
781 4117 1154 4175 immoderatio
1179 4123 1566 4188 prmceptorum
1590 4155 1608 4180 ,
1637 4113 1950 4186 impotentia

345 4217 714 4283 sanctionum,
742 4212 991 4284 iniquitas
1007 4210 1354 4282 judiciorum,
1383 4208 1436 4263 in
1461 4208 1723 4264 maculam
1753 4205 1950 4263 rediret

347 4308 614 4368 auctoris.
654 4305 820 4380 igitur
858 4314 912 4360 et
947 4303 1064 4358 lucc
1089 4315 1213 4374 pars
1235 4300 1469 4358 secunda
1493 4300 1685 4356 eodem
1711 4314 1910 4372 genere
1929 4337 1948 4366 ,

347 4417 466 4475 quo
488 4400 634 4470 prior
653 4439 668 4466 ,
690 4395 922 4454 cluditur
944 4397 1002 4462 ’ς
1029 4395 1081 4450 id
1106 4403 1220 4462 est,
1249 4401 1310 4449 ut
1333 4392 1661 4458 conﬁtearis,
1685 4399 1776 4446 aut
1789 4388 1949 4462 justi—

347 4495 486 4558 tiam
517 4491 608 4548 Dei
639 4505 745 4546 non
773 4489 1010 4560 potuisse
1036 4487 1336 4558 imperare,
1369 4485 1470 4542 nisi
1497 4485 1638 4556 quod
1665 4499 1698 4540 a
1721 4484 1951 4540 subditis

351 4585 476 4652 ﬁeri
503 4597 666 4657 posse
699 4578 1095 4652 perpenderet;
1119 4586 1174 4633 et
1201 4577 1505 4632 testimonio
1531 4576 1687 4647 primi
1715 4575 1949 4631 mandati

348 4675 716 4741 Manicbaaus,
762 4670 1066 4729 testimonio
1103 4678 1281 4724 autem
1308 4668 1486 4740 legum
1526 4676 1709 4739 postea
1735 4675 1950 4724 secuta-

349 4788 478 4829 rum
523 4767 844 4826 Manichams
879 4762 1352 4831 Traducianusque
1375 4759 1708 4817 consumitur
1739 4776 1754 4812 :
1785 4767 1876 4814 aut
1903 4759 1949 4815 si

350 4866 464 4920 hoc
489 4860 742 4930 relinquit
767 4857 1013 4928 impietas
1035 4870 1052 4920 ;
1079 4868 1148 4908 ne
1169 4852 1358 4909 leviter
1375 4850 1592 4924 quidem
1608 4865 1638 4904 a
1655 4849 1808 4906 vobis
1831 4850 1951 4921 pul-

348 4964 508 5012 satus
554 4949 880 5008 Manicbaeus
901 4989 919 5016 ,
945 4953 1184 5003 vestrum
1209 4959 1270 4999 se
1295 4958 1416 4999 esse
1443 4951 1646 5015 patrem
1669 4950 1951 5008 ,vestrnm

351 5047 654 5120 principem
674 5084 692 5110 ,
725 5054 955 5112 cumque
992 5037 1148 5095 vobis
1179 5036 1464 5093 adversum
1485 5049 1588 5092 nos
1613 5033 1826 5091 unicum
1847 5033 1950 5092 sibi

355 5156 482 5202 esse
502 5147 774 5195 certamen
797 5175 816 5202 ,
835 5131 1039 5190 mundo
1063 5137 1200 5188 teste
1217 5128 1538 5186 monstrabit
1554 5127 1598 5182 ³.

433 5231 568 5286 Anc.
598 5226 714 5283 Hoc
741 5235 826 5282 est
846 5237 1070 5294 nempe,
1091 5219 1234 5292 quod
1255 5233 1362 5275 non
1388 5217 1602 5290 eloquio
1617 5259 1636 5287 ,
1657 5213 1752 5272 sed
1775 5214 1956 5272 multi-

353 5321 544 5393 inquio
586 5325 898 5391 prosecutus
939 5329 1033 5382 es,
1073 5313 1246 5384 legem
1287 5309 1493 5368 scilicet
1533 5309 1796 5382 priorem,
1835 5322 1954 5380 qua:

353 5414 487 5468 data
509 5421 592 5468 est
614 5411 666 5466 in
692 5407 938 5480 paradiso
962 5447 979 5474 ,
1003 5403 1369 5461 testimonium
1397 5417 1518 5460 esse
1543 5410 1746 5458 natura:
1773 5400 1951 5464 boum,

355 5519 486 5575 qua:
510 5501 722 5558 condita
747 5508 832 5556 est
859 5512 980 5554 cum
1009 5496 1180 5554 libero
1207 5494 1430 5550 arbitrio
1457 5491 1730 5565 :alioquin
1743 5487 1956 5548 homini

433 5702 450 5734 ⁸
483 5702 560 5752 ste
575 5695 922 5760 κεεελιμθᾱὶιι.
943 5693 1214 5760 protulisse.
1359 5759 1364 5760 γ
1437 5753 1453 5760 _
1621 5751 1633 5760 _

433 5763 456 5796 ί
486 5761 625 5822 Editi,
653 5758 883 5810 eluditur.
905 5751 982 5822 '5;
1014 5763 1122 5808 Mss.
1167 5764 1279 5822 Har,
1321 5759 1374 5822 et
1405 5753 1550 5814 clar.,
1586 5751 1814 5822 cluditur.

436 5825 458 5858 ³
487 5815 625 5884 editi,
647 5833 850 5885 eumque
869 5817 1083 5885 nobis...
1119 5816 1302 5871 mundo
1329 5821 1446 5869 teste
1472 5815 1832 5875 mirabitur,
1871 5822 1956 5865 Ca-

358 5882 694 5955 stigantures
719 5882 1066 5946 utanttscriplis.

1729 407 1929 467 LIBER
1969 409 2260 470 SEXTUS.

2040 525 2262 584 liberum
2297 528 2576 590 arbitrium
2601 549 2708 590 non
2737 534 2954 596 babenti
2979 538 3329 610 iniustissime
3351 544 3438 602 lex
3461 545 3618 602 dare-

2037 625 2140 674 tur.
2181 619 2331 678 Unde
2357 631 2411 678 et
2437 625 2732 694 posterior,
2761 628 2976 699 inquis,
3001 630 3091 690 les
3115 648 3232 702 qua:
3251 637 3620 706 copiosissime

2036 709 2094 766 in
2139 711 2331 770 litteris
2368 716 2697 789 promulgata
2732 729 2848 792 est,
2893 723 3254 781 testimonium
3293 738 3376 783 est
3415 739 3620 790 nm

2036 801 2192 858 bona:
2209 845 2226 873 ,
2267 821 2390 878 qua:
2422 817 2641 867 creatur
2657 826 2726 869 ex
2756 814 3063 883 patentibus
3081 856 3098 884 ,
3126 817 3366 873 similiter
3394 820 3516 875 sine
3537 821 3620 874 νὶ-

2041 896 2148 966 ιὶο,
2191 913 2313 954 cum
2358 901 2526 958 libero
2558 903 2799 964 arbitrio.
2843 905 2950 964 ista
2985 907 3262 980 disputans
3302 911 3499 967 videris
3527 913 3626 968 tibi

2037 992 2237 1064 aliquid
2262 995 2446 1052 dicere
2460 1038 2478 1064 ,
2499 999 2628 1070 quia
2657 999 2740 1057 rei
2767 1008 2886 1058 has
2907 1002 2991 1058 vel
3007 1001 3268 1058 lim-anas
3291 1006 3512 1059 sectaris
3529 1019 3623 1060 ar-

2033 1085 2212 1156 gutias
2237 1105 2256 1142 :
2283 1087 2466 1146 divina
2489 1106 2619 1147 veno
2632 1092 2844 1164 eloquia
2858 1133 2880 1160 ,
2905 1108 2975 1148 ex
2997 1093 3194 1165 quibus
3217 1104 3272 1150 te
3292 1096 3447 1151 nobis
3468 1106 3624 1166 putas

2037 1181 2389 1250 perscribere
2407 1222 2426 1248 ,
2459 1197 2565 1239 non
2593 1199 2750 1240 curas
2776 1187 2998 1257 legens;
3023 1197 3122 1243 aut
3148 1187 3193 1242 si
3219 1202 3376 1243 curas
3404 1189 3582 1260 legero
3606 1231 3623 1255 ,

2035 1285 2150 1328 non
2187 1271 2296 1338 vis,
2325 1273 2406 1328 vel
2431 1289 2540 1332 non
2563 1285 2718 1346 potes
2743 1277 3040 1350 iateli’gere
3071 1297 3086 1334 :
3113 1279 3207 1334 sed
3232 1280 3276 1335 si
3307 1279 3444 1336 forte
3471 1280 3628 1337 inter-

2037 1361 2236 1424 lexcris
2273 1365 2668 1437 disptusntibus
2705 1370 2897 1437 nobis,
2941 1371 3048 1428 loti
3087 1385 3213 1428 esse
3256 1372 3376 1428 talis
3411 1373 3627 1444 qualem

2036 1453 2317 1528 Scriptura
2361 1459 2587 1516 denotat
2636 1460 2862 1529 diem,
2919 1461 3094 1518 Vestis
3139 1478 3244 1518 non
3285 1463 3633 1520 mandabitur

2039 1565 2213 1608 mus
2241 1551 2444 1622 durus;
2469 1554 2513 1609 si
2535 1555 2668 1610 enim
2685 1564 2741 1610 et
2759 1555 3084 1623 intellexerit,
3109 1573 3212 1612 ιιοιι
3234 1558 3426 1612 obediet
3445 1549 3630 1632 (Prov.

2043 1657 2173 1698 xm
2194 1681 2212 1709 ,
2257 1645 2376 1714 iii).
2409 1644 2724 1718 Quanquam
2765 1655 2821 1704 et
2851 1663 2950 1704 eor
2974 1647 3272 1720 lapideum,
3311 1665 3417 1720 quo
3439 1648 3633 1706 divinis

2043 1735 2223 1792 verbis
2253 1737 2418 1794 etiam
2463 1739 2744 1796 intelle¢tis
2767 1755 2872 1795 non
2892 1739 3143 1796 obeditur
3168 1757 3182 1804 ;
3218 1741 3383 1810 possit
3413 1741 3506 1796 tibi
3531 1755 3631 1796 au-

2038 1825 2188 1886 ferre
2206 1869 2222 1896 ,
2258 1829 2309 1886 si
2343 1830 2474 1886 velit
2493 1873 2512 1900 ,
2538 1832 2628 1903 qui
2654 1831 2755 1888 hoc
2779 1833 2980 1904 popqu
3003 1834 3140 1892 duo
3157 1875 3172 1900 ,
3195 1833 3478 1890 Ezechiele
3503 1849 3632 1889 san-

2040 1929 2134 1976 eto
2155 1921 2528 1992 [tropi-stante,
2554 1925 2799 1994 promisit
2822 1925 3033 1997 (Eucti.
3060 1941 3114 1981 ιι
3134 1968 3150 1993 ,
3179 1925 3245 1982 i9
3267 1941 3283 1993 ;
3309 1942 3489 1992 xxxvi,
3512 1925 3630 1999 96).

2040 2007 2104 2066 lu
2141 2012 2395 2084 pannis»
2423 2013 2569 2069 enim
2595 2013 2764 2086 legem
2791 2015 2994 2085 accepit
3020 2015 3213 2080 homo,
3242 2015 3330 2085 qui
3358 2013 3528 2070 fades
3551 2025 3636 2071 est

2040 2109 2260 2168 rectm,
2289 2111 2354 2160 ut
2383 2103 2664 2160 rationalis
2687 2113 2953 2161 creatura:
2975 2105 3057 2162 vel
3083 2107 3194 2161 sola
3215 2147 3232 2174 ,
3259 2106 3342 2162 vel
3364 2107 3633 2178 [raecipna

2045 2194 2216 2254 vim
2243 2210 2372 2253 esse
2411 2196 2715 2254 obedientia
2753 2197 3058 2255 doceretur.
3099 2199 3204 2256 Sed
3239 2199 3478 2270 ejusdem
3503 2199 3634 2271 legis

2043 2287 2486 2358 pravariatione
2507 2329 2524 2356 ,
2561 2304 2592 2346 a
2628 2305 2690 2347 se
2713 2290 2834 2361 ipso
2867 2290 3038 2346 {actus
3061 2299 3152 2346 ea
3175 2307 3388 2363 pravus.
3413 2291 3484 2348 Et
3503 2305 3638 2362 quo-

2039 2377 2192 2436 niam
2229 2379 2403 2436 vitiari
2442 2395 2539 2451 per
2573 2395 2634 2438 se
2657 2381 2832 2452 ipsum
2859 2384 3068 2454 potuit,
3091 2397 3202 2438 noti
3233 2383 3409 2439 sinuati
3431 2400 3446 2449 ;
3467 2383 3635 2438 etiam

2046 2478 2231 2542 postea
2257 2485 2325 2528 eo
2355 2479 2595 2543 tempore
2613 2483 2668 2529 et
2695 2489 2761 2530 eo
2786 2475 2906 2530 loco
2923 2515 2940 2542 ,
2968 2474 3320 2547 qudoesse
3338 2473 3636 2532 iaciendum

2045 2573 2102 2622 et
2139 2563 2232 2620 ubi
2263 2581 2390 2624 esse
2413 2564 2714 2623 faciendun
2745 2568 2839 2624 Dei
2863 2568 3122 2640 sapientia
3143 2569 3399 2640 iudicavit
3416 2610 3432 2636 ,
3461 2568 3636 2640 legem

2046 2658 2209 2715 etiam
2245 2674 2443 2730 pravus
2480 2661 2724 2732 accepit,
2751 2678 2856 2717 non
2879 2677 2982 2732 per
2997 2678 3164 2732 quam
3185 2663 3382 2735 corrigi
3412 2669 3636 2734 posset;

2045 2751 2142 2810 sed
2181 2769 2278 2826 per
2311 2767 2470 2826 quam
2509 2769 2570 2811 se
2595 2769 2815 2826 pravum
2844 2770 3002 2822 esse,
3029 2756 3343 2826 etrieclege
3367 2763 3582 2826 accepta
3606 2767 3640 2810 a

2047 2857 2109 2900 se
2127 2843 2247 2914 ipso
2265 2844 2459 2915 corrigi
2489 2859 2645 2914 posse
2667 2845 2924 2911 sentiret;
2945 2859 3012 2901 ac
3038 2846 3118 2902 sic
3139 2845 3371 2915 peccatis
3391 2861 3497 2901 non
3517 2847 3635 2918 lege

2047 2935 2416 3003 cessantibus,
2443 2934 2540 2992 sed
2565 2935 3003 3006 praevaricatione
3021 2937 3408 3004 crescentibus,
3433 2937 3636 3008 dejeeta

2048 3032 2104 3081 et
2121 3025 2350 3081 contrita
2371 3025 2618 3096 superbia
2631 3067 2650 3094 ,
2675 3025 2975 3082 humillimo
2993 3026 3157 3082 corde
3175 3027 3430 3082 auxilium
3451 3029 3636 3098 gratia)

2047 3117 2415 3187 desideraret,
2461 3127 2517 3176 et
2557 3119 2746 3190 spiritu
2784 3118 3144 3176 viviticaretur
3189 3120 3361 3175 littera
3401 3119 3634 3176 occisus.

2050 3209 2114 3266 Si
2135 3208 2271 3264 enim
2297 3208 2420 3264 dato
2445 3217 2574 3265 esset
2597 3209 2682 3266 (ea:
2703 3225 2819 3281 qua
2843 3219 3008 3283 posset
3035 3209 3287 3278 viuiﬁcare
3303 3251 3320 3278 ,
3351 3211 3556 3265 omnino
3573 3227 3640 3271 ea;

2049 3301 2159 3373 lege
2196 3309 2324 3356 esset
2353 3300 2557 3373 justitia
2583 3315 2606 3356 :
2627 3301 2722 3356 sed
2753 3301 3000 3356 conclusit
3043 3300 3312 3372 Scriptura
3343 3299 3514 3354 omnia
3545 3301 3642 3356 sub

2051 3399 2254 3465 peccato
2271 3433 2286 3456 ,
2328 3401 2384 3446 ut
2420 3392 2686 3464 promissio
2709 3409 2775 3448 α
2809 3391 2912 3462 [ide
2927 3389 3057 3446 Iesu
3081 3391 3265 3448 Christi
3292 3393 3504 3447 daretur
3525 3408 3642 3446 ore.

2051 3485 2280 3564 dentibus
2305 3485 2500 3556 (Colat.
2532 3501 2588 3542 ut
2607 3527 2628 3550 ,
2657 3485 2721 3542 2i
2746 3527 2763 3552 ,
2786 3487 2906 3558 η).
2936 3485 2994 3542 Si
3022 3485 3182 3542 verba
3205 3484 3448 3555 Apostoli
3475 3501 3642 3556 agnoq

2051 3577 2160 3634 scis
2181 3619 2197 3637 .
2239 3577 2388 3632 vides
2420 3576 2661 3648 proiecto
2677 3577 2761 3633 vel
2783 3577 2910 3648 quid
2938 3593 3043 3632 non
3071 3577 3334 3647 intelligas
3353 3619 3369 3644 ,
3401 3577 3483 3632 vel
3509 3577 3641 3647 quid

2051 3683 2173 3724 cum
2193 3667 2457 3738 intelligas
2476 3667 2730 3738 negligas.
2760 3668 2876 3724 Non
2902 3669 3060 3738 igitur
3084 3668 3168 3722 lex
3195 3709 3208 3732 ,
3231 3684 3351 3740 qua:
3372 3669 3422 3723 in
3447 3668 3642 3724 litteris

2053 3777 2148 3831 per
2174 3759 2392 3830 Moysen
2411 3759 2534 3818 data
2551 3769 2671 3827 est,
2697 3760 3058 3816 testimnnium
3080 3769 3163 3816 est
3185 3759 3365 3816 libera:
3391 3761 3639 3816 voluntas

2055 3852 2124 3908 tis
2159 3869 2176 3908 :
2216 3867 2339 3907 nam
2373 3853 2419 3907 si
2451 3851 2520 3906 ita
2547 3860 2724 3916 esset,
2757 3867 2863 3908 non
2883 3851 2950 3906 ad
2971 3867 3088 3906 eam
3117 3853 3404 3923 pertineret
3436 3853 3524 3908 ille
3549 3853 3640 3924 qui

2052 3943 2210 4008 dicit,
2251 3943 2371 3998 Non
2407 3943 2542 4014 quod
2569 3942 2710 4010 uolo,
2736 3944 2874 4015 facio
2896 3943 3083 3998 bonum
3103 3959 3124 4010 ;
3147 3945 3234 3998 sed
3258 3944 3393 4016 quod
3417 3945 3500 4000 odi
3525 3961 3640 3999 nta-

2055 4034 2195 4102 lum,
2245 4035 2340 4090 hoc
2378 4051 2476 4107 ago
2517 4033 2694 4109 (Rom.
2725 4051 2794 4090 vn
2817 4077 2834 4102 ,
2865 4036 2953 4109 i5)
2978 4053 2993 4102 ;
3023 4053 3180 4108 quem
3211 4053 3307 4092 vos
3329 4048 3476 4093 certe
3503 4053 3640 4092 non-

2053 4125 2180 4180 dum
2211 4125 2312 4181 sub
2337 4126 2504 4196 gratia
2527 4166 2542 4192 ,
2573 4125 2668 4182 sed
2697 4125 2872 4182 adhuc
2897 4128 2998 4182 sub
3019 4128 3136 4198 lege
3151 4143 3274 4184 esse
3289 4129 3638 4186 contenditis.

2055 4221 2162 4275 Nec
2190 4220 2304 4291 ipsa
2327 4218 2414 4274 lex
2440 4235 2574 4274 nera
2595 4262 2610 4286 ,
2635 4235 2754 4290 quae
2778 4221 3064 4290 pradicet:
3088 4223 3104 4254 ¹
3141 4230 3223 4276 est
3254 4237 3318 4278 ex
3357 4221 3486 4278 Sion
3522 4237 3644 4294 pro-

2054 4310 2262 4378 ditura,
2301 4320 2350 4364 et
2377 4310 2597 4366 verbum
2631 4311 2839 4367 Domini
2859 4327 2925 4369 ex
2948 4312 3246 4368 Jerusalem
3274 4312 3424 4384 (Isai.
3451 4329 3524 4381 ιι,
3545 4313 3602 4384 3)
3625 4355 3646 4385 ι

2054 4403 2197 4475 quod
2217 4405 2536 4476 intelligitur
2555 4419 2674 4460 esse
2703 4405 3048 4474 Evangelium
3069 4414 3350 4472 sanauit;
3382 4421 3483 4462 nec
3503 4406 3647 4477 ipsa,

2056 4497 2268 4568 inquam
2287 4538 2308 4564 ,
2350 4497 2709 4556 testimonium
2741 4508 2828 4554 est
2857 4497 3074 4564 liberte,
3101 4498 3195 4554 sed
3221 4499 3514 4554 Hierandm
3545 4513 3646 4568 ρος

2057 4589 2161 4645 tius
2197 4590 2502 4645 voluntatis.
2542 4589 2620 4646 lbi
2658 4589 2806 4646 enim
2839 4591 3097 4660 saiptum
3127 4599 3210 4646 est
3236 4609 3251 4646 :
3277 4590 3342 4646 Si
3364 4606 3452 4646 vos
3480 4591 3650 4644 Filius

2055 4682 2372 4746 tiberauerit,
2405 4692 2524 4736 tunc
2550 4681 2826 4737 ηειδελϋαὶ
2841 4683 2986 4740 eritis
3003 4681 3189 4751 :(lm.
3213 4697 3326 4746 vni,
3356 4681 3466 4746 56).
3491 4682 3648 4748 Quod

2055 4789 2162 4830 non
2209 4774 2382 4829 solum
2417 4780 2640 4843 propter
2673 4782 2894 4842 peccata
2932 4771 3212 4842 mterita
3245 4771 3449 4830 dictant
3479 4786 3602 4829 esse
3624 4815 3650 4842 ι

2053 4882 2281 4938 quorum
2319 4865 2637 4922 remissione
2671 4864 2994 4930 liberamur,
3028 4879 3212 4922 rerum
3229 4848 3400 4920 etiam
3429 4877 3648 4938 promer

2057 4959 2374 5029 adjutoriom
2395 4957 2586 5029 gratiae
2605 4999 2620 5023 ,
2645 4955 2792 5028 quod
2821 4972 2890 5013 ne
2923 4971 3208 5028 peccemus
3235 4957 3526 5028 accipin.
3545 5001 3560 5024 ,
3582 4957 3650 5017 id

2057 5060 2140 5106 est
2158 5091 2176 5118 ,
2201 5049 2273 5105 ita
2295 5049 2452 5107 liberi
2481 5047 2778 5114 omnium“
2807 5047 2919 5105 Dee
2946 5057 3125 5104 nos":
3139 5047 3336 5104 itinera
3360 5048 3649 5121 dirigam,

2062 5152 2118 5198 ut
2147 5157 2253 5198 non
2279 5141 2436 5198 nobis
2453 5140 2760 5198 thiasisth
2777 5139 2962 5196 omnis
2989 5139 3241 5210 iniquitas
3261 5139 3437 5212 (Psal.
3455 5156 3646 5210 mus,

2062 5233 2188 5305 155)
2219 5251 2234 5287 :
2263 5232 2531 5289 dominica
2571 5240 2802 5289 testatur
2841 5231 3034 5300 omnia,
3063 5231 3152 5288 ubi
3183 5249 3288 5288 non
3313 5233 3486 5289 εκ
3510 5233 3649 5290 ω.

2062 5340 2200 5390 mns,
2246 5324 2456 5379 Diutius
2489 5322 2630 5380 maliis
2655 5323 2824 5378 debita
2866 5332 3060 5388 neum,
3083 5331 3311 5395 μυριω-
3347 5325 3486 5381 mala
3515 5341 3648 5397 qua

2063 5419 2323 5485 iecimus;
2361 5432 2548 5476 verum
2583 5415 2767 5481 etiam,
2795 5414 2878 5471 Ne
2902 5432 2994 5472 nos
3011 5417 3210 5490 infulas
3237 5418 3289 5472 in
3328 5419 3651 5475 (atatim

2067 5510 2280 5583 (Matth.
2307 5527 2384 5578 vi,
2417 5508 2508 5576 12,
2547 5506 2660 5582 i3).
2683 5517 2910 5586 propter
2926 5508 3040 5566 bac
3073 5510 3358 5581 ntiquom
3391 5510 3532 5566 mla
3553 5508 3645 5564 ia

2063 5602 2268 5656 ciamus
2299 5619 2314 5655 :
2343 5599 2483 5655 unde
2535 5609 2589 5656 et
2615 5601 2904 5671 Apostolus
2946 5601 3095 5666 dicit,
3131 5601 3350 5656 Oramus
3375 5610 3543 5655 autem
3579 5599 3650 5656 ad

2067 5695 2250 5762 Deum,
2287 5710 2352 5750 ne
2379 5693 2505 5766 quid
2538 5693 2742 5764 faciatis
2765 5694 2988 5768 τιπαιὲμι
3010 5694 3142 5752 Cor.
3161 5709 3290 5763 nn,
3307 5689 3578 5767 7).ﬁood
3601 5693 3652 5758 si

2137 5873 2150 5902 ι
2190 5879 2332 5928 tctus
2355 5870 2505 5922 wdox
2533 5878 2675 5935 ἴοι-1.,
2704 5869 2958 5936 praedicta.
