4150 6526
475 445 616 503 1535

473 560 544 611 ita
574 567 719 614 esset
761 554 818 610 in
849 561 1134 626 potestate,
1163 551 1432 624 quomodo
1461 551 1559 606 fuit
1597 561 1720 606 ante
1751 559 2024 622 peccatum
2045 590 2062 616 ,

473 648 780 718 priusquam
817 654 960 702 esset
991 653 1176 699 natura
1219 643 1448 698 humana
1481 642 1700 704 vitiata;
1739 655 1844 695 non
1883 639 2068 710 utique

469 747 782 809 μιεοθωιυι·
822 735 1046 802 orando,
1083 735 1176 790 sed
1202 734 1406 806 agendo
1435 736 1611 805 potius
1649 741 1938 789 teneretur.
1972 732 2069 787 γε-

469 843 592 884 rum
620 829 876 899 quoniam
904 835 1026 897 post
1051 825 1329 896 pristinam
1357 827 1565 880 ruinam
1597 834 1702 879 tam
1734 838 1973 895 gravem,
2011 831 2068 876 ut

465 920 524 974 in
553 918 710 989 hujus
735 917 1076 974 mortalitatis
1103 917 1372 972 miseriam
1399 915 1733 980 caderemus,
1753 915 1898 984 prius
1930 915 2068 967 Deus

466 1022 678 1066 certare
699 1027 798 1066 nos
815 1010 1012 1076 voluit,
1039 1009 1248 1065 donans
1269 1010 1424 1066 nobis
1451 1017 1510 1064 ut
1535 1009 1654 1079 ejus
1673 1007 1926 1079 agantur?
1949 1006 2068 1077 Spi-

471 1104 576 1158 ritu
595 1144 612 1168 ,
644 1110 702 1159 ct.
735 1101 1120 1157 mortificemus
1145 1117 1308 1172 Opera
1335 1102 1544 1166 carnis,
1578 1109 1737 1171 atque
1763 1101 1878 1170 ipso
1905 1097 2067 1154 dante

468 1192 748 1249 victoriam
779 1207 873 1264 per
895 1193 1174 1248 Dominum
1201 1201 1441 1248 nostrum
1466 1191 1646 1248 Jesum
1671 1190 1939 1246 Christum
1963 1231 1980 1257 ,
2015 1189 2067 1244 in

470 1293 672 1340 acterna
702 1299 825 1340 cum
855 1284 950 1340 illo
973 1294 1156 1356 postea
1187 1298 1318 1354 pace
1345 1299 1668 1355 regnemus;
1695 1280 1936 1352 profecto
1965 1281 2066 1335 nisi

471 1375 618 1432 Deus
655 1375 826 1442 adsit,
861 1390 1022 1432 nemo
1055 1385 1139 1433 est
1167 1376 1390 1432 idoneus
1424 1384 1632 1432 certare
1650 1389 1771 1430 cum
1793 1374 1972 1428 vitiis:
1998 1387 2066 1428 ne

469 1468 592 1524 sine
609 1468 907 1525 certamine
929 1469 1270 1540 pertrahatur
1287 1468 1356 1524 ab
1375 1468 1454 1523 eis
1467 1509 1482 1534 ,
1513 1476 1606 1522 aut
1631 1483 1698 1523 ne
1717 1467 1828 1538 jam
1849 1474 2068 1522 certans

471 1561 528 1616 in
579 1561 696 1633 ipsa
733 1576 918 1616 corum
957 1559 1354 1616 conflictatione
1393 1560 1654 1616 vincatur.
1701 1557 1827 1614 ldco
1867 1558 1920 1612 in
1966 1557 2069 1613 hoc

467 1669 646 1728 agone
691 1655 860 1726 magis
905 1668 1004 1709 nos
1047 1653 1188 1710 Deus
1233 1653 1400 1710 voluit
1447 1651 1779 1708 orationibus
1815 1659 2024 1708 certare
2047 1689 2064 1718 ,

471 1759 632 1817 quam
661 1745 898 1812 viribus;
929 1745 1053 1816 quia
1077 1753 1132 1800 et
1159 1745 1300 1816 ipsas
1327 1744 1490 1812 vires,
1511 1751 1738 1814 quantas
1763 1743 1849 1798 hic
1871 1741 2069 1797 habere

473 1853 572 1894 nos
617 1837 910 1909 competit,
950 1837 1064 1908 ipse
1107 1837 1476 1894 subministrat
1510 1835 1870 1902 certantibus,
1908 1849 2066 1906 quem

473 1945 744 2002 rogamus.
775 1931 831 1988 Si
859 1945 993 2001 ergo
1015 1930 1099 1997 hi,
1129 1946 1358 2000 quorum
1385 1938 1572 1985 contra
1589 1943 1806 1984 carnem
1824 1929 1934 1998 jam
1955 1928 2066 1998 spi-

471 2026 610 2080 ritus
627 2025 962 2096 concupiscit
979 2065 996 2090 ,
1026 2023 1094 2080 ad
1121 2033 1274 2080 actus
1299 2023 1540 2093 singulos
1571 2021 1805 2092 indigent
1827 2021 1917 2076 Dei
1943 2035 2068 2091 gra-

474 2119 548 2174 tia
571 2159 588 2185 ,
631 2134 700 2176 tte
732 2118 1016 2174 vincantur
1041 2133 1055 2172 :
1087 2116 1298 2188 qualem
1327 2116 1627 2172 libertatem
1655 2115 1944 2170 voluntatis
1969 2113 2067 2167 lia-

473 2211 605 2267 bere
627 2218 854 2282 possunt
876 2252 890 2278 ,
914 2211 1004 2282 qui
1031 2209 1267 2265 nondum
1287 2207 1358 2264 de
1377 2207 1796 2279 potestateeruti
1825 2207 2068 2261 tenebra-

473 2317 632 2372 rum,
675 2302 988 2359 dominante
1031 2302 1334 2373 iniquitate,
1378 2315 1480 2357 nec
1515 2310 1722 2356 certare
1754 2307 2067 2370 ceperunt;

473 2401 567 2448 aut
605 2393 652 2448 si
680 2403 887 2448 certare
917 2393 1228 2458 voluerunt,
1257 2392 1494 2448 nondum
1519 2391 1758 2448 liberata:
1781 2389 2072 2446 voluntatis

473 2483 737 2539 servitute
765 2483 1089 2538 vincuntur?

547 2571 692 2630 XVI.
719 2573 840 2630 ιω..
871 2573 1066 2631 Nescio
1087 2589 1248 2642 sane,
1278 2583 1457 2630 utrum
1477 2573 1566 2630 hic
1589 2574 1699 2646 jam
1719 2585 1934 2631 coactus
1955 2576 2074 2630 ino-

476 2666 598 2736 pia,
641 2673 748 2720 tam
779 2666 1052 2736 ineptum,
1084 2675 1190 2720 tam
1221 2665 1542 2721 imbecillum
1569 2666 1766 2738 aliquid
1793 2668 2030 2723 moliaris
2053 2709 2068 2735 ,

477 2767 540 2814 ut
580 2756 728 2813 dicas
751 2800 766 2823 ,
817 2757 978 2814 nullis
1025 2767 1076 2813 te
1112 2757 1326 2829 quidem
1369 2757 1665 2815 rationibus
1691 2760 1888 2818 docere
1913 2775 2072 2833 posse

475 2849 650 2906 Adam
677 2849 872 2905 bonum
901 2866 933 2906 a
961 2851 1070 2907 Deo
1091 2851 1392 2918 conditum,
1419 2853 1513 2908 sed
1533 2853 1723 2910 adhoc
1744 2855 2069 2912 credendum

476 2947 590 3001 sola
630 2961 750 3002 esse
787 2948 1031 3004 lectionis
1073 2950 1389 3006 auctoritate
1430 2957 1778 3017 contentum,
1824 2965 1926 3021 qua
1955 2959 2074 3020 post

477 3039 760 3093 formatum
807 3039 1078 3096 hominem
1127 3051 1282 3096 sexto
1320 3043 1430 3112 jam
1478 3041 1568 3098 die
1612 3043 1968 3097 communiter
2005 3041 2072 3097 de

473 3130 724 3186 omnibus
761 3133 1021 3188 creaturis
1051 3133 1316 3199 refertur,
1361 3133 1426 3188 Et
1453 3135 1574 3188 vidit
1605 3135 1740 3189 Deus
1764 3135 1934 3188 omnia
1961 3149 2074 3204 qua:

477 3223 628 3293 fecit,
677 3235 732 3278 et
764 3242 878 3280 cccc
919 3225 1050 3280 bona
1083 3226 1231 3280 valde
1254 3226 1405 3298 (Gen.
1435 3243 1450 3281 t
1476 3270 1488 3291 ,
1519 3227 1634 3302 51).
1661 3227 1812 3295 Quod
1840 3243 1943 3284 non
1975 3243 2071 3297 pro

473 3314 684 3385 Opilicis
721 3315 978 3388 dignitate
1001 3359 1016 3386 ,
1053 3333 1172 3372 non,
1192 3332 1289 3388 pro
1317 3319 1646 3389 appensione
1674 3319 1790 3389 ejus
1812 3319 2033 3388 justitirc
2053 3360 2068 3387 ,

474 3406 570 3462 sed
599 3423 696 3477 pro
717 3409 1022 3464 testimonio
1041 3450 1055 3474 ,
1087 3424 1192 3482 quo
1217 3411 1572 3468 communiter
1587 3427 1706 3481 qua:
1727 3421 1906 3466 creata
1926 3420 2068 3478 sunt,

474 3501 614 3558 bene
655 3501 794 3558 facta
839 3501 1129 3570 dicuntur,
1178 3503 1348 3558 Adam
1395 3519 1608 3575 quoque
1654 3503 1791 3558 haud
1833 3504 2070 3574 iniquum

475 3593 707 3648 aestimes
742 3592 1064 3649 institutum.
1107 3595 1276 3650 Porro
1304 3595 1428 3649 licet
1455 3593 1558 3650 hoc
1587 3594 1936 3649 Maniclneum
1966 3604 2070 3648 tam

477 3684 665 3740 leviter
701 3686 905 3754 pulset,
949 3698 1006 3742 ut
1047 3687 1218 3742 rideat
1251 3688 1271 3718 ³
1305 3705 1320 3742 :
1349 3687 1744 3743 Traducianum
1775 3697 1948 3742 tamen
1981 3703 2070 3742 rc-

473 3773 708 3830 vinctum
743 3775 964 3846 exponit
989 3776 1164 3830 nobis.
1195 3776 1268 3832 Ut.
1295 3777 1437 3832 enim
1469 3778 1620 3832 nullo
1644 3777 2070 3832 testimoniorum

477 3865 780 3922 divinorum
821 3867 876 3922 in
907 3871 1042 3922 hanc
1073 3883 1185 3924 rem
1215 3870 1440 3938 populos
1465 3885 1847 3940 congregemus
1879 3889 1892 3924 :
1925 3870 2074 3941 Apo-

477 3960 601 4016 stoli
627 3961 795 4015 solius
817 3963 1130 4016 auctoritate
1157 3965 1551 4032 praescribimus
1571 4006 1586 4032 ,
1620 3966 1710 4036 qui
1735 3983 1854 4021 cum
1875 3966 2072 4022 foedum

482 4051 803 4122 prmvidetet
829 4067 1069 4108 errorem
1090 4095 1104 4120 ,
1136 4055 1283 4110 celso
1303 4055 1585 4111 adversum
1607 4074 1710 4113 vos.
1724 4073 1816 4114 ore
1836 4059 2076 4115 detonuit

479 4144 664 4200 dicens
683 4185 698 4210 ,
745 4144 997 4214 Quoniam
1032 4147 1192 4202 omnis
1227 4158 1461 4202 creatura
1492 4149 1594 4204 Dei
1607 4150 1737 4204 bona
1765 4159 1838 4206 est
1865 4150 1915 4224 (Ι-
1936 4151 2070 4206 Tim.

481 4251 532 4291 tv
555 4275 574 4303 ,
610 4235 688 4308 4).
727 4237 782 4293 Si
817 4253 946 4309 ergo
975 4238 1041 4294 ad
1071 4240 1404 4310 probandum
1437 4241 1589 4296 bona:
1618 4251 1819 4298 natura:
1847 4245 2074 4314 primum

483 4326 756 4384 hominem
801 4327 966 4385 fuisse
1007 4331 1330 4396 formatmn,
1381 4333 1578 4387 sufficit
1623 4333 1727 4388 hoc
1773 4335 1912 4405 quod
1951 4319 2077 4391 dicit

485 4416 696 4487 Moyses
719 4459 736 4483 ,
763 4423 1009 4474 universa
1045 4421 1208 4476 Deum
1233 4423 1371 4477 bene
1389 4425 1692 4479 condidisse
1716 4467 1730 4490 ,
1755 4441 1954 4496 perque
1975 4427 2076 4483 hoc

483 4517 540 4564 tu
567 4524 687 4564 cum
715 4521 932 4582 peccato
961 4514 1130 4568 creari
1161 4531 1189 4567 a
1221 4515 1332 4570 Deo
1362 4516 1528 4571 Adam
1551 4532 1657 4571 non
1689 4519 1924 4589 potuisse
1943 4535 2076 4576 con-

484 4602 696 4670 tendis,
736 4606 858 4676 quia
895 4605 1069 4664 bonus
1108 4608 1250 4664 inter
1283 4609 1484 4681 reliqua
1523 4611 1716 4683 legitur
1754 4613 2025 4669 institutus
2060 4635 2074 4672 :

483 4694 672 4752 iisdem
714 4697 870 4755 lineis
907 4699 1234 4768 referemus,
1277 4717 1373 4772 per
1411 4703 1512 4758 hoc
1547 4705 1747 4760 nullum
1773 4721 1934 4778 posse
1955 4723 2074 4762 cum

483 4799 705 4862 peccato
742 4793 926 4862 nasci,
969 4795 1219 4864 quoniam
1249 4795 1316 4850 ab
1345 4797 1604 4866 Apostolo
1629 4799 1806 4854 omnis
1833 4809 2076 4855 creatura

484 4881 578 4937 Dei
615 4883 752 4940 bona
781 4899 904 4941 esse
931 4884 1254 4943 defenditur.
1283 4887 1420 4956 Quid
1450 4907 1578 4960 ergo
1598 4890 1682 4946 his
1702 4891 2078 4963 disputationi-

483 4975 583 5029 bus
611 4985 790 5032 actum
815 4981 936 5034 eSt?
959 4979 1217 5036 Videlicet
1236 5023 1252 5049 ,
1285 4990 1343 5036 ut
1367 4981 1418 5037 id
1443 4983 1582 5054 quod
1607 4983 1744 5042 ratio
1769 4985 2042 5056 iudagarat
2060 5027 2075 5052 ,

483 5065 632 5134 optio
653 5079 866 5139 quoque
891 5070 1071 5126 indicti
1095 5073 1236 5128 inter
1263 5083 1314 5128 te
1336 5083 1392 5130 et
1417 5073 1764 5132 Manichaeum
1791 5078 1962 5148 praelii
1985 5095 2080 5149 pu-

485 5158 750 5213 blicaret:
781 5167 838 5214 ut
861 5177 982 5216 cum
1015 5165 1288 5235 proposito
1317 5167 1608 5224 certamine
1633 5183 1701 5223 ne
1729 5185 1892 5224 unum
1914 5169 1938 5201 ³
1962 5170 2078 5240 qui-

485 5249 610 5304 dem
639 5247 802 5302 telum
830 5250 946 5306 sine
969 5261 1054 5306 tua
1079 5255 1314 5324 pernicie
1337 5257 1386 5310 in
1412 5265 1795 5330 praeceptorem
1825 5267 1970 5314 tuum
1999 5260 2081 5324 νίς

488 5341 646 5398 brare
669 5341 692 5374 ⁵
723 5357 948 5414 posses;
985 5347 1154 5404 multo
1191 5348 1628 5407 manifestissime
1657 5351 1918 5408 reluceret
1941 5395 1956 5420 ,
1985 5368 2082 5410 vos

486 5445 538 5488 et
561 5431 887 5490 Manichacus
911 5434 965 5490 in
987 5451 1148 5492 unum
1175 5439 1468 5511 impietatis
1487 5457 1684 5514 corpus
1703 5443 1933 5499 obscena
1957 5459 2084 5500 eoa-

489 5521 653 5580 luisse
677 5523 986 5582 concordia.
1008 5526 1144 5596 Quid
1169 5530 1313 5585 enim
1339 5541 1515 5604 potest
1541 5548 1666 5591 esse
1685 5543 1792 5590 tam
1811 5534 2078 5606 junctum.

555 5701 578 5773 ξ
605 5699 736 5773 [diu
751 5733 769 5762 ,
811 5713 1030 5773 etth
1083 5709 1264 5773 manes
1305 5715 1428 5754 vero
1479 5709 1812 5773 manuscrirti,
1857 5721 2080 5772 agamur.

551 5764 575 5825 ξ
604 5763 678 5825 sic
699 5761 805 5814 uss.
843 5761 897 5813 λι
915 5761 1051 5825 editi,
1086 5765 1273 5816 redeat.

555 5824 577 5892 ξ
609 5823 899 5892 vignierjus,
923 5823 1090 5880 auum.
1117 5832 1174 5880 Αι
1195 5835 1287 5879 ms
1309 5861 1324 5892 ,
1350 5839 1514 5879 ration.

553 5884 577 5919 δ
609 5883 736 5950 καὶ,
763 5883 958 5941 librare.

1148 437 1394 516 OPERIS
1433 433 1843 495 IMPERFECTI
1879 433 2153 492 CONTRA
2193 433 2554 504 JULIANUM,
2593 437 2650 494 S.
2691 435 3062 496 AUGUSTINI

3633 435 3780 496 [536

2175 563 2333 618 quam
2400 549 2542 620 quod
2603 566 2702 606 nec
2753 549 3121 606 discriminum
3177 559 3457 621 separatur
3509 550 3774 608 incursu?

2172 637 2328 696 Omni
2367 641 2530 698 exitio
2568 641 2841 699 Manicha-i
2866 685 2882 711 ,
2911 643 3366 698 Traduciauorum
3399 643 3590 716 dogma
3619 660 3766 700 cont-

2173 732 2399 788 moritur
2437 751 2450 789 :
2481 733 2609 788 nihil
2635 745 2718 790 est
2746 735 2887 806 quod
2919 735 3066 790 illum
3093 733 3290 801 feriat,
3316 746 3372 790 et
3399 746 3450 790 te
3482 736 3762 806 relinquat.

2175 821 2292 880 Una
2315 826 2465 880 vobis
2491 837 2614 882 sunt
2641 828 2877 882 instituta
2903 869 2919 894 ,
2945 843 3044 882 una
3077 829 3326 900 mysteria
3347 871 3366 894 ,
3396 845 3604 900 unaque
3625 829 3768 898 peri-

2173 915 2290 970 cula
2315 932 2328 969 :
2362 925 2417 972 et
2443 916 2897 974 substomacharis
2919 960 2935 986 ,
2967 918 3014 974 si
3035 919 3179 974 senis
3201 917 3369 973 Manis
3393 918 3606 974 soboles
3627 935 3758 974 nun-

2171 1019 2368 1076 cuperc
2387 1005 2412 1060 ?

2243 1099 2380 1155 Anc.
2424 1099 2499 1154 lta
2539 1100 2672 1156 dicis
2711 1116 2800 1157 me
2840 1101 3000 1157 nullis
3029 1102 3322 1158 rationibus
3351 1101 3543 1158 docere
3572 1117 3767 1173 posse,

2173 1190 2342 1246 Adam
2373 1191 2569 1247 bonum
2598 1208 2627 1246 a
2651 1193 2761 1248 Deo
2781 1194 3050 1250 conditum
3075 1236 3090 1261 ,
3120 1197 3267 1266 quasi
3293 1204 3467 1252 tecum
3489 1195 3612 1252 inde
3632 1212 3770 1253 con-

2173 1279 2371 1352 ﬂigam.
2412 1283 2599 1340 Nonne
2627 1285 2825 1340 bonam
2851 1287 3122 1342 conditum
3151 1287 3318 1342 Adam
3339 1330 3355 1356 ,
3386 1303 3492 1344 non
3519 1305 3618 1360 ego
3649 1298 3772 1344 tan-

2171 1381 2317 1439 tum,
2359 1391 2457 1430 nec
2499 1385 2586 1444 tu,
2628 1375 2724 1432 sed
2762 1377 2922 1433 ambo
2965 1379 3234 1434 dicimus?
3263 1381 3436 1435 Ambo
3463 1383 3606 1437 enim
3635 1382 3770 1438 dici-

2173 1479 2292 1519 mus
2329 1465 2522 1542 ljonam
2555 1483 2675 1524 esse
2709 1477 2952 1524 naturam
2974 1511 2988 1536 ,
3020 1486 3139 1541 qua:
3166 1480 3347 1542 posset
3369 1488 3476 1527 non
3503 1489 3766 1544 peccare,

2173 1555 2218 1610 si
2261 1557 2428 1612 nollet
2457 1575 2473 1610 :
2505 1558 2599 1614 sed
2627 1575 2748 1615 eum
2775 1577 2873 1632 ego
2902 1577 3018 1618 eam
3045 1562 3319 1618 meliorem
3345 1578 3580 1620 asseram
3607 1581 3768 1636 quam

2175 1656 2228 1700 tu
2251 1688 2266 1711 ,
2311 1647 2562 1718 quoniam
2602 1649 2722 1706 dico
2755 1651 2916 1707 etiam
2956 1667 3075 1708 eam
3103 1653 3238 1709 tnori
3267 1671 3373 1709 non
3410 1656 3648 1726 potuisse
3669 1697 3682 1719 ,
3713 1655 3768 1712 si

2173 1753 2399 1808 peccare
2424 1739 2721 1806 noluisset;
2753 1741 2880 1813 quid
2906 1753 3021 1812 est,
3053 1745 3194 1815 quod
3221 1745 3387 1814 dicis,
3419 1747 3578 1802 nullis
3597 1749 3766 1802 ratio-

2176 1829 2332 1885 nibus
2356 1845 2385 1884 a
2412 1845 2499 1888 me
2527 1831 2710 1888 doceri
2739 1849 2899 1905 posse
2919 1877 2935 1902 ,
2969 1836 3138 1891 Adam
3169 1837 3366 1893 bonum
3392 1854 3422 1894 a
3449 1840 3558 1894 Deo
3581 1842 3768 1896 condi-

2177 1929 2286 1976 tum
2309 1963 2326 1990 ,
2373 1937 2494 1978 cum
2533 1926 2832 1982 rationibus
2876 1929 3010 1984 meis
3049 1930 3218 2000 magis
3255 1931 3426 1988 bonus
3453 1935 3768 1991 ostendatur

2162 2027 2294 2069 esse
2331 2029 2488 2084 quam
2537 2017 2641 2073 tuis
2659 2015 2685 2069 τ
2711 2017 2843 2074 Meis
2871 2019 3064 2090 quippe
3091 2022 3390 2082 ostenditur
3412 2065 3427 2090 ,
3455 2039 3560 2079 non
3588 2026 3770 2082 solum

2171 2107 2412 2176 potuisse
2437 2123 2541 2164 non
2571 2125 2824 2179 peccare,
2856 2111 2900 2167 si
2931 2113 3094 2177 nollet
3119 2132 3133 2181 ;
3156 2115 3256 2170 scd'
3272 2131 3372 2176 nec
3396 2118 3552 2185 mori,
3575 2117 3616 2173 si
3641 2135 3768 2189 pee-

2173 2211 2299 2258 care
2330 2199 2631 2256 noluisset:
2665 2203 2768 2256 tuis
2793 2213 2967 2259 autem
2989 2205 3102 2272 ,Iita
3132 2207 3416 2272 mortalem
3445 2207 3636 2274 factum
3659 2253 3674 2279 ,
3707 2221 3770 2268 ut

2175 2288 2289 2346 sive
2333 2299 2616 2360 peccaret,
2657 2295 2769 2349 sive
2810 2311 2915 2358 non
2957 2307 3244 2368 peccaret,
3283 2301 3574 2358 moriturus
3599 2315 3764 2359 esset.

2175 2379 2329 2447 Quod
2375 2382 2430 2437 in
2475 2383 2764 2455 episcopali
2805 2385 3008 2457 judicio
3047 2389 3360 2458 Palaestino,
3393 2408 3514 2448 cum
3553 2394 3770 2466 Pelagio

2177 2472 2365 2528 luisset
2413 2473 2680 2545 objectmn
2711 2518 2727 2544 ,
2775 2493 2842 2534 ne
2888 2478 3232 2536 damnaretur
3262 2523 3277 2548 ,
3333 2483 3446 2556 ipse
3497 2484 3768 2548 damnavit

2178 2563 2283 2634 (De
2324 2563 2488 2621 Gestis
2529 2566 2758 2639 Pelagii,
2793 2587 2882 2626 nn.
2917 2571 3020 2640 24,
3048 2573 3138 2640 57,
3167 2573 3296 2646 60);
3326 2585 3379 2630 et
3406 2585 3488 2632 est
3513 2592 3541 2631 a
3565 2587 3764 2636 semet-

2179 2655 2295 2724 ipso
2323 2656 2604 2715 damnatus
2629 2703 2644 2728 ,
2674 2663 2816 2732 quod
2854 2663 2920 2719 de
2943 2663 3156 2722 homine
3186 2667 3439 2724 haeretica
3467 2668 3597 2726 dicit
3615 2673 3764 2744 Apo-

2176 2747 2348 2803 stnlus
2391 2747 2518 2820 (Tit.
2563 2767 2649 2820 ltl,
2702 2753 2798 2820 l0,
2842 2755 2953 2827 ll).
2999 2757 3125 2814 Dico
3158 2758 3317 2814 etiam
3343 2801 3358 2826 ,
3387 2775 3493 2816 non
3527 2761 3766 2819 timuisse

2176 2839 2347 2895 Adam
2373 2851 2601 2899 mortem
2620 2886 2634 2910 ,
2677 2845 2729 2900 in
2759 2845 2911 2916 cujus
2936 2857 3050 2902 erat
3075 2859 3333 2919 potestate
3363 2868 3468 2907 non
3499 2853 3634 2908 mori
3663 2871 3677 2908 :
3707 2864 3766 2918 tu

2177 2939 2354 2985 autem
2401 2934 2776 2990 necessitatem
2819 2935 3069 2994 habuisse
3107 2941 3409 3008 moriendi,
3449 2943 3618 3002 etiam.
3649 2945 3766 2999 sine

2177 3023 2284 3078 ulla
2327 3028 2645 3083 necessitate
2688 3029 2961 3100 peccandi.
3011 3030 3180 3100 Quem
3229 3034 3273 3089 si
3314 3033 3513 3096 dixeris
3539 3047 3772 3098 mortem

2178 3117 2422 3173 timuisse
2459 3121 2618 3174 etiam
2659 3133 2784 3178 ante
2821 3133 3132 3194 peccatum,
3164 3127 3296 3197 quid
3316 3127 3448 3186 dicis
3475 3131 3577 3187 nisi
3603 3131 3766 3196 misce

2177 3222 2296 3262 rum
2339 3211 2618 3266 creatum?
2663 3211 2720 3268 Si
2761 3223 2938 3270 autem
2987 3231 3056 3272 ne
3097 3217 3264 3274 miser
3294 3229 3468 3286 esset,
3499 3232 3722 3278 mortem
3747 3267 3776 3292 ,.

2178 3301 2422 3370 quamvis
2449 3302 2677 3358 futuram
2700 3347 2715 3372 ,
2739 3322 2844 3361 non
2873 3316 3046 3364 tamen
3075 3310 3284 3378 timuit;
3307 3323 3452 3369 certe
3473 3331 3622 3370 suam
3645 3332 3770 3387 pro-

2179 3391 2323 3462 lem,
2369 3397 2456 3450 cui
2505 3397 2750 3454 timorem
2793 3403 2978 3456 mortis
3017 3406 3341 3474 congenuit,
3385 3409 3570 3477 procul
3607 3409 3770 3465 dubio

2177 3487 2427 3542 miserant
2473 3491 2674 3560 genuit.
2715 3491 2844 3560 Quis
2881 3494 3020 3549 enim
3073 3505 3266 3566 neget,
3300 3499 3371 3553 ita
3401 3501 3642 3557 homines
3671 3520 3770 3567 nag-

2181 3583 2297 3630 tura
2347 3589 2575 3634 mortem
2631 3581 2854 3649 timere,
2905 3594 2963 3638 ut
3011 3601 3128 3640 eam
3183 3591 3471 3645 nonnullos
3515 3591 3602 3646 vix
3649 3608 3784 3646 rara.

2179 3669 2344 3724 animi
2390 3671 2700 3742 magnitudo
2741 3673 2899 3730 faciat
2947 3693 3052 3732 non
3103 3677 3333 3736 timere?
3372 3681 3608 3754 itemque
3631 3685 3772 3739 addo

2182 3777 2282 3833 ego
2319 3763 2386 3819 ad
2422 3765 2713 3822 bonitatem
2752 3769 3073 3827 conditionis
3099 3772 3229 3827 Δάαι
3250 3815 3264 3840 ,
3301 3775 3440 3845 quod
3473 3777 3524 3830 in
3555 3793 3618 3832 eo
3645 3793 3776 3832 caro

2179 3857 2438 3913 adversus
2463 3860 2706 3929 spiritum
2735 3877 2841 3917 non
2869 3865 3280 3936 concupiscebat
3307 3875 3430 3922 ante
3455 3878 3770 3938 peccatum:

2183 3957 2238 4003 tu
2281 3961 2458 4005 autem
2481 3993 2496 4017 ,
2542 3953 2631 4023 qui
2677 3953 2836 4008 talem
2875 3954 3008 4010 dicis
3043 3958 3219 4012 carnis
3243 3959 3771 4030 concupiscentiam,

2182 4043 2354 4112 qualis
2385 4061 2524 4099 nunc
2551 4053 2636 4100 cst-
2656 4090 2670 4112 ,
2703 4047 2756 4101 in
2787 4049 3036 4118 paradiso
3059 4051 3287 4106 futuram
3313 4051 3514 4122 fuisse,
3545 4055 3590 4109 si
3613 4070 3773 4111 nemo

2185 4145 2496 4205 peccasset,
2529 4139 2794 4209 talemque
2825 4141 2875 4193 in
2904 4141 2993 4208 illo
3023 4141 3189 4198 fuisse
3219 4153 3274 4200 et
3299 4146 3444 4214 prius
3465 4162 3620 4216 quam
3645 4162 3772 4217 pec-

2183 4234 2369 4293 caret;
2412 4227 2564 4283 addis
2607 4230 2722 4299 ejus
2761 4231 3053 4287 conditioni
3093 4242 3148 4289 et
3189 4235 3343 4290 istam
3381 4237 3650 4292 miseriam
3683 4253 3778 4306 per

2183 4317 2402 4387 Spiritus
2423 4319 2707 4390 carnisque
2728 4322 3071 4378 discordiam.
3099 4323 3232 4379 Cum
3255 4341 3383 4398 ergo
3407 4337 3482 4382 tot
3511 4329 3778 4399 tantisque

2184 4409 2480 4464 rationibus
2523 4411 2692 4466 Adam
2739 4413 3055 4482 meliorem,
3105 4432 3262 4487 quam
3302 4428 3357 4473 tu
3381 4435 3502 4473 eum
3529 4419 3693 4484 dicis,
3721 4431 3778 4475 et

2185 4501 2476 4558 feliciorem
2519 4503 2792 4559 conditum
2829 4507 3149 4574 ostendam;
3195 4510 3321 4580 quid
3367 4511 3460 4565 tibi
3503 4511 3671 4565 visunt
3695 4521 3780 4567 est

2187 4601 2330 4647 tanta
2375 4595 2624 4650 vecordia
2657 4595 2890 4654 delirare
2911 4640 2927 4666 ,
2969 4607 3027 4653 ut
3053 4599 3261 4656 diceres
3282 4643 3297 4667 ,
3327 4601 3480 4656 nullis
3509 4619 3588 4656 me
3613 4603 3778 4656 ratio-

2185 4686 2330 4740 nibus
2357 4685 2535 4742 docere
2562 4705 2738 4758 posse,
2767 4690 2931 4744 Adam
2957 4690 3144 4745 bonum
3181 4709 3213 4745 a
3245 4691 3346 4748 Deo
3376 4693 3660 4756 conditum,
3691 4695 3782 4748 sed

2185 4777 2370 4832 ad-Itoc
2396 4779 2698 4834 credendum
2726 4781 2836 4836 sola
2859 4798 2964 4837 esse
2989 4784 3288 4837 auctoritate
3314 4784 3540 4840 lectionis
3569 4797 3780 4840 conten-

2187 4879 2292 4924 tum
2311 4913 2326 4934 ,
2361 4872 2481 4942 quia
2503 4873 2746 4943 scriptum
2781 4883 2853 4927 est
2877 4915 2890 4940 ,
2923 4875 3100 4944 fecisse
3132 4873 3292 4929 Deum
3315 4876 3485 4929 omnia
3513 4876 3644 4930 bona
3669 4877 3782 4930 ral-

2186 4961 2250 5014 de
2269 4964 2294 5016 ξ)
2332 4961 2458 5017 Non
2491 4977 2658 5033 usque
2683 4963 2818 5019 adeo
2856 4979 2972 5020 sum
3007 4965 3208 5036 pistillo
3231 5008 3247 5034 ,
3276 4967 3412 5022 sicut
3441 4967 3778 5035 conviciaris,

2187 5051 2468 5108 obtunsior
2513 5055 2745 5125 (Supra,
2789 5055 2878 5111 lib.
2919 5057 2992 5124 2,
3039 5073 3157 5128 cap.
3193 5059 3321 5130 H7)
3348 5102 3362 5126 ,
3405 5069 3464 5114 ut
3489 5059 3784 5115 Maniclnro

2187 5145 2556 5216 redarguendo
2610 5145 2732 5202 libri
2788 5149 2944 5218 lmjns
3001 5149 3164 5204 divini
3215 5151 3626 5219 auctoritatem,
3677 5169 3784 5224 qua

2189 5254 2294 5313 non
2328 5249 2538 5295 tenetur
2559 5283 2574 5308 ,
2603 5241 2872 5312 objiciam.
2901 5241 3018 5297 Tibi
3045 5242 3182 5298 hanc
3207 5243 3426 5314 objicio,
3457 5245 3672 5316 quando
3695 5260 3786 5300 res

2191 5333 2441 5403 postulat,
2473 5337 2722 5406 quoniam
2755 5333 2884 5389 mihi
2913 5335 3116 5406 tibique
3143 5337 3446 5390 communis
3469 5345 3572 5391 est.
3613 5335 3786 5391 Mani-

2189 5425 2395 5479 elucum
2417 5439 2548 5480 vero
2571 5440 2680 5480 non
2707 5425 2774 5481 de
2812 5427 3026 5500 opiﬁcio
3074 5427 3189 5494 Dei,
3243 5427 3402 5498 quod'
3443 5427 3558 5500 ipse
3603 5437 3782 5499 negat,

2191 5524 2464 5572 creaturas
2490 5515 2621 5572 istas
2645 5518 2814 5574 bonas
2853 5535 2975 5575 esse
3015 5519 3312 5586 convinco;
3345 5520 3438 5576 sed
3469 5520 3534 5577 de
3567 5521 3784 5576 illarum

2193 5609 2431 5665 bonitate
2459 5609 2634 5680 potius
2655 5612 2939 5682 compello,
2965 5612 3162 5668 bonum
3187 5628 3279 5668 eas
3309 5612 3508 5670 habere
3532 5613 3782 5685 Opinccm

2192 5701 2458 5757 confiteri.
2481 5702 2633 5780 Quod
2663 5712 2838 5760 autem
2863 5705 2938 5761 ait
2979 5706 3286 5776 Apostolus.
3315 5723 3474 5784 quem
3519 5721 3578 5762 se
3618 5706 3788 5762 Mani-

2195 5793 2329 5856 eluci
2355 5793 2601 5866 accipere
2647 5797 2980 5866 profitentur,
3015 5795 3196 5855 Omnis
3243 5808 3476 5854 creatura
3517 5797 3612 5852 Dei
3655 5799 3790 5852 bona

2202 5895 2310 5953 est;
2333 5885 2582 5958 quoniam
2611 5887 2677 5944 de
2699 5903 2800 5960 qua
2822 5897 3067 5948 creatura
3085 5890 3394 5963 loqueretur
3410 5899 3652 5964 apertum
3675 5899 3762 5946 est
