4150 6470
349 281 487 340 I581

344 393 577 449 validum
617 400 760 448 esset
782 390 1037 448 adversus
1070 402 1166 450 eos
1206 388 1590 457 testimonium,
1632 389 1734 446 nisi
1771 390 1931 447 etiam

348 482 525 540 Libris
573 482 869 550 canonicis,
925 496 1061 553 quos
1109 479 1420 552 accipiunt,
1469 479 1726 551 quasdam
1777 479 1936 537 falsas

344 568 639 629 sententias
675 573 968 643 permixtas
996 586 1118 628 esse
1145 569 1551 627 contenderent.
1580 572 1657 627 Ae
1705 586 1800 642 per
1833 570 1937 629 hoc

343 664 410 720 de
436 654 673 719 bonitate
700 672 1062 718 creaturarum
1087 676 1301 733 semper
1329 671 1452 717 sunt
1490 659 1736 732 urgendi,
1759 671 1816 717 ut
1839 676 1935 717 ca-

342 770 461 812 rum
490 756 687 811 bonum
718 756 905 822 Deum,
933 754 1077 827 quod
1100 761 1315 825 negant,
1348 751 1612 809 fateantur
1634 763 1933 809 auctorem.

350 843 516 905 Porro
530 856 792 903 creatura:
820 860 1007 902 omnes
1034 846 1106 900 ita
1136 857 1257 900 sunt
1282 843 1457 910 boum,
1490 847 1730 900 utetiam
1771 843 1932 914 ipsas,

346 952 463 1007 qua:
495 952 616 992 cum
634 937 778 991 vitiis
802 948 1075 1003 creantur,
1098 935 1235 991 ratio
1258 933 1425 990 bonas
1445 949 1563 990 esse
1577 928 1932 1000 demonstret,

343 1028 580 1099 ipsorum
623 1042 836 1097 quoque
872 1025 1213 1081 attestatione
1247 1025 1536 1091 vitiorum;
1587 1026 1708 1095 quia
1748 1025 1933 1079 vitium

340 1128 523 1174 contra
552 1128 794 1174 naturam
816 1124 901 1174 est
931 1134 946 1174 :
974 1117 1073 1173 nisi
1096 1117 1239 1173 enim
1275 1127 1462 1172 natura
1496 1116 1609 1186 ipsa
1651 1124 1795 1171 recte
1826 1116 1940 1186 pla-

339 1218 506 1279 ceret,
535 1208 681 1267 nullo
707 1211 868 1267 modo
889 1220 1033 1268 recte
1056 1203 1222 1281 ipsius
1240 1210 1424 1265 vitium
1451 1208 1785 1280 displiceret.
1825 1206 1937 1264 llec

339 1313 525 1361 contra
546 1303 890 1372 Manicbzees,
921 1303 1010 1376 qui
1037 1312 1225 1375 putant
1267 1303 1428 1359 etiam
1466 1301 1578 1374 ipsa
1614 1302 1739 1356 vitia
1783 1311 1936 1356 natu-

340 1408 429 1455 ras
478 1412 599 1454 esse
649 1404 809 1469 atque
859 1396 1221 1463 substantias,
1270 1395 1324 1451 itt
1369 1394 1684 1466 quibusdam
1738 1395 1939 1450 nostris

339 1489 611 1561 opusculis
640 1488 908 1561 cepiosius
946 1485 1265 1559 disputatur,
1303 1486 1705 1557 ostenditurqne
1751 1486 1933 1541 vitium

340 1588 529 1638 natura
567 1597 676 1637 non
715 1595 873 1648 esse;
914 1590 969 1636 et
992 1579 1115 1651 quia
1144 1587 1329 1634 contra
1371 1587 1614 1631 naturam
1668 1585 1767 1643 est,
1816 1575 1935 1630 idco

340 1675 537 1730 malum
568 1689 724 1740 esse;
758 1687 821 1729 ac
849 1688 947 1744 per
974 1672 1077 1728 hoc
1104 1680 1352 1726 naturam
1384 1670 1435 1724 in
1462 1679 1718 1740 quantum
1748 1677 1935 1723 natura
1968 1740 1971 1743 ἤ

338 1774 443 1832 est,
470 1765 667 1821 bonum
686 1778 808 1820 esse
837 1781 851 1818 :
888 1762 1028 1819 unde
1052 1762 1334 1832 colligitur,
1363 1776 1469 1816 non
1491 1775 1609 1815 esse
1635 1770 1933 1814 creatorem

341 1865 649 1912 naturarum
688 1855 790 1912 nisi
819 1862 1116 1911 creatorem
1148 1853 1433 1917 bonorum,
1478 1867 1541 1907 ac
1570 1867 1665 1922 per
1704 1850 1804 1906 hoc
1836 1852 1934 1905 bo-

341 1966 505 2015 num;
539 1949 632 2005 sed
659 1948 920 2004 creaturis
954 1947 1065 2003 suis
1094 1961 1282 2018 magna
1314 1944 1612 2002 differentia
1639 1952 1693 1999 et
1726 1959 1933 1999 summa

341 2039 578 2098 bonitate
606 2040 911 2106 meliorem,
938 2038 1028 2111 qui
1045 2055 1150 2094 non
1178 2046 1352 2109 potest
1371 2037 1590 2092 omnino
1610 2035 1803 2101 vitiari,
1829 2052 1932 2090 non

339 2133 685 2204 perceptione
712 2132 898 2203 gratia:
924 2132 963 2196 ³,
995 2130 1088 2185 scd
1120 2130 1448 2201 proprietate
1475 2138 1697 2183 natura}.
1724 2121 1934 2183 Natura:

342 2226 501 2296 igitur
527 2233 743 2289 creatae,
774 2223 886 2279 sive
910 2236 1029 2295 qua:
1057 2221 1173 2275 sine
1202 2220 1329 2274 vitio
1371 2226 1514 2285 sunt,
1546 2215 1663 2271 sive
1689 2233 1808 2288 qua:
1838 2232 1933 2270 na-

342 2323 410 2371 tzt:
435 2317 710 2382 vitiantur,
739 2314 853 2370 sive
882 2328 1001 2385 qua:
1030 2312 1227 2367 vitiata:
1253 2316 1576 2375 nascuntur,
1605 2304 1751 2363 illum
1782 2324 1934 2363 erea-

341 2418 511 2463 torem
541 2407 641 2462 nisi
671 2422 794 2463 eum
815 2409 837 2439 ²
867 2404 959 2476 qui
990 2405 1127 2460 betta
1140 2402 1521 2467 creat,ltabere
1544 2415 1648 2455 non
1673 2410 1932 2471 possunt;

340 2500 461 2571 quia
490 2499 542 2554 in
564 2508 817 2570 quantum
850 2506 1053 2552 natura:
1075 2504 1218 2558 sunt,
1246 2494 1399 2549 bona:
1424 2499 1571 2558 sunt,
1600 2492 1761 2546 etiam
1784 2508 1932 2562 qua}-

338 2602 569 2663 cumque
594 2587 790 2645 vltiatte
810 2597 953 2645 sunt.
976 2588 1093 2644 Non
1119 2585 1260 2643 enim
1292 2587 1563 2651 vitiorum,
1586 2584 1679 2641 sed
1717 2590 1935 2638 natura-

342 2697 461 2737 rum
489 2690 679 2738 auctor
700 2690 803 2748 εει,
832 2688 1042 2735 creator
1070 2679 1297 2733 illarum.
1321 2676 1453 2732 Nam
1492 2684 1548 2732 et
1590 2684 1777 2732 auctor
1820 2675 1935 2745 ipse

340 2773 594 2827 vitiorum
625 2779 815 2827 natura
845 2771 1016 2825 bonus
1042 2778 1146 2836 est,
1178 2784 1335 2840 quam
1370 2769 1510 2823 Deus
1536 2766 1695 2829 fecit;
1736 2765 1829 2821 sed
1859 2764 1939 2819 vi-

343 2864 418 2918 tie
445 2862 619 2917 malus
643 2870 747 2927 est,
778 2876 884 2931 quo
910 2860 1023 2929 ipse
1058 2874 1085 2912 a
1110 2859 1253 2914 bene
1278 2848 1557 2912 conditore
1582 2858 1719 2912 mala
1751 2856 1938 2911 velun-

343 2961 452 3007 tate
477 2950 692 3007 defecit.
734 2948 917 3020 Itaque
946 2947 1362 3003 Manichaeorum
1394 2961 1632 3001 errorem
1671 2946 1808 3000 ratio
1836 2946 1935 3000 ista

343 3059 467 3100 vera
501 3041 790 3109 convincit,
814 3041 902 3112 qui
932 3039 1119 3095 uolunt
1144 3038 1384 3109 recipere
1413 3038 1799 3102 auctoritatem,
1826 3036 1937 3091 sive

338 3151 444 3208 qua
469 3136 669 3191 dictum
702 3143 803 3202 cst,
840 3131 982 3188 Fecit
1010 3132 1145 3187 Deus
1169 3130 1358 3196 omnia,
1389 3138 1436 3185 et
1461 3146 1572 3185 ecce
1593 3128 1726 3184 bona
1752 3129 1900 3184 valde
1917 3171 1934 3198 ,

343 3228 558 3300 quando
587 3227 761 3283 adhuc
788 3226 987 3281 nullum
1016 3233 1131 3279 erat
1164 3224 1360 3278 malum
1395 3238 1409 3288 ;
1442 3222 1555 3278 sive
1591 3236 1694 3294 qua
1735 3220 1935 3278 dictum

337 3329 446 3387 est,
472 3317 652 3374 Omnis
675 3325 906 3373 creatura
923 3315 1017 3372 Dei
1043 3316 1174 3370 bona
1193 3323 1286 3381 est,
1316 3312 1527 3384 quando
1561 3313 1671 3384 jam
1693 3322 1810 3369 erat
1837 3315 1937 3367 hec

342 3412 597 3467 smeulum
620 3409 843 3477 malum,
873 3423 996 3464 cum
1025 3407 1166 3462 Deus
1190 3406 1259 3460 sit
1294 3404 1479 3475 utique
1502 3403 1669 3459 factor
1693 3403 1931 3459 omnium

340 3501 679 3557 seculorum.
702 3499 782 3555 Τιι
808 3507 1014 3563 autem,
1041 3495 1130 3568 qui
1160 3494 1297 3550 hanc
1336 3493 1533 3564 recipis
1561 3492 1934 3548 auctoritatem

341 3594 644 3650 divinorum
672 3590 1026 3662 eloquiorum,
1059 3598 1117 3644 ut
1159 3603 1222 3644 ea
1266 3587 1460 3643 merito
1507 3586 1680 3658 possis
1734 3586 1932 3658 urgeri,

341 3701 437 3742 cur
463 3701 570 3742 non
591 3683 826 3740 attendis
855 3683 907 3738 in
935 3697 1000 3737 eo
1028 3682 1184 3745 libro,
1210 3679 1298 3735 ubi
1330 3679 1523 3751 legitur
1547 3678 1715 3734 Deum
1744 3677 1936 3734 fecisse

340 3779 518 3834 omnia
574 3777 726 3832 bona"
760 3774 913 3830 valde
941 3816 958 3838 ,
1010 3772 1249 3829 omnium
1304 3771 1542 3826 locorum
1596 3771 1856 3841 optimum
1914 3767 1937 3802 ³

344 3869 634 3940 plantatum
661 3882 783 3924 esse
809 3866 1137 3937 paradisum,
1165 3863 1254 3920 ubi
1284 3863 1422 3919 Deus
1448 3878 1614 3933 usque
1643 3862 1779 3918 adeo
1807 3860 1936 3917 nihil

344 3960 468 4015 mali
497 3975 619 4015 esse
641 3959 826 4023 voluit,
857 3966 913 4013 ut
940 3972 1040 4013 nec
1070 3955 1354 4027 imaginem
1377 3969 1529 4009 suam
1563 3954 1630 4008 ibi
1661 3968 1783 4009 esse
1814 3969 1938 4024 per-

343 4052 597 4119 mitteret,
620 4059 965 4122 posteaquam
991 4048 1202 4119 propria
1227 4046 1497 4102 voluntate
1521 4045 1761 4116 peccavit
1780 4042 1940 4115 (Gen.

344 4157 403 4207 tt,
433 4142 500 4209 8;
526 4140 715 4209 tn,23,
740 4140 876 4212 ειη
917 4139 986 4195 Ει
1034 4147 1210 4194 tamen
1242 4151 1337 4193 vos
1378 4137 1430 4192 iu
1463 4145 1624 4191 tanta:
1659 4136 1936 4193 felicitatis

343 4244 399 4290 et
426 4234 635 4290 decoris
665 4234 861 4300 locum,
889 4231 977 4288 tibi
1028 4245 1129 4286 nec
1171 4229 1319 4301 ligni,
1352 4243 1451 4285 nec
1495 4227 1626 4295 feni,
1650 4242 1749 4283 nec
1771 4225 1933 4298 pomi,

346 4340 446 4382 nec
472 4324 788 4396 cujusquam
815 4323 897 4379 vel
922 4321 1088 4393 frugis
1106 4320 1192 4376 vel
1218 4318 1427 4391 pecoris
1470 4318 1657 4373 vitium
1686 4332 1806 4373 esse
1838 4332 1937 4387 pe-

347 4417 513 4473 tuisse
556 4415 643 4470 vel
674 4429 833 4485 posse
876 4412 1201 4469 cncdcndum
1230 4418 1330 4475 est,
1372 4409 1549 4464 omnia
1581 4407 1936 4463 humanorum

344 4518 630 4576 corporum
660 4513 714 4559 et
736 4502 1072 4573 ingeniorum
1094 4502 1221 4556 vitia
1250 4516 1355 4556 non
1375 4499 1632 4554 dubitatis
1657 4498 1935 4563 inducere,

343 4611 467 4652 cum
493 4594 685 4666 quibus
710 4591 959 4647 homines
989 4591 1159 4652 nasci.
1190 4590 1376 4645 dolere
1408 4601 1507 4643 vos
1547 4588 1792 4651 sinimus,
1830 4602 1938 4642 non

346 4701 561 4759 negare.
591 4683 823 4740 Necesse
850 4690 934 4737 est
951 4682 1093 4736 enim
1111 4690 1167 4735 ut
1186 4679 1432 4745 deleatis,
1462 4677 1675 4748 quando
1698 4677 1826 4747 quid
1852 4693 1940 4732 re-

345 4777 655 4851 spondeatis
684 4791 789 4831 non
820 4772 1100 4838 invenitis,
1133 4779 1191 4827 ct
1232 4780 1340 4825 tam
1370 4784 1586 4840 pravam
1614 4769 1936 4825 sententiam

347 4880 556 4926 tentare
585 4884 691 4923 non
732 4865 911 4930 vultis,
962 4874 1083 4935 qua:
1136 4875 1234 4917 vos
1286 4858 1577 4915 inevitabili
1621 4858 1939 4914 necessitate

346 4962 620 5033 compellit
648 4960 702 5015 itt
729 4959 848 5014 loco
877 4963 1038 5012 tautte
1064 4950 1410 5010 beatitudinis
1448 4957 1504 5004 et
1527 4946 1939 5020 pulchritudinis

346 5053 675 5111 constituere
723 5062 918 5113 czecos,
972 5046 1171 5107 luscos,
1226 5042 1421 5113 lippos,
1476 5039 1692 5104 surdos,
1739 5047 1936 5106 mutos,

345 5145 568 5203 claudos
592 5143 634 5211 ⁸,
655 5141 941 5207 deformes,
966 5140 1240 5203 distortos,
1273 5134 1530 5200 tineosos,
1560 5133 1822 5203 leprosos,
1847 5145 1941 5201 pa-

348 5236 620 5310 ralyticos,
643 5231 976 5303 epiteptices,
1007 5240 1062 5285 et
1080 5228 1202 5284 aliis
1221 5225 1455 5282 diversis
1476 5222 1768 5295 generibus
1785 5221 1939 5276 vitie-

347 5344 459 5391 sos,
484 5334 646 5398 atque
662 5321 946 5395 aliquando
963 5322 1125 5376 etiam
1146 5319 1304 5375 nimia
1332 5317 1575 5375 ftnditate
1599 5325 1657 5373 et
1674 5314 1942 5372 membro-

412 5483 430 5515 ι
468 5487 614 5530 vetus
636 5474 956 5538 eodexgclar”
978 5472 1314 5538 praeparate.

410 5543 434 5576 ι
464 5543 537 5593 sic
573 5538 738 5600 Itorcl,
766 5535 918 5586 talem.
943 5530 1093 5596 't'rit.,
1125 5530 1174 5599 [3.
1218 5534 1330 5597 319,
1362 5533 1515 5585 ultum
1549 5537 1816 5586 creatorem
1849 5530 1944 5586 nisi

349 5618 476 5658 eum.
540 5609 598 5652 II.
910 5657 921 5668 .

414 5669 436 5700 ³
466 5664 624 5716 Codex
651 5667 799 5720 νυνι,
821 5664 1015 5723 optma).

411 5728 437 5762 δ
461 5724 724 5794 «quentia
738 5718 829 5773 sex
851 5718 1085 5772 "vocanda
1102 5720 1195 5771 buc
1210 5731 1494 5771 revocamus
1513 5731 1577 5771 ex
1592 5722 1940 5783 manuscriptis.

1732 275 1937 333 LIBER
1955 269 2263 353 smnus.

2936 324 2984 353 ,
3006 333 3039 347 ..
3490 288 3632 348 9538

2041 406 2160 447 rum
2192 392 2435 451 horribili
2460 395 2696 455 novitate
2731 406 3124 457 mettstruosos.
3165 401 3307 473 Quid
3347 403 3522 463 dicant
3558 406 3635 465 de

2039 484 2183 541 vitiis
2228 485 2555 554 animorum,
2583 488 2777 560 quibus
2814 500 2938 547 sunt
2963 492 3178 564 quidam
3225 504 3414 554 natura
3454 498 3635 557 libidi-

2039 577 2178 643 nosi,
2210 576 2428 648 quidam
2471 579 2732 648 iracundi,
2777 582 2991 653 quidam
3044 586 3366 656 meticulosi,
3412 590 3632 660 quidam

2037 667 2307 736 ebliviesi,
2332 669 2546 740 quidam
2576 672 2926 738 tardicordes,
2949 676 3166 747 quidam
3189 679 3448 736 excordes
3471 690 3631 752 atque

2040 757 2114 814 ita
2156 756 2308 826 fatui,
2338 769 2395 815 ut
2425 760 2578 816 malit
2606 761 2768 819 homo
2799 779 2919 819 cum
2964 766 3278 836 quibusdam
3329 772 3630 840 pecoribus,

2038 862 2197 918 quam
2227 864 2349 904 cum
2403 850 2598 906 talibus
2627 853 2928 911 hominibus
2974 857 3192 915 vivere?
3218 859 3369 915 Adde
3403 862 3635 931 gemitus

2041 939 2385 1009 parientium,
2426 943 2688 1014 fletusque
2737 948 3090 1016 nascentium,
3128 951 3395 1007 cruciatus
3444 952 3634 1010 dolen-

2040 1031 2169 1086 tium
2195 1072 2213 1098 ,
2240 1033 2601 1104 languentium
2628 1034 2841 1093 labores
2861 1078 2877 1101 ,
2911 1046 3173 1095 tormenta
3203 1041 3369 1096 multa
3400 1044 3637 1103 merieuo

2040 1125 2194 1187 tium,
2222 1131 2275 1177 et
2306 1123 2538 1192 pericula
2560 1126 2727 1180 multo
2754 1126 2904 1196 plura
2933 1128 3242 1185 viventium.
3275 1131 3401 1187 llme
3430 1135 3630 1195 omnia.

2038 1220 2198 1283 atque
2227 1212 2329 1267 alia
2363 1213 2506 1279 talia,
2541 1214 2653 1269 sive
2675 1215 2878 1287 pejora,
2901 1234 3022 1289 qua:
3044 1220 3222 1274 verbis
3249 1222 3501 1292 congruis
3528 1224 3634 1277 θεὼ

2040 1310 2145 1357 tem
2191 1302 2426 1358 breviter
2467 1319 2895 1362 commemorare
2928 1308 3046 1377 quis
3071 1308 3305 1365 Sufficit?
3335 1312 3631 1368 secundum

2037 1408 2275 1449 errorem
2300 1404 2556 1460 vestrum,
2580 1396 2673 1451 sed
2697 1395 2855 1466 plane
2879 1406 3063 1454 contra
3089 1400 3342 1469 pudorem
3367 1415 3623 1467 vestrum,

2036 1494 2128 1539 aut
2155 1484 2328 1541 fronte
2357 1486 2769 1557 improbissimo,
2797 1499 2888 1544 aut
2916 1506 3076 1547 manu
3095 1492 3253 1548 fronti
3279 1496 3546 1565 Opposita,
3579 1499 3632 1553 in

2039 1576 2132 1631 Dei
2164 1576 2406 1647 paradiso
2434 1578 2681 1649 cegimini
2719 1580 3016 1648 collocare,
3062 1593 3115 1638 et
3140 1583 3320 1641 dicere
3365 1585 3542 1642 futura
3572 1597 3630 1643 et

2038 1666 2107 1723 ibi
2137 1668 2251 1723 haec
2273 1667 2458 1735 fuisse,
2485 1670 2691 1724 etiamsi
2718 1686 2875 1726 nemo
2898 1682 3194 1743 peccasset.
3218 1675 3408 1743 Dicite,
3428 1676 3588 1733 dicite
3613 1695 3629 1731 :

2035 1773 2133 1813 cur
2158 1759 2301 1814 enim
2324 1760 2675 1815 revercamini
2700 1760 3059 1819 dehonestare
3092 1771 3169 1818 tet
3196 1779 3260 1818 ac
3296 1766 3456 1821 tantis
3490 1767 3633 1822 vitiis

2037 1858 2091 1903 et
2113 1848 2504 1904 calamitatibus
2527 1850 2725 1918 locutn,
2750 1867 2909 1922 quem
2940 1851 3143 1908 nefario
3163 1853 3415 1925 dogmate
3430 1872 3461 1912 a
3482 1856 3634 1913 vobis

2039 1938 2208 1996 facitis
2235 1940 2467 1996 alienum
2489 1940 2512 1993 ?
2533 1939 2665 1995 Nam
2692 1941 2736 1996 si
2763 1942 3047 2012 aliquando
3074 1943 3199 2000 illuc
3226 1945 3427 2002 intrare
3448 1946 3632 2017 dispe.

2038 2032 2255 2095 neretis,
2286 2046 2558 2102 nunquam
2588 2031 2695 2087 illic
2724 2030 2845 2087 talia
2898 2036 3193 2104 peneretis.
3246 2037 3354 2092 Aut
3392 2038 3438 2093 si
3468 2039 3634 2096 vincit

2039 2120 2213 2191 pudor
2239 2124 2294 2178 in
2324 2117 2576 2178 cordibus
2601 2124 2814 2190 vestris,
2850 2133 2904 2180 et
2930 2124 2983 2179 itt
3011 2125 3133 2181 loco
3163 2127 3251 2181 tali
3283 2111 3407 2183 talia
3434 2131 3635 2185 consti-

2041 2221 2189 2268 tuere
2211 2213 2544 2281 erubescitis,
2570 2213 2898 2282 horres-citis,
2932 2216 3299 2274 obmutescitis
3326 2261 3341 2286 ,
3372 2228 3430 2276 et
3454 2229 3634 2278 tamen

2037 2304 2208 2359 errori
2233 2314 2430 2371 vestro,
2460 2319 2567 2375 quo
2610 2321 2717 2360 non
2763 2307 2980 2363 creditis
3036 2307 3322 2364 humanam
3374 2321 3624 2368 naturam

2037 2397 2193 2468 primi
2245 2397 2476 2453 hominis
2516 2400 2949 2468 prtevaricatiene
2997 2404 3232 2458 vitiatam
3282 2407 3624 2475 pertinaciter

2036 2490 2401 2547 adlucrcscitis
2424 2508 2439 2557 ;
2464 2493 2784 2563 respondete
2807 2493 3110 2549 Manielteis
3133 2495 3271 2552 unde
3291 2497 3397 2552 sint
3418 2497 3543 2565 ista,
3567 2514 3636 2554 ne

2039 2583 2115 2638 illi
2143 2598 2203 2638 ea
2233 2582 2302 2639 de
2328 2584 2709 2640 commixtione
2748 2586 2936 2641 alienze
2976 2588 3236 2659 malaeque
3278 2598 3483 2644 natura:
3516 2605 3639 2647 esse

2039 2675 2380 2731 cencludant.
2416 2679 2456 2730 Δ
2490 2675 2643 2731 nobis
2691 2677 2834 2732 enim
2873 2693 2995 2734 cum
3043 2676 3144 2733 hoc
3194 2682 3502 2752 requiritur,
3551 2697 3638 2737 rc-

2039 2766 2367 2838 spendemus
2397 2782 2503 2822 non
2531 2767 2647 2823 haec
2676 2784 2796 2824 esse
2817 2769 2885 2824 de
2917 2770 3275 2840 permixtione
3300 2772 3509 2838 alienae,
3540 2772 3637 2828 sed

2040 2856 2108 2911 de
2139 2866 2336 2911 nostra:
2390 2857 2827 2926 prtevaricatienc
2865 2869 3091 2927 naturze,
3146 2875 3243 2930 per
3285 2878 3406 2916 eum
3445 2863 3535 2932 qui
3575 2865 3633 2916 itt

2042 2949 2288 3018 paradiso
2337 2947 2595 3019 dejectus,
2646 2960 2699 3005 et
2728 2950 2795 3006 de
2825 2950 3072 3021 paradiso
3101 2950 3306 3022 ejectus
3334 2960 3438 3017 est,
3477 2969 3544 3007 ue
3575 2954 3628 3006 in

2040 3040 2158 3096 loco
2175 3039 2519 3096 beatitudinis
2547 3050 2788 3097 maneret
2817 3051 3002 3096 natura
3032 3040 3303 3108 damnata,
3330 3053 3383 3098 et
3406 3043 3529 3097 vitia
3548 3043 3634 3099 vel

2039 3132 2317 3203 supplicia,
2350 3147 2468 3204 qua:
2492 3143 2734 3205 posteros
2756 3133 2873 3200 ejus
2904 3132 3094 3187 merito
3122 3129 3333 3186 fuerant
3360 3144 3633 3198 secutura,

2041 3222 2093 3278 in
2118 3238 2184 3278 eo
2212 3224 2330 3279 loco
2355 3234 2534 3279 essent
2553 3266 2570 3292 ,
2599 3222 2688 3280 ubi
2717 3223 2859 3278 nulla
2894 3238 3014 3279 esse
3055 3223 3303 3277 sinuntur
3328 3223 3487 3280 mala.
3531 3223 3634 3283 Vos

2039 3322 2216 3370 autem
2242 3313 2369 3371 dum
2393 3313 2597 3388 negatis
2627 3316 2723 3370 ista
2751 3312 2834 3371 vel
2865 3313 3121 3370 deformia
3144 3315 3227 3371 vel
3248 3331 3546 3371 aerumnosa
3565 3316 3635 3372 de

2041 3408 2248 3464 meritis
2268 3407 2465 3464 vitiata:
2490 3418 2688 3464 nostra:
2721 3418 2922 3463 naturae
2950 3407 3162 3472 venire,
3195 3392 3634 3465 commixtionem

2041 3499 2351 3570 permittitis
2392 3499 2601 3567 alienae,
2646 3508 2807 3571 atque
2851 3499 2921 3555 ita
2978 3499 3158 3554 miseri
3213 3509 3269 3556 et
3315 3498 3638 3555 Manicluees

2038 3589 2294 3661 adjuvare
2322 3590 2595 3662 cogitniui,
2626 3598 2681 3646 et
2714 3590 2848 3646 mala
2879 3590 2967 3644 illa
3000 3589 3050 3643 in
3094 3589 3392 3659 paradisum
3419 3599 3638 3647 revocat

2034 3697 2193 3740 error
2218 3690 2414 3748 vester,
2431 3681 2573 3737 unde
2599 3681 2683 3736 illa
2705 3680 2994 3736 abstulerat
3024 3679 3193 3750 pudor
3221 3688 3419 3735 vester.

2109 3772 2275 3829 XVII.
2313 3773 2431 3830 JcL.
2476 3775 2544 3828 At
2582 3782 2768 3828 contra
2809 3771 2928 3828 vide
2976 3787 3136 3845 quam
3189 3770 3449 3828 adversus
3494 3780 3545 3827 te
3581 3780 3638 3828 et

2040 3864 2408 3932 Manicltzeum,
2432 3864 2584 3936 cnjus
2615 3873 2667 3921 te
2704 3879 2920 3935 semper
2950 3864 3102 3919 ruina
3142 3864 3432 3930 convolvit,
3476 3879 3639 3921 verus

2039 3959 2111 4014 sit
2139 3957 2292 4014 nobis
2329 3957 2631 4021 conﬂictus,
2659 3966 2714 4014 et
2738 3957 2805 4013 de
2830 3972 2897 4014 eo
2921 3957 3064 4012 celer
3090 3957 3410 4029 triumplms.
3443 3957 3637 4015 Omnia

2040 4052 2153 4115 illa,
2191 4068 2310 4123 qua:
2339 4051 2392 4108 in
2437 4050 2880 4122 vituperationem
2932 4049 3104 4105 divini
3153 4043 3331 4121 operis
3374 4052 3636 4119 evomuit,

2040 4142 2228 4213 prima:
2269 4142 2447 4199 statim
2504 4139 2831 4198 definitionis
2879 4149 3060 4196 aratro
3112 4140 3636 4211 circumscribimus;

2039 4231 2386 4307 cogimusq‘ue
2411 4241 2466 4288 ut
2496 4231 2747 4303 explicet,
2795 4229 2923 4303 quid
2979 4239 3127 4301 putet
3169 4246 3291 4287 esse
3334 4242 3636 4303 peccatum,

2039 4325 2183 4398 quod
2214 4326 2379 4381 claret
2400 4322 2532 4381 nihil
2562 4338 2683 4379 esse
2706 4322 2873 4392 aliud,
2905 4338 3063 4394 quam
3108 4322 3433 4378 voluntatem
3467 4339 3635 4396 appe-

2043 4425 2242 4473 tentem
2272 4414 2416 4487 quod
2437 4414 2642 4487 iustitia
2672 4421 2837 4480 vetat,
2860 4422 2914 4468 et
2941 4411 3084 4469 unde
3112 4413 3338 4469 liberum
3365 4422 3448 4469 est
3474 4413 3638 4470 absti-

2043 4524 2191 4565 nere.
2219 4508 2336 4576 Quo
2360 4508 2672 4573 constituto,
2708 4520 2897 4561 omnes
2937 4504 3014 4559 illi
3057 4501 3457 4560 oblocutionum
3489 4506 3631 4572 rubi,

2041 4600 2132 4670 qui
2153 4598 2549 4654 concretionem
2577 4611 2863 4666 corporum
2902 4603 3251 4664 pupugerant,
3280 4592 3554 4660 radicitus,
3581 4603 3638 4650 et

2043 4699 2097 4745 ιιι
2116 4691 2202 4745 ille
2221 4691 2313 4755 ait,
2337 4688 2622 4745 eradicitus
2642 4695 3007 4741 monstrantur
3028 4686 3195 4740 evulsi
3228 4685 3450 4754 (Cicero,
3480 4687 3569 4741 lib.
3600 4686 3639 4742 3

2043 4781 2107 4836 de
2135 4778 2395 4852 Finibus).
2422 4778 2541 4833 Jant
2571 4791 2700 4832 vero
2728 4776 2952 4832 aﬂ'ectus
2996 4773 3205 4829 timoris
3229 4783 3281 4829 et
3317 4790 3507 4830 sensus
3535 4762 3647 4832 do-A

2045 4874 2194 4941 loris,
2220 4888 2317 4944 per
2339 4872 2555 4943 questu
2585 4867 2855 4940 naufragia
2878 4865 3155 4923 hominum
3198 4866 3327 4923 cieri
3350 4878 3641 4940 tempesta.

2046 4976 2151 5022 tem
2186 4965 2406 5036 putavit,
2435 4979 2541 5019 non
2591 4961 2763 5018 Solum
2808 4960 3004 5015 nullius
3044 4957 3168 5014 mali
3217 4968 3514 5026 coactores,
3544 4960 3645 5018 sed

2043 5074 2165 5114 cum
2197 5060 2214 5091 ⁸
2245 5054 2554 5127 repagulum
2583 5053 2737 5110 boote
2780 5051 3069 5108 voluntatis
3113 5049 3257 5106 nacti
3293 5059 3439 5116 sunt,
3486 5052 3641 5123 adju-

2048 5161 2192 5207 tores
2210 5158 2265 5206 et
2288 5157 2628 5221 pervecteres
2649 5147 2670 5179 ²
2688 5145 2907 5216 iustitiae
2934 5142 3311 5215 perdoceutur.
3334 5142 3467 5212 Quis
3495 5146 3639 5201 enim

2049 5243 2360 5300 formidaret
2395 5239 2679 5312 judicium,
2739 5237 2841 5292 nisi
2894 5234 3103 5292 timeris
3153 5234 3469 5291 admonitu?
3513 5235 3639 5303 Quis

2050 5336 2375 5408 paenitentiae
2408 5332 2694 5405 gemitibus
2732 5330 3031 5401 iuvaretur,
3076 5324 3181 5382 nisi
3222 5325 3426 5383 doloris
3459 5335 3514 5381 et
3556 5324 3642 5380 in-

2051 5442 2215 5486 terua:
2248 5426 2578 5499 a‘gritudinis
2597 5422 2852 5496 expiatu?
2903 5420 3041 5491 Quid
3078 5430 3351 5492 postremo
3385 5419 3643 5474 severitas

2046 5519 2334 5593 iudicantis
2356 5517 2574 5581 valeret,
2603 5515 2705 5570 nisi
2728 5511 3023 5570 voluntaria
3051 5518 3265 5584 peccata
3287 5508 3418 5566 illati
3433 5506 3641 5564 crucia-

2119 5659 2133 5689 ¹
2169 5657 2243 5707 sic
2266 5662 2369 5704 Mss.
2396 5659 2446 5703 tn
2469 5652 2628 5713 \‘ign.,
2650 5655 2835 5700 contra.

2120 5722 2139 5752 ¹
2173 5724 2332 5777 Forte.
2354 5721 2583 5779 provectu;
2602 5727 2667 5762 rs.
