  <div class='ocr_page' id='page_1' title='image "/cluster/home/n/w/nwhite01/storage/ocr_20150623/44-45/uc1.31175026792435/779.png"; bbox 0 0 4124 6514; ppageno 0'>
   <div class='ocr_carea' id='block_1_1' title="bbox 515 325 654 386">
    <p class='ocr_par' dir='ltr' id='par_1_1' title="bbox 515 325 654 386">
     <span class='ocr_line' id='line_1_1' title="bbox 515 325 654 386; baseline -0.014 -1"><span class='ocrx_word' id='word_1_1' title='bbox 515 325 654 386; x_wconf 76' lang='grc'><strong>1539</strong></span> 
     </span>
    </p>
   </div>
   <div class='ocr_carea' id='block_1_2' title="bbox 513 422 2110 511">
    <p class='ocr_par' dir='ltr' id='par_1_2' title="bbox 513 422 2110 511">
     <span class='ocr_line' id='line_1_2' title="bbox 513 422 2110 511; baseline -0.017 -12"><span class='ocrx_word' id='word_1_2' title='bbox 513 451 602 499; x_wconf 79' lang='lat' dir='ltr'><strong>tus</strong></span> <span class='ocrx_word' id='word_1_3' title='bbox 647 455 888 500; x_wconf 66' lang='lat' dir='ltr'><strong>aerumna</strong></span> <span class='ocrx_word' id='word_1_4' title='bbox 941 437 1190 511; x_wconf 87' lang='lat' dir='ltr'><strong>puniret?</strong></span> <span class='ocrx_word' id='word_1_5' title='bbox 1237 435 1478 503; x_wconf 83' lang='lat' dir='ltr'><strong>Quorum</strong></span> <span class='ocrx_word' id='word_1_6' title='bbox 1531 431 1768 488; x_wconf 90' lang='lat' dir='ltr'><strong>omnium</strong></span> <span class='ocrx_word' id='word_1_7' title='bbox 1805 422 2110 482; x_wconf 75' lang='lat' dir='ltr'><strong>testimonio</strong></span> 
     </span>
    </p>
   </div>
   <div class='ocr_carea' id='block_1_3' title="bbox 515 519 2109 606">
    <p class='ocr_par' dir='ltr' id='par_1_3' title="bbox 515 519 2109 606">
     <span class='ocr_line' id='line_1_3' title="bbox 515 519 2109 606; baseline -0.015 -15"><span class='ocrx_word' id='word_1_8' title='bbox 515 543 759 606; x_wconf 72' lang='lat' dir='ltr'><strong>apparet,</strong></span> <span class='ocrx_word' id='word_1_9' title='bbox 791 533 924 588; x_wconf 85' lang='lat' dir='ltr'><strong>nihil</strong></span> <span class='ocrx_word' id='word_1_10' title='bbox 949 530 1092 587; x_wconf 83' lang='lat' dir='ltr'><strong>aliud</strong></span> <span class='ocrx_word' id='word_1_11' title='bbox 1119 543 1240 584; x_wconf 90' lang='lat' dir='ltr'><strong>esse</strong></span> <span class='ocrx_word' id='word_1_12' title='bbox 1267 535 1565 597; x_wconf 87' lang='lat' dir='ltr'><strong>peccatum,</strong></span> <span class='ocrx_word' id='word_1_13' title='bbox 1587 537 1746 594; x_wconf 89' lang='lat' dir='ltr'><strong>quam</strong></span> <span class='ocrx_word' id='word_1_14' title='bbox 1779 519 2109 572; x_wconf 75' lang='lat' dir='ltr'><strong>Voluntatem</strong></span> 
     </span>
    </p>
   </div>
   <div class='ocr_carea' id='block_1_4' title="bbox 517 611 2110 696">
    <p class='ocr_par' dir='ltr' id='par_1_4' title="bbox 517 611 2110 696">
     <span class='ocr_line' id='line_1_4' title="bbox 517 611 2110 696; baseline -0.014 -13"><span class='ocrx_word' id='word_1_15' title='bbox 517 628 740 684; x_wconf 81' lang='lat' dir='ltr'><strong>liberam</strong></span> <span class='ocrx_word' id='word_1_16' title='bbox 763 623 1146 696; x_wconf 89' lang='lat' dir='ltr'><strong>despicientem</strong></span> <span class='ocrx_word' id='word_1_17' title='bbox 1165 627 1428 692; x_wconf 77' lang='lat' dir='ltr'><strong>prascepta</strong></span> <span class='ocrx_word' id='word_1_18' title='bbox 1445 615 1692 687; x_wconf 63' lang='lat' dir='ltr'><strong>iustitiae;</strong></span> <span class='ocrx_word' id='word_1_19' title='bbox 1717 611 1978 679; x_wconf 88' lang='lat' dir='ltr'><strong>aliterque</strong></span> <span class='ocrx_word' id='word_1_20' title='bbox 2001 621 2110 661; x_wconf 84' lang='lat' dir='ltr'><strong>null</strong></span> 
     </span>
    </p>
   </div>
   <div class='ocr_carea' id='block_1_5' title="bbox 515 704 2105 790">
    <p class='ocr_par' dir='ltr' id='par_1_5' title="bbox 515 704 2105 790">
     <span class='ocr_line' id='line_1_5' title="bbox 515 704 2105 790; baseline -0.017 -14"><span class='ocrx_word' id='word_1_21' title='bbox 515 727 664 776; x_wconf 65' lang='lat' dir='ltr'><strong>stare</strong></span> <span class='ocrx_word' id='word_1_22' title='bbox 687 718 974 790; x_wconf 88' lang='lat' dir='ltr'><strong>justitiam,</strong></span> <span class='ocrx_word' id='word_1_23' title='bbox 1005 729 1163 786; x_wconf 88' lang='lat' dir='ltr'><strong>quam</strong></span> <span class='ocrx_word' id='word_1_24' title='bbox 1193 713 1237 768; x_wconf 86' lang='lat' dir='ltr'><strong>si</strong></span> <span class='ocrx_word' id='word_1_25' title='bbox 1277 711 1406 766; x_wconf 92' lang='lat' dir='ltr'><strong>illud</strong></span> <span class='ocrx_word' id='word_1_26' title='bbox 1447 709 1667 778; x_wconf 92' lang='lat' dir='ltr'><strong>imputet</strong></span> <span class='ocrx_word' id='word_1_27' title='bbox 1714 704 1765 758; x_wconf 92' lang='lat' dir='ltr'><strong>in</strong></span> <span class='ocrx_word' id='word_1_28' title='bbox 1809 709 2105 790; x_wconf 87' lang='lat' dir='ltr'><strong>peccatum,</strong></span> 
     </span>
    </p>
   </div>
   <div class='ocr_carea' id='block_1_6' title="bbox 517 789 2113 881">
    <p class='ocr_par' dir='ltr' id='par_1_6' title="bbox 517 789 2113 881">
     <span class='ocr_line' id='line_1_6' title="bbox 517 789 2113 881; baseline -0.014 -16"><span class='ocrx_word' id='word_1_29' title='bbox 517 789 914 881; x_wconf 15' lang='lat' dir='ltr'><strong>eujusinovcrit</strong></span> <span class='ocrx_word' id='word_1_30' title='bbox 943 807 1106 862; x_wconf 91' lang='lat' dir='ltr'><strong>fuisse</strong></span> <span class='ocrx_word' id='word_1_31' title='bbox 1155 803 1376 858; x_wconf 88' lang='lat' dir='ltr'><strong>liberam</strong></span> <span class='ocrx_word' id='word_1_32' title='bbox 1401 798 1740 854; x_wconf 90' lang='lat' dir='ltr'><strong>cautionem:</strong></span> <span class='ocrx_word' id='word_1_33' title='bbox 1771 808 1835 848; x_wconf 88' lang='lat' dir='ltr'><strong>ac</strong></span> <span class='ocrx_word' id='word_1_34' title='bbox 1875 805 1972 860; x_wconf 89' lang='lat' dir='ltr'><strong>per</strong></span> <span class='ocrx_word' id='word_1_35' title='bbox 2009 789 2113 843; x_wconf 90' lang='lat' dir='ltr'><strong>hoc</strong></span> 
     </span>
    </p>
   </div>
   <div class='ocr_carea' id='block_1_7' title="bbox 519 887 2110 974">
    <p class='ocr_par' dir='ltr' id='par_1_7' title="bbox 519 887 2110 974">
     <span class='ocr_line' id='line_1_7' title="bbox 519 887 2110 974; baseline -0.014 -13"><span class='ocrx_word' id='word_1_36' title='bbox 519 905 668 960; x_wconf 81' lang='lat' dir='ltr'><strong>nulla</strong></span> <span class='ocrx_word' id='word_1_37' title='bbox 695 904 834 974; x_wconf 81' lang='lat' dir='ltr'><strong>lege,</strong></span> <span class='ocrx_word' id='word_1_38' title='bbox 861 917 924 958; x_wconf 88' lang='lat' dir='ltr'><strong>ea</strong></span> <span class='ocrx_word' id='word_1_39' title='bbox 968 915 1086 972; x_wconf 75' lang='lat' dir='ltr'><strong>qua:</strong></span> <span class='ocrx_word' id='word_1_40' title='bbox 1125 893 1380 954; x_wconf 90' lang='lat' dir='ltr'><strong>naturalia</strong></span> <span class='ocrx_word' id='word_1_41' title='bbox 1413 901 1557 958; x_wconf 86' lang='lat' dir='ltr'><strong>sunt,</strong></span> <span class='ocrx_word' id='word_1_42' title='bbox 1604 889 1656 944; x_wconf 92' lang='lat' dir='ltr'><strong>in</strong></span> <span class='ocrx_word' id='word_1_43' title='bbox 1701 887 1910 956; x_wconf 89' lang='lat' dir='ltr'><strong>culpam</strong></span> <span class='ocrx_word' id='word_1_44' title='bbox 1953 897 2110 954; x_wconf 85' lang='lat' dir='ltr'><strong>posse</strong></span> 
     </span>
    </p>
   </div>
   <div class='ocr_carea' id='block_1_8' title="bbox 519 978 2113 1068">
    <p class='ocr_par' dir='ltr' id='par_1_8' title="bbox 519 978 2113 1068">
     <span class='ocr_line' id='line_1_8' title="bbox 519 978 2113 1068; baseline -0.015 -14"><span class='ocrx_word' id='word_1_45' title='bbox 519 997 788 1068; x_wconf 76' lang='lat' dir='ltr'><strong>reputari;</strong></span> <span class='ocrx_word' id='word_1_46' title='bbox 821 1011 921 1050; x_wconf 90' lang='lat' dir='ltr'><strong>nec</strong></span> <span class='ocrx_word' id='word_1_47' title='bbox 949 1005 1264 1064; x_wconf 87' lang='lat' dir='ltr'><strong>quemquam</strong></span> <span class='ocrx_word' id='word_1_48' title='bbox 1286 987 1556 1055; x_wconf 84' lang='lat' dir='ltr'><strong>suscipere</strong></span> <span class='ocrx_word' id='word_1_49' title='bbox 1583 983 1808 1046; x_wconf 88' lang='lat' dir='ltr'><strong>crimen,</strong></span> <span class='ocrx_word' id='word_1_50' title='bbox 1837 978 1980 1050; x_wconf 89' lang='lat' dir='ltr'><strong>quod</strong></span> <span class='ocrx_word' id='word_1_51' title='bbox 2007 991 2113 1030; x_wconf 89' lang='lat' dir='ltr'><strong>non</strong></span> 
     </span>
    </p>
   </div>
   <div class='ocr_carea' id='block_1_9' title="bbox 523 1069 2113 1158">
    <p class='ocr_par' dir='ltr' id='par_1_9' title="bbox 523 1069 2113 1158">
     <span class='ocr_line' id='line_1_9' title="bbox 523 1069 2113 1158; baseline -0.015 -12"><span class='ocrx_word' id='word_1_52' title='bbox 523 1090 642 1158; x_wconf 81' lang='lat' dir='ltr'><strong>ipse</strong></span> <span class='ocrx_word' id='word_1_53' title='bbox 697 1085 1044 1148; x_wconf 89' lang='lat' dir='ltr'><strong>commiserit,</strong></span> <span class='ocrx_word' id='word_1_54' title='bbox 1089 1097 1209 1138; x_wconf 89' lang='lat' dir='ltr'><strong>cum</strong></span> <span class='ocrx_word' id='word_1_55' title='bbox 1257 1080 1426 1134; x_wconf 89' lang='lat' dir='ltr'><strong>vitare</strong></span> <span class='ocrx_word' id='word_1_56' title='bbox 1473 1075 1656 1147; x_wconf 89' lang='lat' dir='ltr'><strong>possit.</strong></span> <span class='ocrx_word' id='word_1_57' title='bbox 1713 1072 1826 1140; x_wconf 86' lang='lat' dir='ltr'><strong>Qua</strong></span> <span class='ocrx_word' id='word_1_58' title='bbox 1875 1069 2113 1140; x_wconf 85' lang='lat' dir='ltr'><strong>potentia</strong></span> 
     </span>
    </p>
   </div>
   <div class='ocr_carea' id='block_1_10' title="bbox 525 1160 2116 1235">
    <p class='ocr_par' dir='ltr' id='par_1_10' title="bbox 525 1160 2116 1235">
     <span class='ocr_line' id='line_1_10' title="bbox 525 1160 2116 1235; baseline -0.013 0"><span class='ocrx_word' id='word_1_59' title='bbox 525 1179 854 1235; x_wconf 74' lang='lat' dir='ltr'><strong>Ilanicltzeus</strong></span> <span class='ocrx_word' id='word_1_60' title='bbox 877 1185 930 1232; x_wconf 91' lang='lat' dir='ltr'><strong>et</strong></span> <span class='ocrx_word' id='word_1_61' title='bbox 971 1173 1333 1232; x_wconf 81' lang='lat' dir='ltr'><strong>Traducianus</strong></span> <span class='ocrx_word' id='word_1_62' title='bbox 1381 1167 1732 1228; x_wconf 90' lang='lat' dir='ltr'><strong>consumitur,</strong></span> <span class='ocrx_word' id='word_1_63' title='bbox 1765 1163 1855 1235; x_wconf 90' lang='lat' dir='ltr'><strong>qui</strong></span> <span class='ocrx_word' id='word_1_64' title='bbox 1905 1160 2116 1217; x_wconf 73' lang='lat' dir='ltr'><strong>effossis</strong></span> 
     </span>
    </p>
   </div>
   <div class='ocr_carea' id='block_1_11' title="bbox 523 1257 2117 1338">
    <p class='ocr_par' dir='ltr' id='par_1_11' title="bbox 523 1257 2117 1338">
     <span class='ocr_line' id='line_1_11' title="bbox 523 1257 2117 1338; baseline -0.011 -12"><span class='ocrx_word' id='word_1_65' title='bbox 523 1271 688 1327; x_wconf 70' lang='lat' dir='ltr'><strong>torius</strong></span> <span class='ocrx_word' id='word_1_66' title='bbox 741 1266 1104 1338; x_wconf 67' lang='lat' dir='ltr'><strong>intelligentiae</strong></span> <span class='ocrx_word' id='word_1_67' title='bbox 1153 1264 1346 1329; x_wconf 89' lang='lat' dir='ltr'><strong>oculis,</strong></span> <span class='ocrx_word' id='word_1_68' title='bbox 1394 1277 1508 1318; x_wconf 91' lang='lat' dir='ltr'><strong>rem</strong></span> <span class='ocrx_word' id='word_1_69' title='bbox 1559 1257 1847 1315; x_wconf 83' lang='lat' dir='ltr'><strong>voluntatis</strong></span> <span class='ocrx_word' id='word_1_70' title='bbox 1892 1263 2117 1310; x_wconf 88' lang='lat' dir='ltr'><strong>conatur</strong></span> 
     </span>
    </p>
   </div>
   <div class='ocr_carea' id='block_1_12' title="bbox 521 1357 1150 1418">
    <p class='ocr_par' dir='ltr' id='par_1_12' title="bbox 521 1357 1150 1418">
     <span class='ocr_line' id='line_1_12' title="bbox 521 1357 1150 1418; baseline -0.011 0"><span class='ocrx_word' id='word_1_71' title='bbox 521 1359 818 1418; x_wconf 71' lang='lat' dir='ltr'><strong>seminibus</strong></span> <span class='ocrx_word' id='word_1_72' title='bbox 841 1357 1150 1414; x_wconf 80' lang='lat' dir='ltr'><strong>admovere.</strong></span> 
     </span>
    </p>
   </div>
   <div class='ocr_carea' id='block_1_13' title="bbox 595 1440 2114 1517">
    <p class='ocr_par' dir='ltr' id='par_1_13' title="bbox 595 1440 2114 1517">
     <span class='ocr_line' id='line_1_13' title="bbox 595 1440 2114 1517; baseline -0.013 -7"><span class='ocrx_word' id='word_1_73' title='bbox 595 1453 732 1510; x_wconf 77' lang='lat' dir='ltr'><strong>Anc.</strong></span> <span class='ocrx_word' id='word_1_74' title='bbox 775 1451 869 1507; x_wconf 76' lang='lat' dir='ltr'><strong>llis</strong></span> <span class='ocrx_word' id='word_1_75' title='bbox 900 1451 1002 1506; x_wconf 93' lang='lat' dir='ltr'><strong>tuis</strong></span> <span class='ocrx_word' id='word_1_76' title='bbox 1032 1447 1306 1505; x_wconf 86' lang='lat' dir='ltr'><strong>erroribus</strong></span> <span class='ocrx_word' id='word_1_77' title='bbox 1340 1445 1450 1517; x_wconf 86' lang='lat' dir='ltr'><strong>jam</strong></span> <span class='ocrx_word' id='word_1_78' title='bbox 1498 1459 1642 1515; x_wconf 63' lang='lat' dir='ltr'><strong>saepe</strong></span> <span class='ocrx_word' id='word_1_79' title='bbox 1695 1440 2068 1512; x_wconf 89' lang='lat' dir='ltr'><strong>respondimus</strong></span> <span class='ocrx_word' id='word_1_80' title='bbox 2100 1453 2114 1491; x_wconf 77' lang='grc' dir='ltr'><strong>ι</strong></span> 
     </span>
    </p>
   </div>
   <div class='ocr_carea' id='block_1_14' title="bbox 525 1532 2116 1615">
    <p class='ocr_par' dir='ltr' id='par_1_14' title="bbox 525 1532 2116 1615">
     <span class='ocr_line' id='line_1_14' title="bbox 525 1532 2116 1615; baseline -0.01 -16"><span class='ocrx_word' id='word_1_81' title='bbox 525 1545 671 1600; x_wconf 89' lang='lat' dir='ltr'><strong>unde</strong></span> <span class='ocrx_word' id='word_1_82' title='bbox 703 1543 794 1615; x_wconf 91' lang='lat' dir='ltr'><strong>qui</strong></span> <span class='ocrx_word' id='word_1_83' title='bbox 823 1558 883 1596; x_wconf 90' lang='lat' dir='ltr'><strong>ea</strong></span> <span class='ocrx_word' id='word_1_84' title='bbox 919 1542 1123 1612; x_wconf 84' lang='lat' dir='ltr'><strong>legunt,</strong></span> <span class='ocrx_word' id='word_1_85' title='bbox 1158 1548 1212 1595; x_wconf 93' lang='lat' dir='ltr'><strong>et</strong></span> <span class='ocrx_word' id='word_1_86' title='bbox 1241 1536 1516 1593; x_wconf 74' lang='lat' dir='ltr'><strong>memoria:</strong></span> <span class='ocrx_word' id='word_1_87' title='bbox 1560 1532 1961 1599; x_wconf 90' lang='lat' dir='ltr'><strong>commendant,</strong></span> <span class='ocrx_word' id='word_1_88' title='bbox 2011 1545 2116 1584; x_wconf 90' lang='lat' dir='ltr'><strong>non</strong></span> 
     </span>
    </p>
   </div>
   <div class='ocr_carea' id='block_1_15' title="bbox 527 1624 2119 1707">
    <p class='ocr_par' dir='ltr' id='par_1_15' title="bbox 527 1624 2119 1707">
     <span class='ocr_line' id='line_1_15' title="bbox 527 1624 2119 1707; baseline -0.009 -17"><span class='ocrx_word' id='word_1_89' title='bbox 527 1637 728 1707; x_wconf 89' lang='lat' dir='ltr'><strong>ubique</strong></span> <span class='ocrx_word' id='word_1_90' title='bbox 774 1633 1086 1690; x_wconf 88' lang='lat' dir='ltr'><strong>desiderant</strong></span> <span class='ocrx_word' id='word_1_91' title='bbox 1127 1630 1528 1701; x_wconf 86' lang='lat' dir='ltr'><strong>responsionem</strong></span> <span class='ocrx_word' id='word_1_92' title='bbox 1559 1641 1732 1681; x_wconf 83' lang='lat' dir='ltr'><strong>meam</strong></span> <span class='ocrx_word' id='word_1_93' title='bbox 1758 1665 1774 1692; x_wconf 89' lang='lat'><strong>,</strong></span> <span class='ocrx_word' id='word_1_94' title='bbox 1804 1624 2119 1691; x_wconf 90' lang='lat' dir='ltr'><strong>ubicumque</strong></span> 
     </span>
    </p>
   </div>
   <div class='ocr_carea' id='block_1_16' title="bbox 526 1717 2120 1798">
    <p class='ocr_par' dir='ltr' id='par_1_16' title="bbox 526 1717 2120 1798">
     <span class='ocr_line' id='line_1_16' title="bbox 526 1717 2120 1798; baseline -0.009 -16"><span class='ocrx_word' id='word_1_95' title='bbox 526 1739 584 1784; x_wconf 92' lang='lat' dir='ltr'><strong>tu</strong></span> <span class='ocrx_word' id='word_1_96' title='bbox 625 1728 826 1798; x_wconf 85' lang='lat' dir='ltr'><strong>repetis</strong></span> <span class='ocrx_word' id='word_1_97' title='bbox 855 1725 1231 1781; x_wconf 89' lang='lat' dir='ltr'><strong>verbositatcm</strong></span> <span class='ocrx_word' id='word_1_98' title='bbox 1265 1733 1428 1776; x_wconf 86' lang='lat' dir='ltr'><strong>tuam.</strong></span> <span class='ocrx_word' id='word_1_99' title='bbox 1455 1719 1562 1776; x_wconf 89' lang='lat' dir='ltr'><strong>Sed</strong></span> <span class='ocrx_word' id='word_1_100' title='bbox 1588 1734 1655 1774; x_wconf 89' lang='lat' dir='ltr'><strong>ne</strong></span> <span class='ocrx_word' id='word_1_101' title='bbox 1681 1717 1960 1789; x_wconf 82' lang='lat' dir='ltr'><strong>quisquam</strong></span> <span class='ocrx_word' id='word_1_102' title='bbox 1991 1730 2120 1784; x_wconf 87' lang='lat' dir='ltr'><strong>que-</strong></span> 
     </span>
    </p>
   </div>
   <div class='ocr_carea' id='block_1_17' title="bbox 525 1807 2118 1890">
    <p class='ocr_par' dir='ltr' id='par_1_17' title="bbox 525 1807 2118 1890">
     <span class='ocr_line' id='line_1_17' title="bbox 525 1807 2118 1890; baseline -0.009 -16"><span class='ocrx_word' id='word_1_103' title='bbox 525 1829 698 1884; x_wconf 81' lang='lat' dir='ltr'><strong>ratur,</strong></span> <span class='ocrx_word' id='word_1_104' title='bbox 723 1817 1124 1890; x_wconf 84' lang='lat' dir='ltr'><strong>ignoscentibus</strong></span> <span class='ocrx_word' id='word_1_105' title='bbox 1159 1814 1286 1870; x_wconf 90' lang='lat' dir='ltr'><strong>mihi</strong></span> <span class='ocrx_word' id='word_1_106' title='bbox 1313 1811 1664 1868; x_wconf 88' lang='lat' dir='ltr'><strong>celerioribus</strong></span> <span class='ocrx_word' id='word_1_107' title='bbox 1691 1809 1902 1880; x_wconf 75' lang='lat' dir='ltr'><strong>ingenio</strong></span> <span class='ocrx_word' id='word_1_108' title='bbox 1921 1850 1935 1874; x_wconf 94' lang='lat'><strong>,</strong></span> <span class='ocrx_word' id='word_1_109' title='bbox 1961 1807 2118 1862; x_wconf 89' lang='lat' dir='ltr'><strong>etiam</strong></span> 
     </span>
    </p>
   </div>
   <div class='ocr_carea' id='block_1_18' title="bbox 525 1899 2122 1968">
    <p class='ocr_par' dir='ltr' id='par_1_18' title="bbox 525 1899 2122 1968">
     <span class='ocr_line' id='line_1_18' title="bbox 525 1899 2122 1968; baseline -0.009 -4"><span class='ocrx_word' id='word_1_110' title='bbox 525 1911 867 1966; x_wconf 85' lang='lat' dir='ltr'><strong>tardiusculis</strong></span> <span class='ocrx_word' id='word_1_111' title='bbox 890 1908 1080 1963; x_wconf 51' lang='lat' dir='ltr'><strong>dces-te</strong></span> <span class='ocrx_word' id='word_1_112' title='bbox 1101 1921 1205 1960; x_wconf 90' lang='lat' dir='ltr'><strong>non</strong></span> <span class='ocrx_word' id='word_1_113' title='bbox 1235 1904 1424 1960; x_wconf 88' lang='lat' dir='ltr'><strong>debeo.</strong></span> <span class='ocrx_word' id='word_1_114' title='bbox 1446 1899 1586 1957; x_wconf 85' lang='lat' dir='ltr'><strong>Ecce</strong></span> <span class='ocrx_word' id='word_1_115' title='bbox 1601 1911 1649 1956; x_wconf 92' lang='lat' dir='ltr'><strong>et</strong></span> <span class='ocrx_word' id='word_1_116' title='bbox 1671 1900 1754 1954; x_wconf 93' lang='lat' dir='ltr'><strong>hic</strong></span> <span class='ocrx_word' id='word_1_117' title='bbox 1783 1899 1872 1954; x_wconf 87' lang='lat' dir='ltr'><strong>tibi</strong></span> <span class='ocrx_word' id='word_1_118' title='bbox 1901 1913 2122 1968; x_wconf 80' lang='lat' dir='ltr'><strong>respon-</strong></span> 
     </span>
    </p>
   </div>
   <div class='ocr_carea' id='block_1_19' title="bbox 523 1987 2119 2071">
    <p class='ocr_par' dir='ltr' id='par_1_19' title="bbox 523 1987 2119 2071">
     <span class='ocr_line' id='line_1_19' title="bbox 523 1987 2119 2071; baseline -0.01 -13"><span class='ocrx_word' id='word_1_119' title='bbox 523 2003 628 2058; x_wconf 87' lang='lat' dir='ltr'><strong>deo</strong></span> <span class='ocrx_word' id='word_1_120' title='bbox 658 2002 726 2057; x_wconf 91' lang='lat' dir='ltr'><strong>de</strong></span> <span class='ocrx_word' id='word_1_121' title='bbox 755 2001 959 2071; x_wconf 81' lang='lat' dir='ltr'><strong>peccati</strong></span> <span class='ocrx_word' id='word_1_122' title='bbox 989 1998 1320 2062; x_wconf 90' lang='lat' dir='ltr'><strong>definitione,</strong></span> <span class='ocrx_word' id='word_1_123' title='bbox 1348 2011 1449 2066; x_wconf 90' lang='lat' dir='ltr'><strong>qua</strong></span> <span class='ocrx_word' id='word_1_124' title='bbox 1483 2003 1534 2048; x_wconf 92' lang='lat' dir='ltr'><strong>te</strong></span> <span class='ocrx_word' id='word_1_125' title='bbox 1576 1994 1592 2026; x_wconf 73' lang='grc' dir='ltr'><strong>ι</strong></span> <span class='ocrx_word' id='word_1_126' title='bbox 1621 1991 1844 2047; x_wconf 88' lang='lat' dir='ltr'><strong>multttm</strong></span> <span class='ocrx_word' id='word_1_127' title='bbox 1879 1987 2119 2059; x_wconf 76' lang='lat' dir='ltr'><strong>adjuvari</strong></span> 
     </span>
    </p>
   </div>
   <div class='ocr_carea' id='block_1_20' title="bbox 525 2079 2120 2165">
    <p class='ocr_par' dir='ltr' id='par_1_20' title="bbox 525 2079 2120 2165">
     <span class='ocr_line' id='line_1_20' title="bbox 525 2079 2120 2165; baseline -0.009 -19"><span class='ocrx_word' id='word_1_128' title='bbox 525 2104 697 2165; x_wconf 88' lang='lat' dir='ltr'><strong>putas.</strong></span> <span class='ocrx_word' id='word_1_129' title='bbox 735 2091 864 2148; x_wconf 90' lang='lat' dir='ltr'><strong>Illud</strong></span> <span class='ocrx_word' id='word_1_130' title='bbox 891 2089 1032 2163; x_wconf 91' lang='lat' dir='ltr'><strong>quod</strong></span> <span class='ocrx_word' id='word_1_131' title='bbox 1080 2097 1352 2160; x_wconf 88' lang='lat' dir='ltr'><strong>peccatum</strong></span> <span class='ocrx_word' id='word_1_132' title='bbox 1383 2087 1452 2140; x_wconf 92' lang='lat' dir='ltr'><strong>ita</strong></span> <span class='ocrx_word' id='word_1_133' title='bbox 1481 2093 1584 2147; x_wconf 90' lang='lat' dir='ltr'><strong>est,</strong></span> <span class='ocrx_word' id='word_1_134' title='bbox 1616 2091 1673 2137; x_wconf 87' lang='lat' dir='ltr'><strong>ut</strong></span> <span class='ocrx_word' id='word_1_135' title='bbox 1699 2097 1804 2136; x_wconf 93' lang='lat' dir='ltr'><strong>non</strong></span> <span class='ocrx_word' id='word_1_136' title='bbox 1853 2081 1920 2134; x_wconf 90' lang='lat' dir='ltr'><strong>sit</strong></span> <span class='ocrx_word' id='word_1_137' title='bbox 1958 2079 2120 2134; x_wconf 87' lang='lat' dir='ltr'><strong>etiam</strong></span> 
     </span>
    </p>
   </div>
   <div class='ocr_carea' id='block_1_21' title="bbox 526 2172 2118 2257">
    <p class='ocr_par' dir='ltr' id='par_1_21' title="bbox 526 2172 2118 2257">
     <span class='ocr_line' id='line_1_21' title="bbox 526 2172 2118 2257; baseline -0.011 -17"><span class='ocrx_word' id='word_1_138' title='bbox 526 2201 683 2257; x_wconf 80' lang='lat' dir='ltr'><strong>poma</strong></span> <span class='ocrx_word' id='word_1_139' title='bbox 713 2185 938 2256; x_wconf 86' lang='lat' dir='ltr'><strong>peccati,</strong></span> <span class='ocrx_word' id='word_1_140' title='bbox 967 2181 1205 2238; x_wconf 91' lang='lat' dir='ltr'><strong>definitio</strong></span> <span class='ocrx_word' id='word_1_141' title='bbox 1232 2181 1331 2234; x_wconf 89' lang='lat' dir='ltr'><strong>ista</strong></span> <span class='ocrx_word' id='word_1_142' title='bbox 1373 2176 1715 2238; x_wconf 87' lang='lat' dir='ltr'><strong>determinat,</strong></span> <span class='ocrx_word' id='word_1_143' title='bbox 1762 2188 1865 2245; x_wconf 91' lang='lat' dir='ltr'><strong>qua</strong></span> <span class='ocrx_word' id='word_1_144' title='bbox 1904 2172 2118 2237; x_wconf 90' lang='lat' dir='ltr'><strong>dicitur,</strong></span> 
     </span>
    </p>
   </div>
   <div class='ocr_carea' id='block_1_22' title="bbox 475 2265 2120 2342">
    <p class='ocr_par' dir='ltr' id='par_1_22' title="bbox 475 2265 2120 2342">
     <span class='ocr_line' id='line_1_22' title="bbox 475 2265 2120 2342; baseline -0.007 -12"><span class='ocrx_word' id='word_1_145' title='bbox 475 2325 480 2330; x_wconf 91' lang='lat'><strong>.</strong></span> <span class='ocrx_word' id='word_1_146' title='bbox 527 2277 813 2333; x_wconf 78' lang='lat' dir='ltr'><strong>Peccatum</strong></span> <span class='ocrx_word' id='word_1_147' title='bbox 844 2285 924 2330; x_wconf 85' lang='lat' dir='ltr'><strong>est</strong></span> <span class='ocrx_word' id='word_1_148' title='bbox 953 2274 1195 2328; x_wconf 89' lang='lat' dir='ltr'><strong>voluntas</strong></span> <span class='ocrx_word' id='word_1_149' title='bbox 1221 2279 1481 2342; x_wconf 91' lang='lat' dir='ltr'><strong>appetens</strong></span> <span class='ocrx_word' id='word_1_150' title='bbox 1509 2266 1652 2338; x_wconf 88' lang='lat' dir='ltr'><strong>quod</strong></span> <span class='ocrx_word' id='word_1_151' title='bbox 1690 2265 1895 2337; x_wconf 86' lang='lat' dir='ltr'><strong>jnslitia</strong></span> <span class='ocrx_word' id='word_1_152' title='bbox 1947 2272 2120 2330; x_wconf 83' lang='lat' dir='ltr'><strong>vetat,</strong></span> 
     </span>
    </p>
   </div>
   <div class='ocr_carea' id='block_1_23' title="bbox 529 2355 2120 2430">
    <p class='ocr_par' dir='ltr' id='par_1_23' title="bbox 529 2355 2120 2430">
     <span class='ocr_line' id='line_1_23' title="bbox 529 2355 2120 2430; baseline -0.008 -6"><span class='ocrx_word' id='word_1_153' title='bbox 529 2381 582 2424; x_wconf 86' lang='lat' dir='ltr'><strong>et</strong></span> <span class='ocrx_word' id='word_1_154' title='bbox 609 2370 752 2424; x_wconf 85' lang='lat' dir='ltr'><strong>unde</strong></span> <span class='ocrx_word' id='word_1_155' title='bbox 777 2377 858 2423; x_wconf 90' lang='lat' dir='ltr'><strong>est</strong></span> <span class='ocrx_word' id='word_1_156' title='bbox 885 2367 1112 2422; x_wconf 77' lang='lat' dir='ltr'><strong>libertini</strong></span> <span class='ocrx_word' id='word_1_157' title='bbox 1140 2363 1428 2420; x_wconf 88' lang='lat' dir='ltr'><strong>abstinere.</strong></span> <span class='ocrx_word' id='word_1_158' title='bbox 1449 2359 1602 2430; x_wconf 83' lang='lat' dir='ltr'><strong>Quod</strong></span> <span class='ocrx_word' id='word_1_159' title='bbox 1629 2359 1858 2414; x_wconf 81' lang='lat' dir='ltr'><strong>maxime</strong></span> <span class='ocrx_word' id='word_1_160' title='bbox 1876 2357 1942 2412; x_wconf 90' lang='lat' dir='ltr'><strong>ad</strong></span> <span class='ocrx_word' id='word_1_161' title='bbox 1969 2355 2120 2412; x_wconf 89' lang='lat' dir='ltr'><strong>illum</strong></span> 
     </span>
    </p>
   </div>
   <div class='ocr_carea' id='block_1_24' title="bbox 534 2451 2125 2532">
    <p class='ocr_par' dir='ltr' id='par_1_24' title="bbox 534 2451 2125 2532">
     <span class='ocr_line' id='line_1_24' title="bbox 534 2451 2125 2532; baseline -0.008 -14"><span class='ocrx_word' id='word_1_162' title='bbox 534 2462 785 2532; x_wconf 89' lang='lat' dir='ltr'><strong>pertinet,</strong></span> <span class='ocrx_word' id='word_1_163' title='bbox 808 2477 873 2516; x_wconf 89' lang='lat' dir='ltr'><strong>ex</strong></span> <span class='ocrx_word' id='word_1_164' title='bbox 899 2459 1053 2530; x_wconf 88' lang='lat' dir='ltr'><strong>cujus</strong></span> <span class='ocrx_word' id='word_1_165' title='bbox 1093 2467 1311 2529; x_wconf 90' lang='lat' dir='ltr'><strong>peccato</strong></span> <span class='ocrx_word' id='word_1_166' title='bbox 1343 2456 1436 2510; x_wconf 90' lang='lat' dir='ltr'><strong>illo</strong></span> <span class='ocrx_word' id='word_1_167' title='bbox 1493 2469 1686 2524; x_wconf 89' lang='lat' dir='ltr'><strong>magno</strong></span> <span class='ocrx_word' id='word_1_168' title='bbox 1733 2452 1962 2523; x_wconf 87' lang='lat' dir='ltr'><strong>posteris</strong></span> <span class='ocrx_word' id='word_1_169' title='bbox 2009 2451 2125 2521; x_wconf 79' lang='lat' dir='ltr'><strong>ejus</strong></span> 
     </span>
    </p>
   </div>
   <div class='ocr_carea' id='block_1_25' title="bbox 537 2541 2125 2620">
    <p class='ocr_par' dir='ltr' id='par_1_25' title="bbox 537 2541 2125 2620">
     <span class='ocr_line' id='line_1_25' title="bbox 537 2541 2125 2620; baseline -0.006 -11"><span class='ocrx_word' id='word_1_170' title='bbox 537 2561 622 2609; x_wconf 89' lang='lat' dir='ltr'><strong>est</strong></span> <span class='ocrx_word' id='word_1_171' title='bbox 645 2561 826 2607; x_wconf 83' lang='lat' dir='ltr'><strong>exorta</strong></span> <span class='ocrx_word' id='word_1_172' title='bbox 853 2549 1067 2605; x_wconf 81' lang='lat' dir='ltr'><strong>miseria</strong></span> <span class='ocrx_word' id='word_1_173' title='bbox 1111 2564 1208 2620; x_wconf 90' lang='lat' dir='ltr'><strong>per</strong></span> <span class='ocrx_word' id='word_1_174' title='bbox 1235 2546 1602 2618; x_wconf 82' lang='lat' dir='ltr'><strong>gravejugum</strong></span> <span class='ocrx_word' id='word_1_175' title='bbox 1631 2561 1660 2599; x_wconf 90' lang='lat' dir='ltr'><strong>a</strong></span> <span class='ocrx_word' id='word_1_176' title='bbox 1701 2543 1789 2600; x_wconf 90' lang='lat' dir='ltr'><strong>die</strong></span> <span class='ocrx_word' id='word_1_177' title='bbox 1839 2543 2013 2599; x_wconf 80' lang='lat' dir='ltr'><strong>exitus</strong></span> <span class='ocrx_word' id='word_1_178' title='bbox 2059 2541 2125 2600; x_wconf 90' lang='lat' dir='ltr'><strong>de</strong></span> 
     </span>
    </p>
   </div>
   <div class='ocr_carea' id='block_1_26' title="bbox 533 2635 2124 2711">
    <p class='ocr_par' dir='ltr' id='par_1_26' title="bbox 533 2635 2124 2711">
     <span class='ocr_line' id='line_1_26' title="bbox 533 2635 2124 2711; baseline -0.006 -12"><span class='ocrx_word' id='word_1_179' title='bbox 533 2651 724 2699; x_wconf 79' lang='lat' dir='ltr'><strong>ventre</strong></span> <span class='ocrx_word' id='word_1_180' title='bbox 752 2643 936 2698; x_wconf 87' lang='lat' dir='ltr'><strong>matris</strong></span> <span class='ocrx_word' id='word_1_181' title='bbox 956 2655 1164 2705; x_wconf 84' lang='lat' dir='ltr'><strong>eorum,</strong></span> <span class='ocrx_word' id='word_1_182' title='bbox 1183 2649 1236 2695; x_wconf 93' lang='lat' dir='ltr'><strong>et</strong></span> <span class='ocrx_word' id='word_1_183' title='bbox 1261 2655 1359 2711; x_wconf 91' lang='lat' dir='ltr'><strong>per</strong></span> <span class='ocrx_word' id='word_1_184' title='bbox 1389 2654 1584 2709; x_wconf 87' lang='lat' dir='ltr'><strong>corpus</strong></span> <span class='ocrx_word' id='word_1_185' title='bbox 1609 2637 1957 2708; x_wconf 90' lang='lat' dir='ltr'><strong>corruptibile</strong></span> <span class='ocrx_word' id='word_1_186' title='bbox 1983 2635 2124 2708; x_wconf 90' lang='lat' dir='ltr'><strong>quod</strong></span> 
     </span>
    </p>
   </div>
   <div class='ocr_carea' id='block_1_27' title="bbox 535 2731 2122 2808">
    <p class='ocr_par' dir='ltr' id='par_1_27' title="bbox 535 2731 2122 2808">
     <span class='ocr_line' id='line_1_27' title="bbox 535 2731 2122 2808; baseline -0.004 -17"><span class='ocrx_word' id='word_1_187' title='bbox 535 2743 788 2808; x_wconf 82' lang='lat' dir='ltr'><strong>aggravat</strong></span> <span class='ocrx_word' id='word_1_188' title='bbox 815 2735 1070 2789; x_wconf 87' lang='lat' dir='ltr'><strong>animam.</strong></span> <span class='ocrx_word' id='word_1_189' title='bbox 1101 2731 1190 2790; x_wconf 93' lang='lat' dir='ltr'><strong>ille</strong></span> <span class='ocrx_word' id='word_1_190' title='bbox 1211 2734 1407 2804; x_wconf 91' lang='lat' dir='ltr'><strong>quippe</strong></span> <span class='ocrx_word' id='word_1_191' title='bbox 1429 2733 1542 2802; x_wconf 90' lang='lat' dir='ltr'><strong>lege</strong></span> <span class='ocrx_word' id='word_1_192' title='bbox 1570 2731 1882 2786; x_wconf 84' lang='lat' dir='ltr'><strong>brevissima</strong></span> <span class='ocrx_word' id='word_1_193' title='bbox 1908 2739 2122 2800; x_wconf 84' lang='lat' dir='ltr'><strong>accepta</strong></span> 
     </span>
    </p>
   </div>
   <div class='ocr_carea' id='block_1_28' title="bbox 536 2821 2123 2896">
    <p class='ocr_par' dir='ltr' id='par_1_28' title="bbox 536 2821 2123 2896">
     <span class='ocr_line' id='line_1_28' title="bbox 536 2821 2123 2896; baseline -0.004 -13"><span class='ocrx_word' id='word_1_194' title='bbox 536 2827 743 2883; x_wconf 84' lang='lat' dir='ltr'><strong>sciebat</strong></span> <span class='ocrx_word' id='word_1_195' title='bbox 765 2825 890 2896; x_wconf 85' lang='lat' dir='ltr'><strong>quid</strong></span> <span class='ocrx_word' id='word_1_196' title='bbox 919 2824 1340 2895; x_wconf 86' lang='lat' dir='ltr'><strong>vetarctjustitia</strong></span> <span class='ocrx_word' id='word_1_197' title='bbox 1369 2840 1382 2890; x_wconf 92' lang='lat'><strong>;</strong></span> <span class='ocrx_word' id='word_1_198' title='bbox 1412 2831 1466 2877; x_wconf 92' lang='lat' dir='ltr'><strong>ct</strong></span> <span class='ocrx_word' id='word_1_199' title='bbox 1493 2822 1616 2878; x_wconf 88' lang='lat' dir='ltr'><strong>inde</strong></span> <span class='ocrx_word' id='word_1_200' title='bbox 1644 2823 1665 2854; x_wconf 77' lang='grc'><em>³</em></span> <span class='ocrx_word' id='word_1_201' title='bbox 1687 2822 1758 2876; x_wconf 90' lang='lat' dir='ltr'><strong>illi</strong></span> <span class='ocrx_word' id='word_1_202' title='bbox 1787 2822 1967 2892; x_wconf 89' lang='lat' dir='ltr'><strong>utique</strong></span> <span class='ocrx_word' id='word_1_203' title='bbox 1987 2821 2123 2877; x_wconf 87' lang='lat' dir='ltr'><strong>libe-</strong></span> 
     </span>
    </p>
   </div>
   <div class='ocr_carea' id='block_1_29' title="bbox 537 2913 2122 2984">
    <p class='ocr_par' dir='ltr' id='par_1_29' title="bbox 537 2913 2122 2984">
     <span class='ocr_line' id='line_1_29' title="bbox 537 2913 2122 2984; baseline -0.006 -9"><span class='ocrx_word' id='word_1_204' title='bbox 537 2935 656 2976; x_wconf 88' lang='lat' dir='ltr'><strong>rum</strong></span> <span class='ocrx_word' id='word_1_205' title='bbox 681 2917 850 2974; x_wconf 80' lang='lat' dir='ltr'><strong>fuerat</strong></span> <span class='ocrx_word' id='word_1_206' title='bbox 875 2919 1164 2981; x_wconf 87' lang='lat' dir='ltr'><strong>abstinere,</strong></span> <span class='ocrx_word' id='word_1_207' title='bbox 1203 2915 1440 2972; x_wconf 91' lang='lat' dir='ltr'><strong>nondum</strong></span> <span class='ocrx_word' id='word_1_208' title='bbox 1463 2915 1719 2970; x_wconf 86' lang='lat' dir='ltr'><strong>adversus</strong></span> <span class='ocrx_word' id='word_1_209' title='bbox 1742 2913 1859 2984; x_wconf 90' lang='lat' dir='ltr'><strong>ejus</strong></span> <span class='ocrx_word' id='word_1_210' title='bbox 1877 2913 2122 2984; x_wconf 87' lang='lat' dir='ltr'><strong>spiritum</strong></span> 
     </span>
    </p>
   </div>
   <div class='ocr_carea' id='block_1_30' title="bbox 535 3007 2124 3086">
    <p class='ocr_par' dir='ltr' id='par_1_30' title="bbox 535 3007 2124 3086">
     <span class='ocr_line' id='line_1_30' title="bbox 535 3007 2124 3086; baseline -0.008 -13"><span class='ocrx_word' id='word_1_211' title='bbox 535 3031 699 3073; x_wconf 86' lang='lat' dir='ltr'><strong>carne</strong></span> <span class='ocrx_word' id='word_1_212' title='bbox 720 3017 1151 3086; x_wconf 89' lang='lat' dir='ltr'><strong>concupiscente,</strong></span> <span class='ocrx_word' id='word_1_213' title='bbox 1177 3021 1398 3084; x_wconf 86' lang='lat' dir='ltr'><strong>propter</strong></span> <span class='ocrx_word' id='word_1_214' title='bbox 1413 3010 1554 3081; x_wconf 88' lang='lat' dir='ltr'><strong>quod</strong></span> <span class='ocrx_word' id='word_1_215' title='bbox 1581 3009 1777 3065; x_wconf 89' lang='lat' dir='ltr'><strong>malum</strong></span> <span class='ocrx_word' id='word_1_216' title='bbox 1799 3009 1958 3065; x_wconf 88' lang='lat' dir='ltr'><strong>etiam</strong></span> <span class='ocrx_word' id='word_1_217' title='bbox 1989 3007 2124 3062; x_wconf 87' lang='lat' dir='ltr'><strong>fide-</strong></span> 
     </span>
    </p>
   </div>
   <div class='ocr_carea' id='block_1_31' title="bbox 541 3099 2125 3176">
    <p class='ocr_par' dir='ltr' id='par_1_31' title="bbox 541 3099 2125 3176">
     <span class='ocr_line' id='line_1_31' title="bbox 541 3099 2125 3176; baseline -0.008 -10"><span class='ocrx_word' id='word_1_218' title='bbox 541 3109 682 3166; x_wconf 85' lang='lat' dir='ltr'><strong>libus</strong></span> <span class='ocrx_word' id='word_1_219' title='bbox 710 3108 909 3164; x_wconf 83' lang='lat' dir='ltr'><strong>dictum</strong></span> <span class='ocrx_word' id='word_1_220' title='bbox 941 3115 1045 3174; x_wconf 87' lang='lat' dir='ltr'><strong>est,</strong></span> <span class='ocrx_word' id='word_1_221' title='bbox 1073 3105 1140 3162; x_wconf 86' lang='lat' dir='ltr'><strong>Ut</strong></span> <span class='ocrx_word' id='word_1_222' title='bbox 1169 3121 1268 3160; x_wconf 83' lang='lat' dir='ltr'><strong>non</strong></span> <span class='ocrx_word' id='word_1_223' title='bbox 1294 3121 1352 3158; x_wconf 84' lang='lat' dir='ltr'><strong>ea</strong></span> <span class='ocrx_word' id='word_1_224' title='bbox 1380 3120 1494 3176; x_wconf 63' lang='lat' dir='ltr'><strong>quia</strong></span> <span class='ocrx_word' id='word_1_225' title='bbox 1517 3104 1666 3158; x_wconf 79' lang='lat' dir='ltr'><strong>vultis</strong></span> <span class='ocrx_word' id='word_1_226' title='bbox 1696 3101 1896 3173; x_wconf 79' lang='lat' dir='ltr'><strong>faciatis</strong></span> <span class='ocrx_word' id='word_1_227' title='bbox 1928 3099 2125 3172; x_wconf 77' lang='lat' dir='ltr'><strong>(Colat.</strong></span> 
     </span>
    </p>
   </div>
   <div class='ocr_carea' id='block_1_32' title="bbox 537 3189 2126 3274">
    <p class='ocr_par' dir='ltr' id='par_1_32' title="bbox 537 3189 2126 3274">
     <span class='ocr_line' id='line_1_32' title="bbox 537 3189 2126 3274; baseline -0.009 -13"><span class='ocrx_word' id='word_1_228' title='bbox 537 3221 595 3273; x_wconf 85' lang='lat' dir='ltr'><strong>v,</strong></span> <span class='ocrx_word' id='word_1_229' title='bbox 647 3203 760 3274; x_wconf 77' lang='grc' dir='ltr'><strong>Π).</strong></span> <span class='ocrx_word' id='word_1_230' title='bbox 811 3202 1040 3258; x_wconf 71' lang='lat' dir='ltr'><strong>Cmcitas</strong></span> <span class='ocrx_word' id='word_1_231' title='bbox 1093 3199 1253 3272; x_wconf 82' lang='lat' dir='ltr'><strong>igitur</strong></span> <span class='ocrx_word' id='word_1_232' title='bbox 1301 3198 1502 3265; x_wconf 88' lang='lat' dir='ltr'><strong>cordis,</strong></span> <span class='ocrx_word' id='word_1_233' title='bbox 1554 3213 1658 3269; x_wconf 89' lang='lat' dir='ltr'><strong>qua</strong></span> <span class='ocrx_word' id='word_1_234' title='bbox 1711 3195 1951 3252; x_wconf 89' lang='lat' dir='ltr'><strong>nescitur</strong></span> <span class='ocrx_word' id='word_1_235' title='bbox 1998 3189 2126 3265; x_wconf 89' lang='lat' dir='ltr'><strong>quid</strong></span> 
     </span>
    </p>
   </div>
   <div class='ocr_carea' id='block_1_33' title="bbox 529 3285 2129 3368">
    <p class='ocr_par' dir='ltr' id='par_1_33' title="bbox 529 3285 2129 3368">
     <span class='ocr_line' id='line_1_33' title="bbox 529 3285 2129 3368; baseline -0.006 -18"><span class='ocrx_word' id='word_1_236' title='bbox 529 3295 732 3368; x_wconf 88' lang='lat' dir='ltr'><strong>justitia</strong></span> <span class='ocrx_word' id='word_1_237' title='bbox 755 3302 920 3361; x_wconf 85' lang='lat' dir='ltr'><strong>vetet,</strong></span> <span class='ocrx_word' id='word_1_238' title='bbox 944 3303 999 3349; x_wconf 84' lang='lat' dir='ltr'><strong>et</strong></span> <span class='ocrx_word' id='word_1_239' title='bbox 1019 3291 1268 3347; x_wconf 91' lang='lat' dir='ltr'><strong>violentia</strong></span> <span class='ocrx_word' id='word_1_240' title='bbox 1290 3287 1758 3362; x_wconf 68' lang='lat' dir='ltr'><strong>concupiscentizc,</strong></span> <span class='ocrx_word' id='word_1_241' title='bbox 1777 3303 1879 3358; x_wconf 87' lang='lat' dir='ltr'><strong>qua</strong></span> <span class='ocrx_word' id='word_1_242' title='bbox 1897 3285 2129 3342; x_wconf 87' lang='lat' dir='ltr'><strong>vincitur</strong></span> 
     </span>
    </p>
   </div>
   <div class='ocr_carea' id='block_1_34' title="bbox 530 3381 2127 3457">
    <p class='ocr_par' dir='ltr' id='par_1_34' title="bbox 530 3381 2127 3457">
     <span class='ocr_line' id='line_1_34' title="bbox 530 3381 2127 3457; baseline -0.008 -15"><span class='ocrx_word' id='word_1_243' title='bbox 530 3387 694 3444; x_wconf 85' lang='lat' dir='ltr'><strong>etiam</strong></span> <span class='ocrx_word' id='word_1_244' title='bbox 720 3387 811 3457; x_wconf 86' lang='lat' dir='ltr'><strong>qui</strong></span> <span class='ocrx_word' id='word_1_245' title='bbox 853 3384 952 3440; x_wconf 80' lang='lat' dir='ltr'><strong>Scit</strong></span> <span class='ocrx_word' id='word_1_246' title='bbox 983 3383 1128 3439; x_wconf 92' lang='lat' dir='ltr'><strong>unde</strong></span> <span class='ocrx_word' id='word_1_247' title='bbox 1175 3381 1370 3438; x_wconf 88' lang='lat' dir='ltr'><strong>debeat</strong></span> <span class='ocrx_word' id='word_1_248' title='bbox 1417 3381 1705 3446; x_wconf 85' lang='lat' dir='ltr'><strong>abstinere,</strong></span> <span class='ocrx_word' id='word_1_249' title='bbox 1763 3395 1868 3434; x_wconf 88' lang='lat' dir='ltr'><strong>non</strong></span> <span class='ocrx_word' id='word_1_250' title='bbox 1920 3385 2127 3434; x_wconf 90' lang='lat' dir='ltr'><strong>tantum</strong></span> 
     </span>
    </p>
   </div>
   <div class='ocr_carea' id='block_1_35' title="bbox 534 3469 2129 3553">
    <p class='ocr_par' dir='ltr' id='par_1_35' title="bbox 534 3469 2129 3553">
     <span class='ocr_line' id='line_1_35' title="bbox 534 3469 2129 3553; baseline -0.007 -17"><span class='ocrx_word' id='word_1_251' title='bbox 534 3487 780 3553; x_wconf 88' lang='lat' dir='ltr'><strong>peccata,</strong></span> <span class='ocrx_word' id='word_1_252' title='bbox 825 3477 919 3534; x_wconf 84' lang='lat' dir='ltr'><strong>sed</strong></span> <span class='ocrx_word' id='word_1_253' title='bbox 955 3491 1130 3548; x_wconf 63' lang='lat' dir='ltr'><strong>pinnae</strong></span> <span class='ocrx_word' id='word_1_254' title='bbox 1157 3483 1284 3531; x_wconf 91' lang='lat' dir='ltr'><strong>sunt</strong></span> <span class='ocrx_word' id='word_1_255' title='bbox 1316 3475 1475 3530; x_wconf 91' lang='lat' dir='ltr'><strong>etiam</strong></span> <span class='ocrx_word' id='word_1_256' title='bbox 1519 3481 1881 3544; x_wconf 89' lang='lat' dir='ltr'><strong>peccatorum.</strong></span> <span class='ocrx_word' id='word_1_257' title='bbox 1914 3473 1978 3526; x_wconf 86' lang='lat' dir='ltr'><strong>Et</strong></span> <span class='ocrx_word' id='word_1_258' title='bbox 2009 3469 2129 3526; x_wconf 92' lang='lat' dir='ltr'><strong>ideo</strong></span> 
     </span>
    </p>
   </div>
   <div class='ocr_carea' id='block_1_36' title="bbox 535 3563 2128 3637">
    <p class='ocr_par' dir='ltr' id='par_1_36' title="bbox 535 3563 2128 3637">
     <span class='ocr_line' id='line_1_36' title="bbox 535 3563 2128 3637; baseline -0.006 -9"><span class='ocrx_word' id='word_1_259' title='bbox 535 3589 642 3630; x_wconf 89' lang='lat' dir='ltr'><strong>non</strong></span> <span class='ocrx_word' id='word_1_260' title='bbox 673 3569 1017 3626; x_wconf 88' lang='lat' dir='ltr'><strong>includuntur</strong></span> <span class='ocrx_word' id='word_1_261' title='bbox 1039 3567 1129 3623; x_wconf 90' lang='lat' dir='ltr'><strong>illa</strong></span> <span class='ocrx_word' id='word_1_262' title='bbox 1157 3566 1467 3623; x_wconf 90' lang='lat' dir='ltr'><strong>definitione</strong></span> <span class='ocrx_word' id='word_1_263' title='bbox 1497 3565 1721 3637; x_wconf 89' lang='lat' dir='ltr'><strong>peccati,</strong></span> <span class='ocrx_word' id='word_1_264' title='bbox 1753 3581 1854 3636; x_wconf 90' lang='lat' dir='ltr'><strong>qua</strong></span> <span class='ocrx_word' id='word_1_265' title='bbox 1886 3579 1993 3618; x_wconf 90' lang='lat' dir='ltr'><strong>non</strong></span> <span class='ocrx_word' id='word_1_266' title='bbox 2029 3563 2128 3618; x_wconf 89' lang='lat' dir='ltr'><strong>de-</strong></span> 
     </span>
    </p>
   </div>
   <div class='ocr_carea' id='block_1_37' title="bbox 533 3655 2130 3731">
    <p class='ocr_par' dir='ltr' id='par_1_37' title="bbox 533 3655 2130 3731">
     <span class='ocr_line' id='line_1_37' title="bbox 533 3655 2130 3731; baseline -0.007 -11"><span class='ocrx_word' id='word_1_267' title='bbox 533 3663 743 3720; x_wconf 87' lang='lat' dir='ltr'><strong>finitum</strong></span> <span class='ocrx_word' id='word_1_268' title='bbox 769 3669 850 3717; x_wconf 89' lang='lat' dir='ltr'><strong>est</strong></span> <span class='ocrx_word' id='word_1_269' title='bbox 877 3661 976 3716; x_wconf 88' lang='lat' dir='ltr'><strong>nisi</strong></span> <span class='ocrx_word' id='word_1_270' title='bbox 1004 3667 1276 3731; x_wconf 87' lang='lat' dir='ltr'><strong>peccatum</strong></span> <span class='ocrx_word' id='word_1_271' title='bbox 1308 3659 1498 3723; x_wconf 90' lang='lat' dir='ltr'><strong>solum,</strong></span> <span class='ocrx_word' id='word_1_272' title='bbox 1527 3673 1632 3713; x_wconf 91' lang='lat' dir='ltr'><strong>non</strong></span> <span class='ocrx_word' id='word_1_273' title='bbox 1660 3655 1799 3728; x_wconf 89' lang='lat' dir='ltr'><strong>quod</strong></span> <span class='ocrx_word' id='word_1_274' title='bbox 1827 3665 1910 3712; x_wconf 88' lang='lat' dir='ltr'><strong>est</strong></span> <span class='ocrx_word' id='word_1_275' title='bbox 1935 3665 1986 3710; x_wconf 91' lang='lat' dir='ltr'><strong>et</strong></span> <span class='ocrx_word' id='word_1_276' title='bbox 2011 3667 2130 3726; x_wconf 72' lang='lat' dir='ltr'><strong>pa:-</strong></span> 
     </span>
    </p>
   </div>
   <div class='ocr_carea' id='block_1_38' title="bbox 535 3747 2128 3827">
    <p class='ocr_par' dir='ltr' id='par_1_38' title="bbox 535 3747 2128 3827">
     <span class='ocr_line' id='line_1_38' title="bbox 535 3747 2128 3827; baseline -0.008 -15"><span class='ocrx_word' id='word_1_277' title='bbox 535 3772 604 3812; x_wconf 88' lang='lat' dir='ltr'><strong>na</strong></span> <span class='ocrx_word' id='word_1_278' title='bbox 627 3754 849 3827; x_wconf 88' lang='lat' dir='ltr'><strong>peccati.</strong></span> <span class='ocrx_word' id='word_1_279' title='bbox 877 3753 1008 3810; x_wconf 90' lang='lat' dir='ltr'><strong>Cum</strong></span> <span class='ocrx_word' id='word_1_280' title='bbox 1030 3755 1171 3808; x_wconf 88' lang='lat' dir='ltr'><strong>enim</strong></span> <span class='ocrx_word' id='word_1_281' title='bbox 1193 3751 1309 3822; x_wconf 84' lang='lat' dir='ltr'><strong>quis</strong></span> <span class='ocrx_word' id='word_1_282' title='bbox 1339 3751 1546 3821; x_wconf 81' lang='lat' dir='ltr'><strong>ignorat</strong></span> <span class='ocrx_word' id='word_1_283' title='bbox 1574 3749 1698 3820; x_wconf 85' lang='lat' dir='ltr'><strong>quid</strong></span> <span class='ocrx_word' id='word_1_284' title='bbox 1724 3747 1894 3804; x_wconf 90' lang='lat' dir='ltr'><strong>facere</strong></span> <span class='ocrx_word' id='word_1_285' title='bbox 1916 3747 2128 3811; x_wconf 88' lang='lat' dir='ltr'><strong>debeat,</strong></span> 
     </span>
    </p>
   </div>
   <div class='ocr_carea' id='block_1_39' title="bbox 533 3839 2134 3916">
    <p class='ocr_par' dir='ltr' id='par_1_39' title="bbox 533 3839 2134 3916">
     <span class='ocr_line' id='line_1_39' title="bbox 533 3839 2134 3916; baseline -0.004 -13"><span class='ocrx_word' id='word_1_286' title='bbox 533 3861 588 3904; x_wconf 90' lang='lat' dir='ltr'><strong>ct</strong></span> <span class='ocrx_word' id='word_1_287' title='bbox 617 3847 739 3902; x_wconf 89' lang='lat' dir='ltr'><strong>ideo</strong></span> <span class='ocrx_word' id='word_1_288' title='bbox 766 3845 892 3901; x_wconf 83' lang='lat' dir='ltr'><strong>facit</strong></span> <span class='ocrx_word' id='word_1_289' title='bbox 931 3845 1073 3916; x_wconf 90' lang='lat' dir='ltr'><strong>quod</strong></span> <span class='ocrx_word' id='word_1_290' title='bbox 1106 3843 1279 3900; x_wconf 90' lang='lat' dir='ltr'><strong>facere</strong></span> <span class='ocrx_word' id='word_1_291' title='bbox 1306 3859 1412 3898; x_wconf 92' lang='lat' dir='ltr'><strong>non</strong></span> <span class='ocrx_word' id='word_1_292' title='bbox 1447 3843 1641 3898; x_wconf 89' lang='lat' dir='ltr'><strong>debeat</strong></span> <span class='ocrx_word' id='word_1_293' title='bbox 1665 3843 1720 3908; x_wconf 81' lang='lat'><strong>&#39;;</strong></span> <span class='ocrx_word' id='word_1_294' title='bbox 1775 3858 1880 3898; x_wconf 90' lang='lat' dir='ltr'><strong>non</strong></span> <span class='ocrx_word' id='word_1_295' title='bbox 1936 3841 1986 3897; x_wconf 89' lang='lat' dir='ltr'><strong>ei</strong></span> <span class='ocrx_word' id='word_1_296' title='bbox 2033 3839 2134 3896; x_wconf 91' lang='lat' dir='ltr'><strong>fuit</strong></span> 
     </span>
    </p>
   </div>
   <div class='ocr_carea' id='block_1_40' title="bbox 537 3931 2132 4000">
    <p class='ocr_par' dir='ltr' id='par_1_40' title="bbox 537 3931 2132 4000">
     <span class='ocr_line' id='line_1_40' title="bbox 537 3931 2132 4000; baseline -0.004 -7"><span class='ocrx_word' id='word_1_297' title='bbox 537 3939 770 3994; x_wconf 91' lang='lat' dir='ltr'><strong>liberum</strong></span> <span class='ocrx_word' id='word_1_298' title='bbox 813 3935 1103 4000; x_wconf 79' lang='lat' dir='ltr'><strong>abStincre,</strong></span> <span class='ocrx_word' id='word_1_299' title='bbox 1139 3933 1278 3990; x_wconf 89' lang='lat' dir='ltr'><strong>unde</strong></span> <span class='ocrx_word' id='word_1_300' title='bbox 1314 3931 1688 3988; x_wconf 85' lang='lat' dir='ltr'><strong>abstinendum</strong></span> <span class='ocrx_word' id='word_1_301' title='bbox 1730 3947 1846 3988; x_wconf 85' lang='lat' dir='ltr'><strong>esse</strong></span> <span class='ocrx_word' id='word_1_302' title='bbox 1888 3948 1992 3987; x_wconf 91' lang='lat' dir='ltr'><strong>non</strong></span> <span class='ocrx_word' id='word_1_303' title='bbox 2031 3948 2132 3987; x_wconf 88' lang='lat' dir='ltr'><strong>no-</strong></span> 
     </span>
    </p>
   </div>
   <div class='ocr_carea' id='block_1_41' title="bbox 541 4023 2130 4098">
    <p class='ocr_par' dir='ltr' id='par_1_41' title="bbox 541 4023 2130 4098">
     <span class='ocr_line' id='line_1_41' title="bbox 541 4023 2130 4098; baseline -0.003 -13"><span class='ocrx_word' id='word_1_304' title='bbox 541 4037 715 4085; x_wconf 89' lang='lat' dir='ltr'><strong>verat.</strong></span> <span class='ocrx_word' id='word_1_305' title='bbox 747 4025 1096 4098; x_wconf 89' lang='lat' dir='ltr'><strong>ltemqueille</strong></span> <span class='ocrx_word' id='word_1_306' title='bbox 1125 4025 1232 4096; x_wconf 90' lang='lat' dir='ltr'><strong>qui,</strong></span> <span class='ocrx_word' id='word_1_307' title='bbox 1267 4033 1325 4081; x_wconf 87' lang='lat' dir='ltr'><strong>ut</strong></span> <span class='ocrx_word' id='word_1_308' title='bbox 1369 4025 1566 4092; x_wconf 87' lang='lat' dir='ltr'><strong>dicitis,</strong></span> <span class='ocrx_word' id='word_1_309' title='bbox 1607 4040 1714 4080; x_wconf 91' lang='lat' dir='ltr'><strong>non</strong></span> <span class='ocrx_word' id='word_1_310' title='bbox 1762 4023 1980 4095; x_wconf 81' lang='lat' dir='ltr'><strong>origine,</strong></span> <span class='ocrx_word' id='word_1_311' title='bbox 2037 4024 2130 4080; x_wconf 89' lang='lat' dir='ltr'><strong>sed</strong></span> 
     </span>
    </p>
   </div>
   <div class='ocr_carea' id='block_1_42' title="bbox 539 4115 2127 4189">
    <p class='ocr_par' dir='ltr' id='par_1_42' title="bbox 539 4115 2127 4189">
     <span class='ocr_line' id='line_1_42' title="bbox 539 4115 2127 4189; baseline -0.004 -11"><span class='ocrx_word' id='word_1_312' title='bbox 539 4119 930 4178; x_wconf 87' lang='lat' dir='ltr'><strong>consuetudine</strong></span> <span class='ocrx_word' id='word_1_313' title='bbox 958 4118 1246 4189; x_wconf 89' lang='lat' dir='ltr'><strong>premitur,</strong></span> <span class='ocrx_word' id='word_1_314' title='bbox 1288 4129 1343 4172; x_wconf 92' lang='lat' dir='ltr'><strong>ut</strong></span> <span class='ocrx_word' id='word_1_315' title='bbox 1372 4117 1653 4182; x_wconf 77' lang='lat' dir='ltr'><strong>exclamet,</strong></span> <span class='ocrx_word' id='word_1_316' title='bbox 1685 4115 1738 4170; x_wconf 86' lang='grc' dir='ltr'><strong><em>Ν</em></strong></span> <span class='ocrx_word' id='word_1_317' title='bbox 1743 4135 1804 4170; x_wconf 86' lang='lat' dir='ltr'><strong>an</strong></span> <span class='ocrx_word' id='word_1_318' title='bbox 1835 4116 1970 4186; x_wconf 81' lang='lat' dir='ltr'><strong>quod</strong></span> <span class='ocrx_word' id='word_1_319' title='bbox 1995 4115 2127 4183; x_wconf 80' lang='lat' dir='ltr'><strong>volo,</strong></span> 
     </span>
    </p>
   </div>
   <div class='ocr_carea' id='block_1_43' title="bbox 541 4205 2128 4285">
    <p class='ocr_par' dir='ltr' id='par_1_43' title="bbox 541 4205 2128 4285">
     <span class='ocr_line' id='line_1_43' title="bbox 541 4205 2128 4285; baseline -0.001 -19"><span class='ocrx_word' id='word_1_320' title='bbox 541 4211 680 4285; x_wconf 81' lang='lat' dir='ltr'><strong>facio</strong></span> <span class='ocrx_word' id='word_1_321' title='bbox 695 4209 918 4277; x_wconf 83' lang='lat' dir='ltr'><strong>bonum;</strong></span> <span class='ocrx_word' id='word_1_322' title='bbox 945 4209 1032 4265; x_wconf 80' lang='lat' dir='ltr'><strong>sed</strong></span> <span class='ocrx_word' id='word_1_323' title='bbox 1056 4209 1192 4280; x_wconf 84' lang='lat' dir='ltr'><strong>quod</strong></span> <span class='ocrx_word' id='word_1_324' title='bbox 1207 4210 1322 4264; x_wconf 82' lang='lat' dir='ltr'><strong>nolo</strong></span> <span class='ocrx_word' id='word_1_325' title='bbox 1350 4209 1561 4276; x_wconf 83' lang='lat' dir='ltr'><strong>malum,</strong></span> <span class='ocrx_word' id='word_1_326' title='bbox 1583 4210 1678 4263; x_wconf 79' lang='lat' dir='ltr'><strong>hoc</strong></span> <span class='ocrx_word' id='word_1_327' title='bbox 1699 4227 1793 4280; x_wconf 82' lang='lat' dir='ltr'><strong>ago</strong></span> <span class='ocrx_word' id='word_1_328' title='bbox 1833 4205 2008 4279; x_wconf 81' lang='lat' dir='ltr'><strong>(Rom.</strong></span> <span class='ocrx_word' id='word_1_329' title='bbox 2036 4225 2128 4277; x_wconf 88' lang='lat' dir='ltr'><strong>vtt,</strong></span> 
     </span>
    </p>
   </div>
   <div class='ocr_carea' id='block_1_44' title="bbox 544 4303 2130 4378">
    <p class='ocr_par' dir='ltr' id='par_1_44' title="bbox 544 4303 2130 4378">
     <span class='ocr_line' id='line_1_44' title="bbox 544 4303 2130 4378; baseline -0.006 -16"><span class='ocrx_word' id='word_1_330' title='bbox 544 4303 660 4378; x_wconf 63' lang='lat'><strong>{5),</strong></span> <span class='ocrx_word' id='word_1_331' title='bbox 692 4303 961 4376; x_wconf 86' lang='lat' dir='ltr'><strong>quomodo</strong></span> <span class='ocrx_word' id='word_1_332' title='bbox 991 4305 1038 4359; x_wconf 89' lang='lat' dir='ltr'><strong>ei</strong></span> <span class='ocrx_word' id='word_1_333' title='bbox 1069 4305 1292 4359; x_wconf 77' lang='lat' dir='ltr'><strong>liberant</strong></span> <span class='ocrx_word' id='word_1_334' title='bbox 1343 4315 1419 4359; x_wconf 86' lang='lat' dir='ltr'><strong>est</strong></span> <span class='ocrx_word' id='word_1_335' title='bbox 1467 4303 1734 4358; x_wconf 85' lang='lat' dir='ltr'><strong>abstinere</strong></span> <span class='ocrx_word' id='word_1_336' title='bbox 1776 4303 1843 4358; x_wconf 88' lang='lat' dir='ltr'><strong>ab</strong></span> <span class='ocrx_word' id='word_1_337' title='bbox 1872 4317 1936 4360; x_wconf 89' lang='lat' dir='ltr'><strong>eo</strong></span> <span class='ocrx_word' id='word_1_338' title='bbox 1970 4305 2130 4371; x_wconf 79' lang='lat' dir='ltr'><strong>malo,</strong></span> 
     </span>
    </p>
   </div>
   <div class='ocr_carea' id='block_1_45' title="bbox 543 4393 2136 4468">
    <p class='ocr_par' dir='ltr' id='par_1_45' title="bbox 543 4393 2136 4468">
     <span class='ocr_line' id='line_1_45' title="bbox 543 4393 2136 4468; baseline 0.001 -16"><span class='ocrx_word' id='word_1_339' title='bbox 543 4395 689 4468; x_wconf 88' lang='lat' dir='ltr'><strong>quod</strong></span> <span class='ocrx_word' id='word_1_340' title='bbox 719 4413 821 4452; x_wconf 91' lang='lat' dir='ltr'><strong>non</strong></span> <span class='ocrx_word' id='word_1_341' title='bbox 849 4395 960 4450; x_wconf 90' lang='lat' dir='ltr'><strong>vult</strong></span> <span class='ocrx_word' id='word_1_342' title='bbox 986 4403 1038 4450; x_wconf 86' lang='lat' dir='ltr'><strong>et</strong></span> <span class='ocrx_word' id='word_1_343' title='bbox 1067 4395 1210 4461; x_wconf 90' lang='lat' dir='ltr'><strong>facit,</strong></span> <span class='ocrx_word' id='word_1_344' title='bbox 1243 4395 1355 4450; x_wconf 85' lang='lat' dir='ltr'><strong>odit</strong></span> <span class='ocrx_word' id='word_1_345' title='bbox 1378 4405 1430 4450; x_wconf 92' lang='lat' dir='ltr'><strong>et</strong></span> <span class='ocrx_word' id='word_1_346' title='bbox 1455 4393 1594 4465; x_wconf 87' lang='lat' dir='ltr'><strong>agit?</strong></span> <span class='ocrx_word' id='word_1_347' title='bbox 1623 4395 1713 4450; x_wconf 93' lang='lat' dir='ltr'><strong>llis</strong></span> <span class='ocrx_word' id='word_1_348' title='bbox 1758 4407 1933 4450; x_wconf 87' lang='lat' dir='ltr'><strong>autent</strong></span> <span class='ocrx_word' id='word_1_349' title='bbox 1963 4397 2136 4467; x_wconf 69' lang='lat' dir='ltr'><strong>pannis</strong></span> 
     </span>
    </p>
   </div>
   <div class='ocr_carea' id='block_1_46' title="bbox 543 4485 2138 4556">
    <p class='ocr_par' dir='ltr' id='par_1_46' title="bbox 543 4485 2138 4556">
     <span class='ocr_line' id='line_1_46' title="bbox 543 4485 2138 4556; baseline -0.001 -14"><span class='ocrx_word' id='word_1_350' title='bbox 543 4499 733 4542; x_wconf 85' lang='lat' dir='ltr'><strong>carere</strong></span> <span class='ocrx_word' id='word_1_351' title='bbox 786 4485 830 4541; x_wconf 89' lang='lat' dir='ltr'><strong>si</strong></span> <span class='ocrx_word' id='word_1_352' title='bbox 881 4491 1023 4540; x_wconf 81' lang='lat' dir='ltr'><strong>esset</strong></span> <span class='ocrx_word' id='word_1_353' title='bbox 1069 4485 1121 4540; x_wconf 87' lang='lat' dir='ltr'><strong>in</strong></span> <span class='ocrx_word' id='word_1_354' title='bbox 1169 4485 1444 4541; x_wconf 87' lang='lat' dir='ltr'><strong>hominum</strong></span> <span class='ocrx_word' id='word_1_355' title='bbox 1501 4493 1782 4556; x_wconf 79' lang='lat' dir='ltr'><strong>potestate,</strong></span> <span class='ocrx_word' id='word_1_356' title='bbox 1839 4503 1943 4540; x_wconf 92' lang='lat' dir='ltr'><strong>non</strong></span> <span class='ocrx_word' id='word_1_357' title='bbox 2001 4487 2138 4541; x_wconf 92' lang='lat' dir='ltr'><strong>Deus</strong></span> 
     </span>
    </p>
   </div>
   <div class='ocr_carea' id='block_1_47' title="bbox 549 4577 2136 4653">
    <p class='ocr_par' dir='ltr' id='par_1_47' title="bbox 549 4577 2136 4653">
     <span class='ocr_line' id='line_1_47' title="bbox 549 4577 2136 4653; baseline -0.003 -16"><span class='ocrx_word' id='word_1_358' title='bbox 549 4587 847 4653; x_wconf 84' lang='lat' dir='ltr'><strong>rogaretur,</strong></span> <span class='ocrx_word' id='word_1_359' title='bbox 878 4587 933 4634; x_wconf 91' lang='lat' dir='ltr'><strong>et</strong></span> <span class='ocrx_word' id='word_1_360' title='bbox 957 4587 1138 4634; x_wconf 90' lang='lat' dir='ltr'><strong>contra</strong></span> <span class='ocrx_word' id='word_1_361' title='bbox 1158 4580 1473 4642; x_wconf 65' lang='lat' dir='ltr'><strong>caecitatem,</strong></span> <span class='ocrx_word' id='word_1_362' title='bbox 1500 4577 1583 4633; x_wconf 88' lang='lat' dir='ltr'><strong>ubi</strong></span> <span class='ocrx_word' id='word_1_363' title='bbox 1613 4579 1658 4634; x_wconf 90' lang='lat' dir='ltr'><strong>ei</strong></span> <span class='ocrx_word' id='word_1_364' title='bbox 1687 4578 1902 4648; x_wconf 88' lang='lat' dir='ltr'><strong>dicitur,</strong></span> <span class='ocrx_word' id='word_1_365' title='bbox 1927 4577 2136 4633; x_wconf 74' lang='lat' dir='ltr'><strong>litami-</strong></span> 
     </span>
    </p>
   </div>
   <div class='ocr_carea' id='block_1_48' title="bbox 548 4667 2136 4742">
    <p class='ocr_par' dir='ltr' id='par_1_48' title="bbox 548 4667 2136 4742">
     <span class='ocr_line' id='line_1_48' title="bbox 548 4667 2136 4742; baseline -0.003 -13"><span class='ocrx_word' id='word_1_366' title='bbox 548 4689 616 4730; x_wconf 82' lang='lat' dir='ltr'><strong>na</strong></span> <span class='ocrx_word' id='word_1_367' title='bbox 640 4673 812 4727; x_wconf 77' lang='lat' dir='ltr'><strong>oculos</strong></span> <span class='ocrx_word' id='word_1_368' title='bbox 831 4687 967 4726; x_wconf 81' lang='lat' dir='ltr'><strong>meos</strong></span> <span class='ocrx_word' id='word_1_369' title='bbox 990 4667 1162 4741; x_wconf 82' lang='lat' dir='ltr'><strong>(Psal.</strong></span> <span class='ocrx_word' id='word_1_370' title='bbox 1189 4687 1285 4740; x_wconf 83' lang='lat' dir='ltr'><strong>xu,</strong></span> <span class='ocrx_word' id='word_1_371' title='bbox 1310 4669 1364 4742; x_wconf 66' lang='grc' dir='ltr'><strong>Α)</strong></span> <span class='ocrx_word' id='word_1_372' title='bbox 1383 4687 1396 4736; x_wconf 92' lang='grc'>;</span> <span class='ocrx_word' id='word_1_373' title='bbox 1416 4680 1470 4725; x_wconf 93' lang='lat' dir='ltr'><strong>et</strong></span> <span class='ocrx_word' id='word_1_374' title='bbox 1498 4679 1680 4725; x_wconf 85' lang='lat' dir='ltr'><strong>eontra</strong></span> <span class='ocrx_word' id='word_1_375' title='bbox 1713 4671 1943 4742; x_wconf 79' lang='lat' dir='ltr'><strong>iniquam</strong></span> <span class='ocrx_word' id='word_1_376' title='bbox 1991 4672 2136 4740; x_wconf 85' lang='lat' dir='ltr'><strong>cupi-</strong></span> 
     </span>
    </p>
   </div>
   <div class='ocr_carea' id='block_1_49' title="bbox 543 4755 2136 4833">
    <p class='ocr_par' dir='ltr' id='par_1_49' title="bbox 543 4755 2136 4833">
     <span class='ocr_line' id='line_1_49' title="bbox 543 4755 2136 4833; baseline -0.004 -9"><span class='ocrx_word' id='word_1_377' title='bbox 543 4767 785 4833; x_wconf 87' lang='lat' dir='ltr'><strong>ditatem,</strong></span> <span class='ocrx_word' id='word_1_378' title='bbox 815 4755 907 4821; x_wconf 72' lang='lat' dir='ltr'><strong>ubi</strong></span> <span class='ocrx_word' id='word_1_379' title='bbox 938 4765 986 4819; x_wconf 92' lang='lat' dir='ltr'><strong>ei</strong></span> <span class='ocrx_word' id='word_1_380' title='bbox 1029 4763 1242 4832; x_wconf 72' lang='lat' dir='ltr'><strong>dicitur,</strong></span> <span class='ocrx_word' id='word_1_381' title='bbox 1303 4759 1424 4818; x_wconf 82' lang='lat' dir='ltr'><strong>Non</strong></span> <span class='ocrx_word' id='word_1_382' title='bbox 1471 4763 1754 4817; x_wconf 82' lang='lat' dir='ltr'><strong>dominetur</strong></span> <span class='ocrx_word' id='word_1_383' title='bbox 1805 4763 1928 4817; x_wconf 79' lang='lat' dir='ltr'><strong>mihi</strong></span> <span class='ocrx_word' id='word_1_384' title='bbox 1972 4765 2136 4818; x_wconf 81' lang='lat' dir='ltr'><strong>omnis</strong></span> 
     </span>
    </p>
   </div>
   <div class='ocr_carea' id='block_1_50' title="bbox 541 4853 2139 4932">
    <p class='ocr_par' dir='ltr' id='par_1_50' title="bbox 541 4853 2139 4932">
     <span class='ocr_line' id='line_1_50' title="bbox 541 4853 2139 4932; baseline -0.003 -19"><span class='ocrx_word' id='word_1_385' title='bbox 541 4859 779 4930; x_wconf 77' lang='lat' dir='ltr'><strong>iniquitas</strong></span> <span class='ocrx_word' id='word_1_386' title='bbox 807 4855 980 4932; x_wconf 84' lang='lat' dir='ltr'><strong>(Psaf.</strong></span> <span class='ocrx_word' id='word_1_387' title='bbox 1009 4873 1197 4924; x_wconf 83' lang='lat' dir='ltr'><strong>cxvttt,</strong></span> <span class='ocrx_word' id='word_1_388' title='bbox 1243 4855 1388 4926; x_wconf 78' lang='lat' dir='ltr'><strong>l33).</strong></span> <span class='ocrx_word' id='word_1_389' title='bbox 1419 4853 1587 4911; x_wconf 88' lang='lat' dir='ltr'><strong>Porro</strong></span> <span class='ocrx_word' id='word_1_390' title='bbox 1629 4855 1676 4910; x_wconf 90' lang='lat' dir='ltr'><strong>si</strong></span> <span class='ocrx_word' id='word_1_391' title='bbox 1717 4855 1874 4910; x_wconf 88' lang='lat' dir='ltr'><strong>etiam</strong></span> <span class='ocrx_word' id='word_1_392' title='bbox 1921 4867 2139 4926; x_wconf 85' lang='lat' dir='ltr'><strong>peccata</strong></span> 
     </span>
    </p>
   </div>
   <div class='ocr_carea' id='block_1_51' title="bbox 547 4943 2140 5016">
    <p class='ocr_par' dir='ltr' id='par_1_51' title="bbox 547 4943 2140 5016">
     <span class='ocr_line' id='line_1_51' title="bbox 547 4943 2140 5016; baseline -0.003 -13"><span class='ocrx_word' id='word_1_393' title='bbox 547 4949 668 5004; x_wconf 86' lang='lat' dir='ltr'><strong>ideo</strong></span> <span class='ocrx_word' id='word_1_394' title='bbox 707 4947 808 5002; x_wconf 85' lang='lat' dir='ltr'><strong>ista</strong></span> <span class='ocrx_word' id='word_1_395' title='bbox 833 4961 942 5002; x_wconf 88' lang='lat' dir='ltr'><strong>non</strong></span> <span class='ocrx_word' id='word_1_396' title='bbox 973 4953 1172 5010; x_wconf 88' lang='lat' dir='ltr'><strong>essent,</strong></span> <span class='ocrx_word' id='word_1_397' title='bbox 1217 4945 1342 5016; x_wconf 89' lang='lat' dir='ltr'><strong>quia</strong></span> <span class='ocrx_word' id='word_1_398' title='bbox 1387 4961 1491 4998; x_wconf 87' lang='lat' dir='ltr'><strong>non</strong></span> <span class='ocrx_word' id='word_1_399' title='bbox 1545 4943 1612 4998; x_wconf 91' lang='lat' dir='ltr'><strong>ab</strong></span> <span class='ocrx_word' id='word_1_400' title='bbox 1665 4945 1744 4999; x_wconf 89' lang='lat' dir='ltr'><strong>eis</strong></span> <span class='ocrx_word' id='word_1_401' title='bbox 1793 4945 2014 4999; x_wconf 88' lang='lat' dir='ltr'><strong>liberum</strong></span> <span class='ocrx_word' id='word_1_402' title='bbox 2057 4955 2140 5000; x_wconf 90' lang='lat' dir='ltr'><strong>cst</strong></span> 
     </span>
    </p>
   </div>
   <div class='ocr_carea' id='block_1_52' title="bbox 548 5029 2142 5106">
    <p class='ocr_par' dir='ltr' id='par_1_52' title="bbox 548 5029 2142 5106">
     <span class='ocr_line' id='line_1_52' title="bbox 548 5029 2142 5106; baseline -0.002 -13"><span class='ocrx_word' id='word_1_403' title='bbox 548 5039 837 5105; x_wconf 87' lang='lat' dir='ltr'><strong>abstinere,</strong></span> <span class='ocrx_word' id='word_1_404' title='bbox 887 5049 998 5093; x_wconf 89' lang='lat' dir='ltr'><strong>non</strong></span> <span class='ocrx_word' id='word_1_405' title='bbox 1043 5035 1329 5100; x_wconf 73' lang='lat' dir='ltr'><strong>diceretur,</strong></span> <span class='ocrx_word' id='word_1_406' title='bbox 1383 5029 1575 5089; x_wconf 83' lang='lat' dir='ltr'><strong>Delicta</strong></span> <span class='ocrx_word' id='word_1_407' title='bbox 1607 5037 1886 5106; x_wconf 76' lang='lat' dir='ltr'><strong>jnvcntutis</strong></span> <span class='ocrx_word' id='word_1_408' title='bbox 1929 5053 2052 5090; x_wconf 75' lang='lat' dir='ltr'><strong>mea:</strong></span> <span class='ocrx_word' id='word_1_409' title='bbox 2097 5047 2142 5090; x_wconf 82' lang='lat' dir='ltr'><strong>et</strong></span> 
     </span>
    </p>
   </div>
   <div class='ocr_carea' id='block_1_53' title="bbox 551 5125 2142 5200">
    <p class='ocr_par' dir='ltr' id='par_1_53' title="bbox 551 5125 2142 5200">
     <span class='ocr_line' id='line_1_53' title="bbox 551 5125 2142 5200; baseline -0.001 -18"><span class='ocrx_word' id='word_1_410' title='bbox 551 5129 850 5200; x_wconf 66' lang='lat' dir='ltr'><strong>ignorantia:</strong></span> <span class='ocrx_word' id='word_1_411' title='bbox 869 5141 993 5182; x_wconf 66' lang='lat' dir='ltr'><strong>metu</strong></span> <span class='ocrx_word' id='word_1_412' title='bbox 1019 5143 1080 5182; x_wconf 85' lang='lat' dir='ltr'><strong>ne</strong></span> <span class='ocrx_word' id='word_1_413' title='bbox 1103 5127 1388 5182; x_wconf 81' lang='lat' dir='ltr'><strong>metuincris</strong></span> <span class='ocrx_word' id='word_1_414' title='bbox 1410 5125 1578 5197; x_wconf 83' lang='lat' dir='ltr'><strong>(Psai.</strong></span> <span class='ocrx_word' id='word_1_415' title='bbox 1611 5142 1764 5188; x_wconf 79' lang='lat' dir='ltr'><strong>xxtv,</strong></span> <span class='ocrx_word' id='word_1_416' title='bbox 1799 5125 1854 5196; x_wconf 89' lang='lat'><strong>7)</strong></span> <span class='ocrx_word' id='word_1_417' title='bbox 1880 5142 1892 5179; x_wconf 93' lang='lat'>:</span> <span class='ocrx_word' id='word_1_418' title='bbox 1926 5144 2030 5180; x_wconf 88' lang='lat' dir='ltr'><strong>non</strong></span> <span class='ocrx_word' id='word_1_419' title='bbox 2059 5127 2142 5180; x_wconf 83' lang='lat' dir='ltr'><strong>di-</strong></span> 
     </span>
    </p>
   </div>
   <div class='ocr_carea' id='block_1_54' title="bbox 551 5217 2146 5292">
    <p class='ocr_par' dir='ltr' id='par_1_54' title="bbox 551 5217 2146 5292">
     <span class='ocr_line' id='line_1_54' title="bbox 551 5217 2146 5292; baseline -0.003 -14"><span class='ocrx_word' id='word_1_420' title='bbox 551 5232 781 5286; x_wconf 80' lang='lat' dir='ltr'><strong>ceretur,</strong></span> <span class='ocrx_word' id='word_1_421' title='bbox 817 5219 1046 5292; x_wconf 84' lang='lat' dir='ltr'><strong>Signasti</strong></span> <span class='ocrx_word' id='word_1_422' title='bbox 1077 5229 1281 5288; x_wconf 82' lang='lat' dir='ltr'><strong>peccata</strong></span> <span class='ocrx_word' id='word_1_423' title='bbox 1321 5235 1430 5272; x_wconf 84' lang='lat' dir='ltr'><strong>mea</strong></span> <span class='ocrx_word' id='word_1_424' title='bbox 1461 5217 1512 5272; x_wconf 82' lang='lat' dir='ltr'><strong>in</strong></span> <span class='ocrx_word' id='word_1_425' title='bbox 1541 5219 1776 5284; x_wconf 81' lang='lat' dir='ltr'><strong>sacculo,</strong></span> <span class='ocrx_word' id='word_1_426' title='bbox 1809 5227 1854 5271; x_wconf 85' lang='lat' dir='ltr'><strong>et</strong></span> <span class='ocrx_word' id='word_1_427' title='bbox 1891 5217 2146 5273; x_wconf 83' lang='lat' dir='ltr'><strong>adnotasti</strong></span> 
     </span>
    </p>
   </div>
   <div class='ocr_carea' id='block_1_55' title="bbox 555 5307 2143 5384">
    <p class='ocr_par' dir='ltr' id='par_1_55' title="bbox 555 5307 2143 5384">
     <span class='ocr_line' id='line_1_55' title="bbox 555 5307 2143 5384; baseline 0.002 -19"><span class='ocrx_word' id='word_1_428' title='bbox 555 5315 597 5366; x_wconf 81' lang='lat' dir='ltr'><strong>si</strong></span> <span class='ocrx_word' id='word_1_429' title='bbox 650 5313 772 5384; x_wconf 79' lang='lat' dir='ltr'><strong>quid</strong></span> <span class='ocrx_word' id='word_1_430' title='bbox 825 5311 1010 5364; x_wconf 84' lang='lat' dir='ltr'><strong>invitus</strong></span> <span class='ocrx_word' id='word_1_431' title='bbox 1054 5309 1236 5366; x_wconf 80' lang='lat' dir='ltr'><strong>admisi</strong></span> <span class='ocrx_word' id='word_1_432' title='bbox 1291 5307 1422 5383; x_wconf 87' lang='lat' dir='ltr'><strong>(Job</strong></span> <span class='ocrx_word' id='word_1_433' title='bbox 1473 5325 1586 5374; x_wconf 81' lang='lat' dir='ltr'><strong>xw,</strong></span> <span class='ocrx_word' id='word_1_434' title='bbox 1641 5309 1726 5376; x_wconf 82' lang='lat' dir='ltr'><strong>l7,</strong></span> <span class='ocrx_word' id='word_1_435' title='bbox 1777 5327 1878 5363; x_wconf 83' lang='lat' dir='ltr'><strong>scc.</strong></span> <span class='ocrx_word' id='word_1_436' title='bbox 1937 5307 2143 5382; x_wconf 73' lang='lat' dir='ltr'><strong>LXX).</strong></span> 
     </span>
    </p>
   </div>
   <div class='ocr_carea' id='block_1_56' title="bbox 559 5399 2180 5470">
    <p class='ocr_par' dir='ltr' id='par_1_56' title="bbox 559 5399 2180 5470">
     <span class='ocr_line' id='line_1_56' title="bbox 559 5399 2180 5470; baseline 0 -13"><span class='ocrx_word' id='word_1_437' title='bbox 559 5403 646 5457; x_wconf 87' lang='lat' dir='ltr'><strong>illa</strong></span> <span class='ocrx_word' id='word_1_438' title='bbox 677 5415 804 5470; x_wconf 79' lang='lat' dir='ltr'><strong>ergo</strong></span> <span class='ocrx_word' id='word_1_439' title='bbox 833 5399 1142 5455; x_wconf 88' lang='lat' dir='ltr'><strong>definitione</strong></span> <span class='ocrx_word' id='word_1_440' title='bbox 1189 5399 1420 5470; x_wconf 85' lang='lat' dir='ltr'><strong>peccati,</strong></span> <span class='ocrx_word' id='word_1_441' title='bbox 1463 5399 1619 5469; x_wconf 82' lang='lat' dir='ltr'><strong>quale</strong></span> <span class='ocrx_word' id='word_1_442' title='bbox 1658 5401 1924 5454; x_wconf 78' lang='lat' dir='ltr'><strong>commisit</strong></span> <span class='ocrx_word' id='word_1_443' title='bbox 1953 5401 2143 5470; x_wconf 69' lang='lat' dir='ltr'><strong>Adam,</strong></span> <span class='ocrx_word' id='word_1_444' title='bbox 2177 5433 2180 5436; x_wconf 55' lang='grc' dir='ltr'>ν</span> 
     </span>
    </p>
   </div>
   <div class='ocr_carea' id='block_1_57' title="bbox 549 5489 2146 5562">
    <p class='ocr_par' dir='ltr' id='par_1_57' title="bbox 549 5489 2146 5562">
     <span class='ocr_line' id='line_1_57' title="bbox 549 5489 2146 5562; baseline 0.004 -18"><span class='ocrx_word' id='word_1_445' title='bbox 549 5495 644 5560; x_wconf 79' lang='lat' dir='ltr'><strong>&#39;q-ti</strong></span> <span class='ocrx_word' id='word_1_446' title='bbox 691 5493 898 5548; x_wconf 78' lang='lat' dir='ltr'><strong>sciebat</strong></span> <span class='ocrx_word' id='word_1_447' title='bbox 945 5489 1072 5562; x_wconf 89' lang='lat' dir='ltr'><strong>quid</strong></span> <span class='ocrx_word' id='word_1_448' title='bbox 1115 5499 1326 5546; x_wconf 80' lang='lat' dir='ltr'><strong>vetaret</strong></span> <span class='ocrx_word' id='word_1_449' title='bbox 1365 5489 1588 5559; x_wconf 86' lang='lat' dir='ltr'><strong>justitia,</strong></span> <span class='ocrx_word' id='word_1_450' title='bbox 1621 5499 1675 5547; x_wconf 86' lang='lat' dir='ltr'><strong>et</strong></span> <span class='ocrx_word' id='word_1_451' title='bbox 1715 5503 1820 5546; x_wconf 81' lang='lat' dir='ltr'><strong>nun</strong></span> <span class='ocrx_word' id='word_1_452' title='bbox 1873 5491 1996 5549; x_wconf 86' lang='lat' dir='ltr'><strong>inde</strong></span> <span class='ocrx_word' id='word_1_453' title='bbox 2025 5495 2146 5550; x_wconf 86' lang='lat' dir='ltr'><strong>abs-</strong></span> 
     </span>
    </p>
   </div>
   <div class='ocr_carea' id='block_1_58' title="bbox 623 5640 1317 5708">
    <p class='ocr_par' dir='ltr' id='par_1_58' title="bbox 623 5640 1317 5708">
     <span class='ocr_line' id='line_1_58' title="bbox 623 5640 1317 5708; baseline -0.009 -12"><span class='ocrx_word' id='word_1_454' title='bbox 623 5645 640 5708; x_wconf 69' lang='lat'><strong>!</strong></span> <span class='ocrx_word' id='word_1_455' title='bbox 675 5647 750 5708; x_wconf 81' lang='lat' dir='ltr'><strong>sic</strong></span> <span class='ocrx_word' id='word_1_456' title='bbox 769 5652 878 5696; x_wconf 58' lang='lat' dir='ltr'><strong>tum.</strong></span> <span class='ocrx_word' id='word_1_457' title='bbox 901 5651 952 5708; x_wconf 88' lang='lat' dir='ltr'><strong>tn</strong></span> <span class='ocrx_word' id='word_1_458' title='bbox 973 5644 1134 5708; x_wconf 79' lang='lat' dir='ltr'><strong>vign.,</strong></span> <span class='ocrx_word' id='word_1_459' title='bbox 1159 5640 1317 5706; x_wconf 82' lang='lat' dir='ltr'><strong>quale.</strong></span> 
     </span>
    </p>
   </div>
   <div class='ocr_carea' id='block_1_59' title="bbox 619 5701 1587 5768">
    <p class='ocr_par' dir='ltr' id='par_1_59' title="bbox 619 5701 1587 5768">
     <span class='ocr_line' id='line_1_59' title="bbox 619 5701 1587 5768; baseline 0.001 -14"><span class='ocrx_word' id='word_1_460' title='bbox 619 5707 642 5768; x_wconf 58' lang='grc'><strong>9</strong></span> <span class='ocrx_word' id='word_1_461' title='bbox 673 5707 812 5768; x_wconf 66' lang='lat' dir='ltr'><strong>mliti.</strong></span> <span class='ocrx_word' id='word_1_462' title='bbox 833 5707 981 5758; x_wconf 80' lang='lat' dir='ltr'><strong>unde.</strong></span> <span class='ocrx_word' id='word_1_463' title='bbox 1001 5701 1276 5768; x_wconf 61' lang='lat' dir='ltr'><strong>Il&#39;elius&#39;tils.</strong></span> <span class='ocrx_word' id='word_1_464' title='bbox 1299 5710 1429 5768; x_wconf 65' lang='lat' dir='ltr'><strong>Itan,</strong></span> <span class='ocrx_word' id='word_1_465' title='bbox 1453 5701 1587 5757; x_wconf 67' lang='lat' dir='ltr'><strong>inde.</strong></span> 
     </span>
    </p>
   </div>
   <div class='ocr_carea' id='block_1_60' title="bbox 614 5764 1258 5835">
    <p class='ocr_par' dir='ltr' id='par_1_60' title="bbox 614 5764 1258 5835">
     <span class='ocr_line' id='line_1_60' title="bbox 614 5764 1258 5835; baseline -0.008 -16"><span class='ocrx_word' id='word_1_466' title='bbox 614 5767 634 5800; x_wconf 85' lang='grc'>³</span> <span class='ocrx_word' id='word_1_467' title='bbox 659 5767 820 5819; x_wconf 80' lang='lat' dir='ltr'><strong>Codex</strong></span> <span class='ocrx_word' id='word_1_468' title='bbox 856 5777 1003 5835; x_wconf 78' lang='lat' dir='ltr'><strong>rort.,</strong></span> <span class='ocrx_word' id='word_1_469' title='bbox 1031 5764 1258 5822; x_wconf 78' lang='lat' dir='ltr'><strong>debebat.</strong></span> 
     </span>
    </p>
   </div>
   <div class='ocr_carea' id='block_1_61' title="bbox 1617 5862 1690 5891">
    <p class='ocr_par' dir='ltr' id='par_1_61' title="bbox 1617 5862 1690 5891">
     <span class='ocr_line' id='line_1_61' title="bbox 1617 5862 1690 5891; baseline 0 -5"><span class='ocrx_word' id='word_1_470' title='bbox 1617 5862 1690 5891; x_wconf 62' lang='grc'><strong>4...</strong></span> 
     </span>
    </p>
   </div>
   <div class='ocr_carea' id='block_1_62' title="bbox 1191 289 2126 378">
    <p class='ocr_par' dir='ltr' id='par_1_62' title="bbox 1191 289 2126 378">
     <span class='ocr_line' id='line_1_62' title="bbox 1191 289 2126 378; baseline -0.021 1"><span class='ocrx_word' id='word_1_471' title='bbox 1191 317 1439 378; x_wconf 73' lang='grc' dir='ltr'>οιιειιιε</span> <span class='ocrx_word' id='word_1_472' title='bbox 1477 305 1888 372; x_wconf 77' lang='lat' dir='ltr'><strong>ntrtzurscrt</strong></span> <span class='ocrx_word' id='word_1_473' title='bbox 1915 289 2126 364; x_wconf 72' lang='lat' dir='ltr'><strong>eum</strong></span> 
     </span>
    </p>
   </div>
   <div class='ocr_carea' id='block_1_63' title="bbox 2235 289 3106 378">
    <p class='ocr_par' dir='ltr' id='par_1_63' title="bbox 2236 301 3106 376">
     <span class='ocr_line' id='line_1_63' title="bbox 2236 301 3106 376; baseline -0.002 -16"><span class='ocrx_word' id='word_1_474' title='bbox 2236 301 2596 373; x_wconf 70' lang='lat' dir='ltr'><strong>.IIJLIANUM,</strong></span> <span class='ocrx_word' id='word_1_475' title='bbox 2636 306 2694 362; x_wconf 86' lang='grc' dir='ltr'>ε.</span> <span class='ocrx_word' id='word_1_476' title='bbox 2735 301 3106 376; x_wconf 74' lang='lat' dir='ltr'><strong>AUGUSTI-Nl</strong></span> 
     </span>
    </p>
   </div>
   <div class='ocr_carea' id='block_1_64' title="bbox 3655 295 3792 350">
    <p class='ocr_par' dir='ltr' id='par_1_64' title="bbox 3655 295 3792 350">
     <span class='ocr_line' id='line_1_64' title="bbox 3655 295 3792 350; baseline 0.015 -2"><span class='ocrx_word' id='word_1_477' title='bbox 3655 295 3792 350; x_wconf 61' lang='lat' dir='ltr'><strong>liii!)</strong></span> 
     </span>
    </p>
   </div>
   <div class='ocr_carea' id='block_1_65' title="bbox 2223 421 3801 489">
    <p class='ocr_par' dir='ltr' id='par_1_65' title="bbox 2223 421 3801 489">
     <span class='ocr_line' id='line_1_65' title="bbox 2223 421 3801 489; baseline 0.004 -14"><span class='ocrx_word' id='word_1_478' title='bbox 2223 421 2420 488; x_wconf 88' lang='lat' dir='ltr'><strong>tinuit,</strong></span> <span class='ocrx_word' id='word_1_479' title='bbox 2461 421 2604 477; x_wconf 88' lang='lat' dir='ltr'><strong>unde</strong></span> <span class='ocrx_word' id='word_1_480' title='bbox 2630 421 2704 476; x_wconf 91' lang='lat' dir='ltr'><strong>illi</strong></span> <span class='ocrx_word' id='word_1_481' title='bbox 2729 421 2954 478; x_wconf 83' lang='lat' dir='ltr'><strong>liberum</strong></span> <span class='ocrx_word' id='word_1_482' title='bbox 2979 421 3148 478; x_wconf 88' lang='lat' dir='ltr'><strong>fuerat</strong></span> <span class='ocrx_word' id='word_1_483' title='bbox 3193 421 3476 489; x_wconf 86' lang='lat' dir='ltr'><strong>abstinere,</strong></span> <span class='ocrx_word' id='word_1_484' title='bbox 3515 426 3801 482; x_wconf 89' lang='lat' dir='ltr'><strong>vincuntur</strong></span> 
     </span>
    </p>
   </div>
   <div class='ocr_carea' id='block_1_66' title="bbox 2221 511 3800 586">
    <p class='ocr_par' dir='ltr' id='par_1_66' title="bbox 2221 511 3800 586">
     <span class='ocr_line' id='line_1_66' title="bbox 2221 511 3800 586; baseline 0.003 -19"><span class='ocrx_word' id='word_1_485' title='bbox 2221 511 2532 580; x_wconf 74' lang='lat' dir='ltr'><strong>Mauichzei;</strong></span> <span class='ocrx_word' id='word_1_486' title='bbox 2558 515 2652 570; x_wconf 88' lang='lat' dir='ltr'><strong>sed</strong></span> <span class='ocrx_word' id='word_1_487' title='bbox 2681 531 2710 570; x_wconf 75' lang='grc' dir='ltr'><strong>ιι</strong></span> <span class='ocrx_word' id='word_1_488' title='bbox 2737 515 2910 580; x_wconf 88' lang='lat' dir='ltr'><strong>nobis,</strong></span> <span class='ocrx_word' id='word_1_489' title='bbox 2937 513 3060 586; x_wconf 81' lang='lat' dir='ltr'><strong>quia</strong></span> <span class='ocrx_word' id='word_1_490' title='bbox 3091 511 3215 572; x_wconf 84' lang='lat' dir='ltr'><strong>hinc</strong></span> <span class='ocrx_word' id='word_1_491' title='bbox 3238 529 3358 570; x_wconf 87' lang='lat' dir='ltr'><strong>esse</strong></span> <span class='ocrx_word' id='word_1_492' title='bbox 3383 515 3639 586; x_wconf 81' lang='lat' dir='ltr'><strong>originem</strong></span> <span class='ocrx_word' id='word_1_493' title='bbox 3667 515 3800 572; x_wconf 86' lang='lat' dir='ltr'><strong>dici-</strong></span> 
     </span>
    </p>
   </div>
   <div class='ocr_carea' id='block_1_67' title="bbox 2221 605 3804 680">
    <p class='ocr_par' dir='ltr' id='par_1_67' title="bbox 2221 605 3804 680">
     <span class='ocr_line' id='line_1_67' title="bbox 2221 605 3804 680; baseline 0.004 -20"><span class='ocrx_word' id='word_1_494' title='bbox 2221 621 2342 661; x_wconf 87' lang='lat' dir='ltr'><strong>mus</strong></span> <span class='ocrx_word' id='word_1_495' title='bbox 2355 607 2613 662; x_wconf 89' lang='lat' dir='ltr'><strong>tnalorum</strong></span> <span class='ocrx_word' id='word_1_496' title='bbox 2629 605 3004 674; x_wconf 88' lang='lat' dir='ltr'><strong>humanormu,</strong></span> <span class='ocrx_word' id='word_1_497' title='bbox 3019 606 3212 678; x_wconf 87' lang='lat' dir='ltr'><strong>quibus</strong></span> <span class='ocrx_word' id='word_1_498' title='bbox 3227 607 3468 663; x_wconf 83' lang='lat' dir='ltr'><strong>videmus</strong></span> <span class='ocrx_word' id='word_1_499' title='bbox 3479 617 3536 664; x_wconf 89' lang='lat' dir='ltr'><strong>et</strong></span> <span class='ocrx_word' id='word_1_500' title='bbox 3560 611 3804 680; x_wconf 82' lang='lat' dir='ltr'><strong>parvulus</strong></span> 
     </span>
    </p>
   </div>
   <div class='ocr_carea' id='block_1_68' title="bbox 2223 699 3802 774">
    <p class='ocr_par' dir='ltr' id='par_1_68' title="bbox 2223 699 3802 774">
     <span class='ocr_line' id='line_1_68' title="bbox 2223 699 3802 774; baseline 0.005 -22"><span class='ocrx_word' id='word_1_501' title='bbox 2223 699 2495 770; x_wconf 79' lang='lat' dir='ltr'><strong>aggravari</strong></span> <span class='ocrx_word' id='word_1_502' title='bbox 2517 739 2533 767; x_wconf 93' lang='lat'><strong>,</strong></span> <span class='ocrx_word' id='word_1_503' title='bbox 2578 708 2634 754; x_wconf 88' lang='lat' dir='ltr'><strong>ct</strong></span> <span class='ocrx_word' id='word_1_504' title='bbox 2677 709 2894 771; x_wconf 88' lang='lat' dir='ltr'><strong>propter</strong></span> <span class='ocrx_word' id='word_1_505' title='bbox 2921 703 3061 771; x_wconf 87' lang='lat' dir='ltr'><strong>quod</strong></span> <span class='ocrx_word' id='word_1_506' title='bbox 3089 702 3248 758; x_wconf 89' lang='lat' dir='ltr'><strong>etiam</strong></span> <span class='ocrx_word' id='word_1_507' title='bbox 3274 701 3404 756; x_wconf 88' lang='lat' dir='ltr'><strong>illud</strong></span> <span class='ocrx_word' id='word_1_508' title='bbox 3425 703 3679 774; x_wconf 87' lang='lat' dir='ltr'><strong>scriptum</strong></span> <span class='ocrx_word' id='word_1_509' title='bbox 3701 716 3802 773; x_wconf 85' lang='lat' dir='ltr'><strong>est,</strong></span> 
     </span>
    </p>
   </div>
   <div class='ocr_carea' id='block_1_69' title="bbox 2223 790 3804 863">
    <p class='ocr_par' dir='ltr' id='par_1_69' title="bbox 2223 790 3804 863">
     <span class='ocr_line' id='line_1_69' title="bbox 2223 790 3804 863; baseline 0.001 -17"><span class='ocrx_word' id='word_1_510' title='bbox 2223 803 2343 846; x_wconf 81' lang='lat' dir='ltr'><strong>Cum</strong></span> <span class='ocrx_word' id='word_1_511' title='bbox 2370 790 2438 846; x_wconf 87' lang='lat' dir='ltr'><strong>de</strong></span> <span class='ocrx_word' id='word_1_512' title='bbox 2465 791 2691 862; x_wconf 85' lang='lat' dir='ltr'><strong>peccatis</strong></span> <span class='ocrx_word' id='word_1_513' title='bbox 2716 801 2992 863; x_wconf 83' lang='lat' dir='ltr'><strong>ageretur:</strong></span> <span class='ocrx_word' id='word_1_514' title='bbox 3011 792 3143 859; x_wconf 82' lang='lat' dir='ltr'><strong>Quia</strong></span> <span class='ocrx_word' id='word_1_515' title='bbox 3168 809 3268 848; x_wconf 83' lang='lat' dir='ltr'><strong>non</strong></span> <span class='ocrx_word' id='word_1_516' title='bbox 3289 803 3359 848; x_wconf 80' lang='lat' dir='ltr'><strong>est</strong></span> <span class='ocrx_word' id='word_1_517' title='bbox 3387 795 3605 849; x_wconf 85' lang='lat' dir='ltr'><strong>mundus</strong></span> <span class='ocrx_word' id='word_1_518' title='bbox 3629 813 3660 848; x_wconf 85' lang='grc' dir='ltr'><em>α</em></span> <span class='ocrx_word' id='word_1_519' title='bbox 3693 813 3804 850; x_wconf 74' lang='lat' dir='ltr'><strong>sor—</strong></span> 
     </span>
    </p>
   </div>
   <div class='ocr_carea' id='block_1_70' title="bbox 2224 879 3800 955">
    <p class='ocr_par' dir='ltr' id='par_1_70' title="bbox 2224 879 3800 955">
     <span class='ocr_line' id='line_1_70' title="bbox 2224 879 3800 955; baseline 0.003 -21"><span class='ocrx_word' id='word_1_520' title='bbox 2224 879 2402 947; x_wconf 82' lang='lat' dir='ltr'><strong>dibus,</strong></span> <span class='ocrx_word' id='word_1_521' title='bbox 2423 897 2513 934; x_wconf 77' lang='lat' dir='ltr'><strong>uec</strong></span> <span class='ocrx_word' id='word_1_522' title='bbox 2551 881 2721 952; x_wconf 78' lang='lat' dir='ltr'><strong>infans</strong></span> <span class='ocrx_word' id='word_1_523' title='bbox 2750 883 2898 955; x_wconf 77' lang='lat' dir='ltr'><strong>cujus</strong></span> <span class='ocrx_word' id='word_1_524' title='bbox 2922 893 2994 936; x_wconf 82' lang='lat' dir='ltr'><strong>est</strong></span> <span class='ocrx_word' id='word_1_525' title='bbox 3019 882 3119 936; x_wconf 85' lang='lat' dir='ltr'><strong>diei</strong></span> <span class='ocrx_word' id='word_1_526' title='bbox 3139 885 3288 938; x_wconf 81' lang='lat' dir='ltr'><strong>unius</strong></span> <span class='ocrx_word' id='word_1_527' title='bbox 3313 884 3414 938; x_wconf 84' lang='lat' dir='ltr'><strong>vita</strong></span> <span class='ocrx_word' id='word_1_528' title='bbox 3445 901 3599 955; x_wconf 80' lang='lat' dir='ltr'><strong>super</strong></span> <span class='ocrx_word' id='word_1_529' title='bbox 3619 897 3800 938; x_wconf 83' lang='lat' dir='ltr'><strong>terram</strong></span> 
     </span>
    </p>
   </div>
   <div class='ocr_carea' id='block_1_71' title="bbox 2225 973 3804 1048">
    <p class='ocr_par' dir='ltr' id='par_1_71' title="bbox 2225 973 3804 1048">
     <span class='ocr_line' id='line_1_71' title="bbox 2225 973 3804 1048; baseline 0.003 -20"><span class='ocrx_word' id='word_1_530' title='bbox 2225 973 2346 1047; x_wconf 81' lang='lat' dir='ltr'><strong>(Job</strong></span> <span class='ocrx_word' id='word_1_531' title='bbox 2369 991 2474 1042; x_wconf 80' lang='lat' dir='ltr'><strong>xtv,</strong></span> <span class='ocrx_word' id='word_1_532' title='bbox 2501 976 2557 1042; x_wconf 61' lang='grc'><strong>4,</strong></span> <span class='ocrx_word' id='word_1_533' title='bbox 2581 991 2681 1029; x_wconf 83' lang='lat' dir='ltr'><strong>sec.</strong></span> <span class='ocrx_word' id='word_1_534' title='bbox 2714 973 2984 1048; x_wconf 76' lang='lat' dir='ltr'><strong>LXX).Tu</strong></span> <span class='ocrx_word' id='word_1_535' title='bbox 3009 983 3184 1031; x_wconf 90' lang='lat' dir='ltr'><strong>autem</strong></span> <span class='ocrx_word' id='word_1_536' title='bbox 3205 976 3306 1032; x_wconf 85' lang='lat' dir='ltr'><strong>hoc</strong></span> <span class='ocrx_word' id='word_1_537' title='bbox 3327 993 3544 1048; x_wconf 87' lang='lat' dir='ltr'><strong>negans,</strong></span> <span class='ocrx_word' id='word_1_538' title='bbox 3571 988 3804 1032; x_wconf 85' lang='lat' dir='ltr'><strong>nostram</strong></span> 
     </span>
    </p>
   </div>
   <div class='ocr_carea' id='block_1_72' title="bbox 2223 1065 3804 1140">
    <p class='ocr_par' dir='ltr' id='par_1_72' title="bbox 2223 1065 3804 1140">
     <span class='ocr_line' id='line_1_72' title="bbox 2223 1065 3804 1140; baseline 0.003 -20"><span class='ocrx_word' id='word_1_539' title='bbox 2223 1065 2436 1136; x_wconf 88' lang='lat' dir='ltr'><strong>quidem</strong></span> <span class='ocrx_word' id='word_1_540' title='bbox 2481 1075 2760 1132; x_wconf 86' lang='lat' dir='ltr'><strong>naturam,</strong></span> <span class='ocrx_word' id='word_1_541' title='bbox 2819 1083 2886 1122; x_wconf 89' lang='lat' dir='ltr'><strong>ne</strong></span> <span class='ocrx_word' id='word_1_542' title='bbox 2937 1067 3276 1123; x_wconf 88' lang='lat' dir='ltr'><strong>liberatorem</strong></span> <span class='ocrx_word' id='word_1_543' title='bbox 3307 1069 3502 1124; x_wconf 89' lang='lat' dir='ltr'><strong>misera</strong></span> <span class='ocrx_word' id='word_1_544' title='bbox 3542 1069 3804 1140; x_wconf 85' lang='lat' dir='ltr'><strong>inquirat,</strong></span> 
     </span>
    </p>
   </div>
   <div class='ocr_carea' id='block_1_73' title="bbox 2225 1158 3805 1230">
    <p class='ocr_par' dir='ltr' id='par_1_73' title="bbox 2225 1158 3805 1230">
     <span class='ocr_line' id='line_1_73' title="bbox 2225 1158 3805 1230; baseline 0.002 -16"><span class='ocrx_word' id='word_1_545' title='bbox 2225 1159 2436 1214; x_wconf 91' lang='lat' dir='ltr'><strong>conaris</strong></span> <span class='ocrx_word' id='word_1_546' title='bbox 2487 1159 2778 1229; x_wconf 88' lang='lat' dir='ltr'><strong>perniciosa</strong></span> <span class='ocrx_word' id='word_1_547' title='bbox 2821 1158 3130 1216; x_wconf 89' lang='lat' dir='ltr'><strong>defensione</strong></span> <span class='ocrx_word' id='word_1_548' title='bbox 3171 1159 3289 1230; x_wconf 86' lang='lat' dir='ltr'><strong>plus</strong></span> <span class='ocrx_word' id='word_1_549' title='bbox 3321 1171 3602 1230; x_wconf 85' lang='lat' dir='ltr'><strong>premere:</strong></span> <span class='ocrx_word' id='word_1_550' title='bbox 3635 1159 3805 1217; x_wconf 80' lang='lat' dir='ltr'><strong>Mani-</strong></span> 
     </span>
    </p>
   </div>
   <div class='ocr_carea' id='block_1_74' title="bbox 2228 1249 3803 1320">
    <p class='ocr_par' dir='ltr' id='par_1_74' title="bbox 2228 1249 3803 1320">
     <span class='ocr_line' id='line_1_74' title="bbox 2228 1249 3803 1320; baseline 0.003 -16"><span class='ocrx_word' id='word_1_551' title='bbox 2228 1250 2436 1305; x_wconf 71' lang='lat' dir='ltr'><strong>chmum</strong></span> <span class='ocrx_word' id='word_1_552' title='bbox 2461 1265 2590 1305; x_wconf 89' lang='lat' dir='ltr'><strong>vero</strong></span> <span class='ocrx_word' id='word_1_553' title='bbox 2607 1291 2621 1316; x_wconf 96' lang='lat'><strong>,</strong></span> <span class='ocrx_word' id='word_1_554' title='bbox 2647 1265 2768 1304; x_wconf 91' lang='lat' dir='ltr'><strong>cum</strong></span> <span class='ocrx_word' id='word_1_555' title='bbox 2800 1249 3054 1320; x_wconf 62' lang='lat' dir='ltr'><strong>quaeritur</strong></span> <span class='ocrx_word' id='word_1_556' title='bbox 3081 1249 3220 1305; x_wconf 90' lang='lat' dir='ltr'><strong>unde</strong></span> <span class='ocrx_word' id='word_1_557' title='bbox 3246 1252 3315 1305; x_wconf 88' lang='lat' dir='ltr'><strong>sit</strong></span> <span class='ocrx_word' id='word_1_558' title='bbox 3336 1251 3552 1318; x_wconf 89' lang='lat' dir='ltr'><strong>malum,</strong></span> <span class='ocrx_word' id='word_1_559' title='bbox 3583 1253 3803 1308; x_wconf 88' lang='lat' dir='ltr'><strong>alienam</strong></span> 
     </span>
    </p>
   </div>
   <div class='ocr_carea' id='block_1_75' title="bbox 2229 1343 3806 1416">
    <p class='ocr_par' dir='ltr' id='par_1_75' title="bbox 2229 1343 3806 1416">
     <span class='ocr_line' id='line_1_75' title="bbox 2229 1343 3806 1416; baseline 0.001 -16"><span class='ocrx_word' id='word_1_560' title='bbox 2229 1344 2372 1400; x_wconf 75' lang='lat' dir='ltr'><strong>Deo‘</strong></span> <span class='ocrx_word' id='word_1_561' title='bbox 2397 1351 2718 1398; x_wconf 69' lang='lat' dir='ltr'><strong>comternam</strong></span> <span class='ocrx_word' id='word_1_562' title='bbox 2758 1343 3021 1412; x_wconf 89' lang='lat' dir='ltr'><strong>permittis</strong></span> <span class='ocrx_word' id='word_1_563' title='bbox 3047 1343 3406 1400; x_wconf 87' lang='lat' dir='ltr'><strong>introducere.</strong></span> <span class='ocrx_word' id='word_1_564' title='bbox 3441 1343 3622 1416; x_wconf 85' lang='lat' dir='ltr'><strong>Neque</strong></span> <span class='ocrx_word' id='word_1_565' title='bbox 3665 1347 3806 1402; x_wconf 89' lang='lat' dir='ltr'><strong>enim</strong></span> 
     </span>
    </p>
   </div>
   <div class='ocr_carea' id='block_1_76' title="bbox 2227 1434 3804 1506">
    <p class='ocr_par' dir='ltr' id='par_1_76' title="bbox 2227 1434 3804 1506">
     <span class='ocr_line' id='line_1_76' title="bbox 2227 1434 3804 1506; baseline 0 -13"><span class='ocrx_word' id='word_1_566' title='bbox 2227 1439 2339 1506; x_wconf 89' lang='lat' dir='ltr'><strong>ille,</strong></span> <span class='ocrx_word' id='word_1_567' title='bbox 2369 1437 2511 1493; x_wconf 90' lang='lat' dir='ltr'><strong>unde</strong></span> <span class='ocrx_word' id='word_1_568' title='bbox 2541 1445 2785 1492; x_wconf 88' lang='lat' dir='ltr'><strong>naturam</strong></span> <span class='ocrx_word' id='word_1_569' title='bbox 2816 1435 2997 1506; x_wconf 90' lang='lat' dir='ltr'><strong>culpet</strong></span> <span class='ocrx_word' id='word_1_570' title='bbox 3045 1434 3330 1490; x_wconf 89' lang='lat' dir='ltr'><strong>humanam</strong></span> <span class='ocrx_word' id='word_1_571' title='bbox 3353 1479 3368 1504; x_wconf 92' lang='lat'><strong>,</strong></span> <span class='ocrx_word' id='word_1_572' title='bbox 3427 1437 3634 1492; x_wconf 87' lang='lat' dir='ltr'><strong>timoris</strong></span> <span class='ocrx_word' id='word_1_573' title='bbox 3677 1437 3804 1493; x_wconf 89' lang='lat' dir='ltr'><strong>afi&#39;c-</strong></span> 
     </span>
    </p>
   </div>
   <div class='ocr_carea' id='block_1_77' title="bbox 2227 1527 3804 1599">
    <p class='ocr_par' dir='ltr' id='par_1_77' title="bbox 2227 1527 3804 1599">
     <span class='ocr_line' id='line_1_77' title="bbox 2227 1527 3804 1599; baseline -0.001 -14"><span class='ocrx_word' id='word_1_574' title='bbox 2227 1541 2371 1586; x_wconf 91' lang='lat' dir='ltr'><strong>ctum</strong></span> <span class='ocrx_word' id='word_1_575' title='bbox 2394 1539 2449 1585; x_wconf 90' lang='lat' dir='ltr'><strong>ct</strong></span> <span class='ocrx_word' id='word_1_576' title='bbox 2475 1544 2694 1584; x_wconf 89' lang='lat' dir='ltr'><strong>sensum</strong></span> <span class='ocrx_word' id='word_1_577' title='bbox 2715 1527 2920 1582; x_wconf 90' lang='lat' dir='ltr'><strong>doloris</strong></span> <span class='ocrx_word' id='word_1_578' title='bbox 2942 1527 3184 1599; x_wconf 79' lang='lat' dir='ltr'><strong>impingit</strong></span> <span class='ocrx_word' id='word_1_579' title='bbox 3211 1545 3225 1581; x_wconf 90' lang='lat'><strong>:</strong></span> <span class='ocrx_word' id='word_1_580' title='bbox 3259 1544 3374 1597; x_wconf 84' lang='lat' dir='ltr'><strong>qua:</strong></span> <span class='ocrx_word' id='word_1_581' title='bbox 3396 1527 3500 1582; x_wconf 91' lang='lat' dir='ltr'><strong>duo</strong></span> <span class='ocrx_word' id='word_1_582' title='bbox 3544 1537 3596 1582; x_wconf 91' lang='lat' dir='ltr'><strong>tu</strong></span> <span class='ocrx_word' id='word_1_583' title='bbox 3616 1529 3804 1584; x_wconf 85' lang='lat' dir='ltr'><strong>adver-</strong></span> 
     </span>
    </p>
   </div>
   <div class='ocr_carea' id='block_1_78' title="bbox 2225 1619 3807 1690">
    <p class='ocr_par' dir='ltr' id='par_1_78' title="bbox 2225 1619 3807 1690">
     <span class='ocr_line' id='line_1_78' title="bbox 2225 1619 3807 1690; baseline 0 -14"><span class='ocrx_word' id='word_1_584' title='bbox 2225 1635 2318 1676; x_wconf 86' lang='lat' dir='ltr'><strong>sus</strong></span> <span class='ocrx_word' id='word_1_585' title='bbox 2347 1635 2468 1675; x_wconf 90' lang='lat' dir='ltr'><strong>eum</strong></span> <span class='ocrx_word' id='word_1_586' title='bbox 2495 1619 2688 1690; x_wconf 88' lang='lat' dir='ltr'><strong>putasti</strong></span> <span class='ocrx_word' id='word_1_587' title='bbox 2721 1633 2840 1675; x_wconf 91' lang='lat' dir='ltr'><strong>esse</strong></span> <span class='ocrx_word' id='word_1_588' title='bbox 2869 1619 3126 1673; x_wconf 91' lang='lat' dir='ltr'><strong>laudanda</strong></span> <span class='ocrx_word' id='word_1_589' title='bbox 3147 1659 3161 1686; x_wconf 96' lang='lat'><strong>,</strong></span> <span class='ocrx_word' id='word_1_590' title='bbox 3211 1619 3332 1690; x_wconf 89' lang='lat' dir='ltr'><strong>quia</strong></span> <span class='ocrx_word' id='word_1_591' title='bbox 3371 1619 3575 1676; x_wconf 80' lang='lat' dir='ltr'><strong>scilicet</strong></span> <span class='ocrx_word' id='word_1_592' title='bbox 3604 1639 3622 1672; x_wconf 85' lang='grc' dir='ltr'><strong>ι</strong></span> <span class='ocrx_word' id='word_1_593' title='bbox 3653 1621 3807 1676; x_wconf 87' lang='lat' dir='ltr'><strong>timor</strong></span> 
     </span>
    </p>
   </div>
   <div class='ocr_carea' id='block_1_79' title="bbox 2227 1710 3806 1782">
    <p class='ocr_par' dir='ltr' id='par_1_79' title="bbox 2227 1710 3806 1782">
     <span class='ocr_line' id='line_1_79' title="bbox 2227 1710 3806 1782; baseline -0.001 -15"><span class='ocrx_word' id='word_1_594' title='bbox 2227 1721 2279 1767; x_wconf 92' lang='lat' dir='ltr'><strong>et</strong></span> <span class='ocrx_word' id='word_1_595' title='bbox 2307 1711 2461 1766; x_wconf 92' lang='lat' dir='ltr'><strong>dolor</strong></span> <span class='ocrx_word' id='word_1_596' title='bbox 2488 1710 2762 1781; x_wconf 86' lang='lat' dir='ltr'><strong>adjutores</strong></span> <span class='ocrx_word' id='word_1_597' title='bbox 2785 1719 2837 1765; x_wconf 92' lang='lat' dir='ltr'><strong>ct</strong></span> <span class='ocrx_word' id='word_1_598' title='bbox 2868 1711 3242 1780; x_wconf 76' lang='lat' dir='ltr'><strong>provectores&#39;</strong></span> <span class='ocrx_word' id='word_1_599' title='bbox 3267 1710 3486 1780; x_wconf 74' lang='lat' dir='ltr'><strong>justitia:</strong></span> <span class='ocrx_word' id='word_1_600' title='bbox 3514 1710 3806 1782; x_wconf 86' lang='lat' dir='ltr'><strong>perdocen-</strong></span> 
     </span>
    </p>
   </div>
   <div class='ocr_carea' id='block_1_80' title="bbox 2231 1802 3806 1874">
    <p class='ocr_par' dir='ltr' id='par_1_80' title="bbox 2231 1802 3806 1874">
     <span class='ocr_line' id='line_1_80' title="bbox 2231 1802 3806 1874; baseline 0.001 -15"><span class='ocrx_word' id='word_1_601' title='bbox 2231 1813 2341 1869; x_wconf 86' lang='lat' dir='ltr'><strong>tur;</strong></span> <span class='ocrx_word' id='word_1_602' title='bbox 2376 1823 2394 1856; x_wconf 73' lang='grc' dir='ltr'><strong>ι</strong></span> <span class='ocrx_word' id='word_1_603' title='bbox 2426 1802 2551 1858; x_wconf 88' lang='lat' dir='ltr'><strong>dum</strong></span> <span class='ocrx_word' id='word_1_604' title='bbox 2575 1818 2679 1857; x_wconf 93' lang='lat' dir='ltr'><strong>non</strong></span> <span class='ocrx_word' id='word_1_605' title='bbox 2711 1811 2896 1872; x_wconf 90' lang='lat' dir='ltr'><strong>peccat</strong></span> <span class='ocrx_word' id='word_1_606' title='bbox 2925 1802 3084 1856; x_wconf 90' lang='lat' dir='ltr'><strong>homo</strong></span> <span class='ocrx_word' id='word_1_607' title='bbox 3108 1802 3532 1874; x_wconf 74' lang='lat' dir='ltr'><strong>llll&#39;tOl&#39;ejlldlCil,</strong></span> <span class='ocrx_word' id='word_1_608' title='bbox 3558 1813 3649 1858; x_wconf 90' lang='lat' dir='ltr'><strong>aut</strong></span> <span class='ocrx_word' id='word_1_609' title='bbox 3684 1819 3806 1874; x_wconf 83' lang='lat' dir='ltr'><strong>pce-</strong></span> 
     </span>
    </p>
   </div>
   <div class='ocr_carea' id='block_1_81' title="bbox 2227 1893 3808 1968">
    <p class='ocr_par' dir='ltr' id='par_1_81' title="bbox 2227 1893 3808 1968">
     <span class='ocr_line' id='line_1_81' title="bbox 2227 1893 3808 1968; baseline 0.001 -17"><span class='ocrx_word' id='word_1_610' title='bbox 2227 1911 2382 1951; x_wconf 88' lang='lat' dir='ltr'><strong>casse</strong></span> <span class='ocrx_word' id='word_1_611' title='bbox 2409 1910 2468 1950; x_wconf 89' lang='lat' dir='ltr'><strong>se</strong></span> <span class='ocrx_word' id='word_1_612' title='bbox 2489 1893 2636 1950; x_wconf 90' lang='lat' dir='ltr'><strong>dolet</strong></span> <span class='ocrx_word' id='word_1_613' title='bbox 2654 1894 2852 1950; x_wconf 89' lang='lat' dir='ltr'><strong>aculeis</strong></span> <span class='ocrx_word' id='word_1_614' title='bbox 2879 1895 3189 1965; x_wconf 59' lang='lat' dir='ltr'><strong>paenitendi.</strong></span> <span class='ocrx_word' id='word_1_615' title='bbox 3223 1895 3338 1951; x_wconf 84' lang='lat' dir='ltr'><strong>Non</strong></span> <span class='ocrx_word' id='word_1_616' title='bbox 3367 1895 3466 1952; x_wconf 88' lang='lat' dir='ltr'><strong>hoc.</strong></span> <span class='ocrx_word' id='word_1_617' title='bbox 3491 1913 3520 1952; x_wconf 90' lang='lat' dir='ltr'><strong>a</strong></span> <span class='ocrx_word' id='word_1_618' title='bbox 3545 1907 3594 1953; x_wconf 90' lang='lat' dir='ltr'><strong>te</strong></span> <span class='ocrx_word' id='word_1_619' title='bbox 3614 1899 3808 1968; x_wconf 64' lang='lat' dir='ltr'><strong>quaeri»</strong></span> 
     </span>
    </p>
   </div>
   <div class='ocr_carea' id='block_1_82' title="bbox 2231 1984 3808 2060">
    <p class='ocr_par' dir='ltr' id='par_1_82' title="bbox 2231 1984 3808 2060">
     <span class='ocr_line' id='line_1_82' title="bbox 2231 1984 3808 2060; baseline 0.004 -21"><span class='ocrx_word' id='word_1_620' title='bbox 2231 1993 2352 2050; x_wconf 88' lang='lat' dir='ltr'><strong>tur;</strong></span> <span class='ocrx_word' id='word_1_621' title='bbox 2380 1985 2476 2041; x_wconf 90' lang='lat' dir='ltr'><strong>sed</strong></span> <span class='ocrx_word' id='word_1_622' title='bbox 2504 1984 2632 2056; x_wconf 88' lang='lat' dir='ltr'><strong>quid</strong></span> <span class='ocrx_word' id='word_1_623' title='bbox 2661 1985 2729 2040; x_wconf 89' lang='lat' dir='ltr'><strong>sit</strong></span> <span class='ocrx_word' id='word_1_624' title='bbox 2769 2001 2926 2056; x_wconf 79' lang='lat' dir='ltr'><strong>pmna</strong></span> <span class='ocrx_word' id='word_1_625' title='bbox 2955 1985 3160 2041; x_wconf 82' lang='lat' dir='ltr'><strong>timoris</strong></span> <span class='ocrx_word' id='word_1_626' title='bbox 3192 1986 3242 2041; x_wconf 90' lang='lat' dir='ltr'><strong>in</strong></span> <span class='ocrx_word' id='word_1_627' title='bbox 3268 1987 3502 2058; x_wconf 83' lang='lat' dir='ltr'><strong>parvulis</strong></span> <span class='ocrx_word' id='word_1_628' title='bbox 3522 2031 3536 2056; x_wconf 89' lang='lat'><strong>,</strong></span> <span class='ocrx_word' id='word_1_629' title='bbox 3568 1990 3654 2060; x_wconf 90' lang='lat' dir='ltr'><strong>qui</strong></span> <span class='ocrx_word' id='word_1_630' title='bbox 3685 2005 3808 2060; x_wconf 89' lang='lat' dir='ltr'><strong>pec-</strong></span> 
     </span>
    </p>
   </div>
   <div class='ocr_carea' id='block_1_83' title="bbox 2228 2078 3806 2152">
    <p class='ocr_par' dir='ltr' id='par_1_83' title="bbox 2228 2078 3806 2152">
     <span class='ocr_line' id='line_1_83' title="bbox 2228 2078 3806 2152; baseline 0.001 -18"><span class='ocrx_word' id='word_1_631' title='bbox 2228 2089 2346 2134; x_wconf 88' lang='lat' dir='ltr'><strong>cata</strong></span> <span class='ocrx_word' id='word_1_632' title='bbox 2375 2095 2483 2134; x_wconf 87' lang='lat' dir='ltr'><strong>non</strong></span> <span class='ocrx_word' id='word_1_633' title='bbox 2529 2078 2758 2149; x_wconf 80' lang='lat' dir='ltr'><strong>fugiunt,</strong></span> <span class='ocrx_word' id='word_1_634' title='bbox 2783 2089 2836 2134; x_wconf 90' lang='lat' dir='ltr'><strong>et</strong></span> <span class='ocrx_word' id='word_1_635' title='bbox 2857 2095 2952 2135; x_wconf 92' lang='lat' dir='ltr'><strong>cur</strong></span> <span class='ocrx_word' id='word_1_636' title='bbox 2981 2080 3139 2135; x_wconf 90' lang='lat' dir='ltr'><strong>tantis</strong></span> <span class='ocrx_word' id='word_1_637' title='bbox 3183 2079 3455 2136; x_wconf 88' lang='lat' dir='ltr'><strong>doloribus</strong></span> <span class='ocrx_word' id='word_1_638' title='bbox 3491 2081 3806 2152; x_wconf 85' lang='lat' dir='ltr'><strong>afﬂigantur,</strong></span> 
     </span>
    </p>
   </div>
   <div class='ocr_carea' id='block_1_84' title="bbox 2229 2173 3812 2247">
    <p class='ocr_par' dir='ltr' id='par_1_84' title="bbox 2229 2173 3812 2247">
     <span class='ocr_line' id='line_1_84' title="bbox 2229 2173 3812 2247; baseline 0.001 -16"><span class='ocrx_word' id='word_1_639' title='bbox 2229 2177 2319 2247; x_wconf 89' lang='lat' dir='ltr'><strong>qui</strong></span> <span class='ocrx_word' id='word_1_640' title='bbox 2337 2183 2551 2247; x_wconf 87' lang='lat' dir='ltr'><strong>peccata</strong></span> <span class='ocrx_word' id='word_1_641' title='bbox 2571 2191 2678 2230; x_wconf 90' lang='lat' dir='ltr'><strong>non</strong></span> <span class='ocrx_word' id='word_1_642' title='bbox 2696 2173 2996 2230; x_wconf 86' lang='lat' dir='ltr'><strong>faciunt.&#39;l‘u</strong></span> <span class='ocrx_word' id='word_1_643' title='bbox 3017 2191 3208 2246; x_wconf 89' lang='lat' dir='ltr'><strong>nempe</strong></span> <span class='ocrx_word' id='word_1_644' title='bbox 3221 2176 3416 2242; x_wconf 77' lang='lat' dir='ltr'><strong>dixisti,</strong></span> <span class='ocrx_word' id='word_1_645' title='bbox 3441 2175 3603 2245; x_wconf 63' lang='lat' dir='ltr'><strong>«Quid</strong></span> <span class='ocrx_word' id='word_1_646' title='bbox 3615 2180 3812 2233; x_wconf 86' lang='lat' dir='ltr'><strong>severi-</strong></span> 
     </span>
    </p>
   </div>
   <div class='ocr_carea' id='block_1_85' title="bbox 2231 2267 3811 2338">
    <p class='ocr_par' dir='ltr' id='par_1_85' title="bbox 2231 2267 3811 2338">
     <span class='ocr_line' id='line_1_85' title="bbox 2231 2267 3811 2338; baseline 0.001 -15"><span class='ocrx_word' id='word_1_647' title='bbox 2231 2267 2610 2337; x_wconf 88' lang='lat' dir='ltr'><strong>tasjudicautis</strong></span> <span class='ocrx_word' id='word_1_648' title='bbox 2634 2267 2855 2334; x_wconf 86' lang='lat' dir='ltr'><strong>valeret,</strong></span> <span class='ocrx_word' id='word_1_649' title='bbox 2883 2267 2983 2322; x_wconf 84' lang='lat' dir='ltr'><strong>nisi</strong></span> <span class='ocrx_word' id='word_1_650' title='bbox 3005 2267 3298 2322; x_wconf 85' lang='lat' dir='ltr'><strong>voluntaria</strong></span> <span class='ocrx_word' id='word_1_651' title='bbox 3323 2269 3811 2338; x_wconf 70' lang='lat' dir='ltr'><strong>pccmtaillaticru-</strong></span> 
     </span>
    </p>
   </div>
   <div class='ocr_carea' id='block_1_86' title="bbox 2229 2359 3806 2432">
    <p class='ocr_par' dir='ltr' id='par_1_86' title="bbox 2229 2359 3806 2432">
     <span class='ocr_line' id='line_1_86' title="bbox 2229 2359 3806 2432; baseline 0.001 -17"><span class='ocrx_word' id='word_1_652' title='bbox 2229 2361 2400 2416; x_wconf 87' lang='lat' dir='ltr'><strong>ciatus</strong></span> <span class='ocrx_word' id='word_1_653' title='bbox 2437 2375 2674 2415; x_wconf 68' lang='lat' dir='ltr'><strong>aerumna</strong></span> <span class='ocrx_word' id='word_1_654' title='bbox 2705 2359 2964 2429; x_wconf 87' lang='lat' dir='ltr'><strong>puniret?</strong></span> <span class='ocrx_word' id='word_1_655' title='bbox 2989 2378 3007 2412; x_wconf 72' lang='grc' dir='ltr'><strong>ι</strong></span> <span class='ocrx_word' id='word_1_656' title='bbox 3031 2359 3143 2427; x_wconf 86' lang='lat' dir='ltr'><strong>Qua</strong></span> <span class='ocrx_word' id='word_1_657' title='bbox 3173 2375 3300 2430; x_wconf 81' lang='lat' dir='ltr'><strong>ergo</strong></span> <span class='ocrx_word' id='word_1_658' title='bbox 3321 2359 3556 2430; x_wconf 89' lang='lat' dir='ltr'><strong>justitia,</strong></span> <span class='ocrx_word' id='word_1_659' title='bbox 3583 2377 3806 2432; x_wconf 86' lang='lat' dir='ltr'><strong>quorum</strong></span> 
     </span>
    </p>
   </div>
   <div class='ocr_carea' id='block_1_87' title="bbox 2233 2453 3809 2524">
    <p class='ocr_par' dir='ltr' id='par_1_87' title="bbox 2233 2453 3809 2524">
     <span class='ocr_line' id='line_1_87' title="bbox 2233 2453 3809 2524; baseline 0.001 -16"><span class='ocrx_word' id='word_1_660' title='bbox 2233 2453 2533 2509; x_wconf 87' lang='lat' dir='ltr'><strong>voluntaria</strong></span> <span class='ocrx_word' id='word_1_661' title='bbox 2563 2463 2781 2524; x_wconf 89' lang='lat' dir='ltr'><strong>peccata</strong></span> <span class='ocrx_word' id='word_1_662' title='bbox 2813 2453 2954 2508; x_wconf 89' lang='lat' dir='ltr'><strong>nulla</strong></span> <span class='ocrx_word' id='word_1_663' title='bbox 2984 2463 3107 2508; x_wconf 91' lang='lat' dir='ltr'><strong>sunt</strong></span> <span class='ocrx_word' id='word_1_664' title='bbox 3136 2456 3372 2524; x_wconf 89' lang='lat' dir='ltr'><strong>propria,</strong></span> <span class='ocrx_word' id='word_1_665' title='bbox 3399 2453 3530 2510; x_wconf 91' lang='lat' dir='ltr'><strong>illati</strong></span> <span class='ocrx_word' id='word_1_666' title='bbox 3545 2454 3809 2510; x_wconf 86' lang='lat' dir='ltr'><strong>cruciatus</strong></span> 
     </span>
    </p>
   </div>
   <div class='ocr_carea' id='block_1_88' title="bbox 2229 2546 3808 2620">
    <p class='ocr_par' dir='ltr' id='par_1_88' title="bbox 2229 2546 3808 2620">
     <span class='ocr_line' id='line_1_88' title="bbox 2229 2546 3808 2620; baseline 0.001 -18"><span class='ocrx_word' id='word_1_667' title='bbox 2229 2563 2468 2602; x_wconf 65' lang='lat' dir='ltr'><strong>aerumna</strong></span> <span class='ocrx_word' id='word_1_668' title='bbox 2495 2547 2698 2618; x_wconf 88' lang='lat' dir='ltr'><strong>parvuli</strong></span> <span class='ocrx_word' id='word_1_669' title='bbox 2727 2547 3061 2618; x_wconf 82' lang='lat' dir='ltr'><strong>puniuntur?</strong></span> <span class='ocrx_word' id='word_1_670' title='bbox 3083 2546 3138 2602; x_wconf 90' lang='lat' dir='ltr'><strong>lu</strong></span> <span class='ocrx_word' id='word_1_671' title='bbox 3171 2547 3253 2602; x_wconf 90' lang='lat' dir='ltr'><strong>his</strong></span> <span class='ocrx_word' id='word_1_672' title='bbox 3283 2557 3428 2603; x_wconf 88' lang='lat' dir='ltr'><strong>certe</strong></span> <span class='ocrx_word' id='word_1_673' title='bbox 3441 2557 3658 2620; x_wconf 88' lang='lat' dir='ltr'><strong>apparet</strong></span> <span class='ocrx_word' id='word_1_674' title='bbox 3677 2561 3808 2604; x_wconf 87' lang='lat' dir='ltr'><strong>vana</strong></span> 
     </span>
    </p>
   </div>
   <div class='ocr_carea' id='block_1_89' title="bbox 2231 2637 3811 2711">
    <p class='ocr_par' dir='ltr' id='par_1_89' title="bbox 2231 2637 3811 2711">
     <span class='ocr_line' id='line_1_89' title="bbox 2231 2637 3811 2711; baseline 0.001 -17"><span class='ocrx_word' id='word_1_675' title='bbox 2231 2649 2286 2694; x_wconf 87' lang='lat' dir='ltr'><strong>et</strong></span> <span class='ocrx_word' id='word_1_676' title='bbox 2317 2637 2494 2710; x_wconf 86' lang='lat' dir='ltr'><strong>inepta</strong></span> <span class='ocrx_word' id='word_1_677' title='bbox 2524 2653 2646 2694; x_wconf 92' lang='lat' dir='ltr'><strong>esse</strong></span> <span class='ocrx_word' id='word_1_678' title='bbox 2678 2649 2765 2694; x_wconf 90' lang='lat' dir='ltr'><strong>tua</strong></span> <span class='ocrx_word' id='word_1_679' title='bbox 2817 2639 3109 2711; x_wconf 58' lang='lat' dir='ltr'><strong>praeconia,</strong></span> <span class='ocrx_word' id='word_1_680' title='bbox 3141 2639 3335 2711; x_wconf 84' lang='lat' dir='ltr'><strong>quibus</strong></span> <span class='ocrx_word' id='word_1_681' title='bbox 3379 2641 3621 2696; x_wconf 91' lang='lat' dir='ltr'><strong>timorem</strong></span> <span class='ocrx_word' id='word_1_682' title='bbox 3656 2639 3811 2697; x_wconf 81' lang='lat' dir='ltr'><strong>dolo-</strong></span> 
     </span>
    </p>
   </div>
   <div class='ocr_carea' id='block_1_90' title="bbox 2232 2730 3906 2804">
    <p class='ocr_par' dir='ltr' id='par_1_90' title="bbox 2232 2730 3906 2804">
     <span class='ocr_line' id='line_1_90' title="bbox 2232 2730 3906 2804; baseline 0.001 -16"><span class='ocrx_word' id='word_1_683' title='bbox 2232 2745 2458 2802; x_wconf 86' lang='lat' dir='ltr'><strong>remque</strong></span> <span class='ocrx_word' id='word_1_684' title='bbox 2501 2730 2748 2786; x_wconf 91' lang='lat' dir='ltr'><strong>laudasti.</strong></span> <span class='ocrx_word' id='word_1_685' title='bbox 2781 2731 2976 2788; x_wconf 87' lang='lat' dir='ltr'><strong>Gravia</strong></span> <span class='ocrx_word' id='word_1_686' title='bbox 3001 2740 3126 2787; x_wconf 89' lang='lat' dir='ltr'><strong>sunt</strong></span> <span class='ocrx_word' id='word_1_687' title='bbox 3151 2732 3347 2802; x_wconf 87' lang='lat' dir='ltr'><strong>quippe</strong></span> <span class='ocrx_word' id='word_1_688' title='bbox 3384 2733 3481 2788; x_wconf 87' lang='lat' dir='ltr'><strong>ista</strong></span> <span class='ocrx_word' id='word_1_689' title='bbox 3519 2733 3808 2804; x_wconf 84' lang='lat' dir='ltr'><strong>supplicia,</strong></span> <span class='ocrx_word' id='word_1_690' title='bbox 3899 2749 3906 2754; x_wconf 89' lang='grc'>·</span> 
     </span>
    </p>
   </div>
   <div class='ocr_carea' id='block_1_91' title="bbox 2231 2823 3810 2896">
    <p class='ocr_par' dir='ltr' id='par_1_91' title="bbox 2231 2823 3810 2896">
     <span class='ocr_line' id='line_1_91' title="bbox 2231 2823 3810 2896; baseline 0.003 -20"><span class='ocrx_word' id='word_1_691' title='bbox 2231 2837 2352 2896; x_wconf 65' lang='lat' dir='ltr'><strong>quae</strong></span> <span class='ocrx_word' id='word_1_692' title='bbox 2380 2837 2486 2877; x_wconf 91' lang='lat' dir='ltr'><strong>non</strong></span> <span class='ocrx_word' id='word_1_693' title='bbox 2516 2831 2822 2893; x_wconf 87' lang='lat' dir='ltr'><strong>paterentur</strong></span> <span class='ocrx_word' id='word_1_694' title='bbox 2841 2823 2908 2878; x_wconf 91' lang='lat' dir='ltr'><strong>ab</strong></span> <span class='ocrx_word' id='word_1_695' title='bbox 2935 2835 3122 2880; x_wconf 89' lang='lat' dir='ltr'><strong>exortu</strong></span> <span class='ocrx_word' id='word_1_696' title='bbox 3151 2835 3393 2880; x_wconf 78' lang='lat' dir='ltr'><strong>recentes</strong></span> <span class='ocrx_word' id='word_1_697' title='bbox 3423 2833 3477 2880; x_wconf 89' lang='lat' dir='ltr'><strong>et</strong></span> <span class='ocrx_word' id='word_1_698' title='bbox 3501 2841 3650 2882; x_wconf 74' lang='lat' dir='ltr'><strong>nova:</strong></span> <span class='ocrx_word' id='word_1_699' title='bbox 3676 2828 3810 2882; x_wconf 81' lang='lat' dir='ltr'><strong>ima-</strong></span> 
     </span>
    </p>
   </div>
   <div class='ocr_carea' id='block_1_92' title="bbox 2230 2915 3806 2992">
    <p class='ocr_par' dir='ltr' id='par_1_92' title="bbox 2230 2915 3806 2992">
     <span class='ocr_line' id='line_1_92' title="bbox 2230 2915 3806 2992; baseline 0.004 -22"><span class='ocrx_word' id='word_1_700' title='bbox 2230 2915 2381 2988; x_wconf 79' lang='lat' dir='ltr'><strong>gines</strong></span> <span class='ocrx_word' id='word_1_701' title='bbox 2411 2915 2506 2972; x_wconf 87' lang='lat' dir='ltr'><strong>Dei</strong></span> <span class='ocrx_word' id='word_1_702' title='bbox 2533 2915 2634 2972; x_wconf 91' lang='lat' dir='ltr'><strong>sub</strong></span> <span class='ocrx_word' id='word_1_703' title='bbox 2653 2916 2950 2988; x_wconf 89' lang='lat' dir='ltr'><strong>justissimo</strong></span> <span class='ocrx_word' id='word_1_704' title='bbox 2967 2917 3168 2988; x_wconf 89' lang='lat' dir='ltr'><strong>judicio</strong></span> <span class='ocrx_word' id='word_1_705' title='bbox 3190 2929 3244 2974; x_wconf 88' lang='lat' dir='ltr'><strong>et</strong></span> <span class='ocrx_word' id='word_1_706' title='bbox 3270 2920 3653 2992; x_wconf 76' lang='lat' dir='ltr'><strong>omnipotentis</strong></span> <span class='ocrx_word' id='word_1_707' title='bbox 3683 2921 3772 2976; x_wconf 90' lang='lat' dir='ltr'><strong>Dei</strong></span> <span class='ocrx_word' id='word_1_708' title='bbox 3789 2961 3806 2988; x_wconf 87' lang='lat'><strong>,</strong></span> 
     </span>
    </p>
   </div>
   <div class='ocr_carea' id='block_1_93' title="bbox 2231 3007 3808 3086">
    <p class='ocr_par' dir='ltr' id='par_1_93' title="bbox 2231 3007 3808 3086">
     <span class='ocr_line' id='line_1_93' title="bbox 2231 3007 3808 3086; baseline 0.004 -22"><span class='ocrx_word' id='word_1_709' title='bbox 2231 3009 2278 3064; x_wconf 94' lang='lat' dir='ltr'><strong>si</strong></span> <span class='ocrx_word' id='word_1_710' title='bbox 2305 3008 2552 3064; x_wconf 88' lang='lat' dir='ltr'><strong>meritum</strong></span> <span class='ocrx_word' id='word_1_711' title='bbox 2595 3025 2700 3064; x_wconf 91' lang='lat' dir='ltr'><strong>non</strong></span> <span class='ocrx_word' id='word_1_712' title='bbox 2731 3007 3006 3066; x_wconf 84' lang='lat' dir='ltr'><strong>traherent</strong></span> <span class='ocrx_word' id='word_1_713' title='bbox 3033 3011 3304 3082; x_wconf 84' lang='lat' dir='ltr'><strong>originalis</strong></span> <span class='ocrx_word' id='word_1_714' title='bbox 3347 3013 3644 3086; x_wconf 88' lang='lat' dir='ltr'><strong>veterisque</strong></span> <span class='ocrx_word' id='word_1_715' title='bbox 3685 3029 3808 3085; x_wconf 81' lang='lat' dir='ltr'><strong>pec-</strong></span> 
     </span>
    </p>
   </div>
   <div class='ocr_carea' id='block_1_94' title="bbox 2233 3095 3808 3178">
    <p class='ocr_par' dir='ltr' id='par_1_94' title="bbox 2233 3095 3808 3178">
     <span class='ocr_line' id='line_1_94' title="bbox 2233 3095 3808 3178; baseline 0.003 -21"><span class='ocrx_word' id='word_1_716' title='bbox 2233 3101 2360 3157; x_wconf 90' lang='lat' dir='ltr'><strong>cati.</strong></span> <span class='ocrx_word' id='word_1_717' title='bbox 2389 3095 2632 3174; x_wconf 84' lang='lat' dir='ltr'><strong>Deuiquc</strong></span> <span class='ocrx_word' id='word_1_718' title='bbox 2655 3102 2706 3157; x_wconf 91' lang='lat' dir='ltr'><strong>in</strong></span> <span class='ocrx_word' id='word_1_719' title='bbox 2739 3101 3008 3173; x_wconf 86' lang='lat' dir='ltr'><strong>paradiso,</strong></span> <span class='ocrx_word' id='word_1_720' title='bbox 3033 3102 3078 3158; x_wconf 89' lang='lat' dir='ltr'><strong>si</strong></span> <span class='ocrx_word' id='word_1_721' title='bbox 3101 3119 3258 3160; x_wconf 86' lang='lat' dir='ltr'><strong>nemo</strong></span> <span class='ocrx_word' id='word_1_722' title='bbox 3293 3113 3584 3176; x_wconf 74' lang='lat' dir='ltr'><strong>peccasset,</strong></span> <span class='ocrx_word' id='word_1_723' title='bbox 3609 3115 3664 3162; x_wconf 88' lang='lat' dir='ltr'><strong>et</strong></span> <span class='ocrx_word' id='word_1_724' title='bbox 3681 3123 3808 3178; x_wconf 77' lang='lat' dir='ltr'><strong>pro-</strong></span> 
     </span>
    </p>
   </div>
   <div class='ocr_carea' id='block_1_95' title="bbox 2232 3195 3812 3268">
    <p class='ocr_par' dir='ltr' id='par_1_95' title="bbox 2232 3195 3812 3268">
     <span class='ocr_line' id='line_1_95' title="bbox 2232 3195 3812 3268; baseline 0.004 -18"><span class='ocrx_word' id='word_1_725' title='bbox 2232 3195 2474 3252; x_wconf 89' lang='lat' dir='ltr'><strong>venisset</strong></span> <span class='ocrx_word' id='word_1_726' title='bbox 2501 3197 2905 3268; x_wconf 82' lang='lat' dir='ltr'><strong>conjugatorum</strong></span> <span class='ocrx_word' id='word_1_727' title='bbox 2933 3213 2998 3252; x_wconf 90' lang='lat' dir='ltr'><strong>ex</strong></span> <span class='ocrx_word' id='word_1_728' title='bbox 3030 3197 3120 3252; x_wconf 91' lang='lat' dir='ltr'><strong>illa</strong></span> <span class='ocrx_word' id='word_1_729' title='bbox 3143 3198 3317 3253; x_wconf 89' lang='lat' dir='ltr'><strong>veraci</strong></span> <span class='ocrx_word' id='word_1_730' title='bbox 3339 3197 3431 3254; x_wconf 89' lang='lat' dir='ltr'><strong>Dei</strong></span> <span class='ocrx_word' id='word_1_731' title='bbox 3451 3199 3812 3256; x_wconf 88' lang='lat' dir='ltr'><strong>benedictione</strong></span> 
     </span>
    </p>
   </div>
   <div class='ocr_carea' id='block_1_96' title="bbox 2236 3287 3812 3360">
    <p class='ocr_par' dir='ltr' id='par_1_96' title="bbox 2236 3287 3812 3360">
     <span class='ocr_line' id='line_1_96' title="bbox 2236 3287 3812 3360; baseline 0.003 -18"><span class='ocrx_word' id='word_1_732' title='bbox 2236 3287 2554 3356; x_wconf 89' lang='lat' dir='ltr'><strong>fecunditas,</strong></span> <span class='ocrx_word' id='word_1_733' title='bbox 2582 3287 2722 3343; x_wconf 90' lang='lat' dir='ltr'><strong>absit</strong></span> <span class='ocrx_word' id='word_1_734' title='bbox 2744 3295 2804 3343; x_wconf 89' lang='lat' dir='ltr'><strong>ut</strong></span> <span class='ocrx_word' id='word_1_735' title='bbox 2827 3287 3106 3359; x_wconf 87' lang='lat' dir='ltr'><strong>quisquam</strong></span> <span class='ocrx_word' id='word_1_736' title='bbox 3139 3288 3210 3344; x_wconf 89' lang='lat' dir='ltr'><strong>ibi</strong></span> <span class='ocrx_word' id='word_1_737' title='bbox 3247 3288 3330 3344; x_wconf 89' lang='lat' dir='ltr'><strong>vel</strong></span> <span class='ocrx_word' id='word_1_738' title='bbox 3375 3305 3686 3360; x_wconf 86' lang='lat' dir='ltr'><strong>magnorum</strong></span> <span class='ocrx_word' id='word_1_739' title='bbox 3729 3291 3812 3346; x_wconf 85' lang='lat' dir='ltr'><strong>vel</strong></span> 
     </span>
    </p>
   </div>
   <div class='ocr_carea' id='block_1_97' title="bbox 2234 3381 3810 3452">
    <p class='ocr_par' dir='ltr' id='par_1_97' title="bbox 2234 3381 3810 3452">
     <span class='ocr_line' id='line_1_97' title="bbox 2234 3381 3810 3452; baseline 0.002 -17"><span class='ocrx_word' id='word_1_740' title='bbox 2234 3381 2550 3452; x_wconf 89' lang='lat' dir='ltr'><strong>pusillorum</strong></span> <span class='ocrx_word' id='word_1_741' title='bbox 2575 3390 2848 3452; x_wconf 89' lang='lat' dir='ltr'><strong>pateretur</strong></span> <span class='ocrx_word' id='word_1_742' title='bbox 2869 3381 2970 3436; x_wconf 90' lang='lat' dir='ltr'><strong>ista</strong></span> <span class='ocrx_word' id='word_1_743' title='bbox 2996 3389 3283 3438; x_wconf 86' lang='lat' dir='ltr'><strong>tormenta.</strong></span> <span class='ocrx_word' id='word_1_744' title='bbox 3311 3381 3426 3437; x_wconf 89' lang='lat' dir='ltr'><strong>Non</strong></span> <span class='ocrx_word' id='word_1_745' title='bbox 3473 3383 3642 3437; x_wconf 85' lang='lat' dir='ltr'><strong>solum</strong></span> <span class='ocrx_word' id='word_1_746' title='bbox 3673 3382 3810 3439; x_wconf 87' lang='lat' dir='ltr'><strong>enim</strong></span> 
     </span>
    </p>
   </div>
   <div class='ocr_carea' id='block_1_98' title="bbox 2233 3471 3810 3544">
    <p class='ocr_par' dir='ltr' id='par_1_98' title="bbox 2233 3471 3810 3544">
     <span class='ocr_line' id='line_1_98' title="bbox 2233 3471 3810 3544; baseline 0.003 -17"><span class='ocrx_word' id='word_1_747' title='bbox 2233 3471 2409 3540; x_wconf 91' lang='lat' dir='ltr'><strong>dolor,</strong></span> <span class='ocrx_word' id='word_1_748' title='bbox 2431 3472 2574 3544; x_wconf 87' lang='lat' dir='ltr'><strong>quod</strong></span> <span class='ocrx_word' id='word_1_749' title='bbox 2605 3472 2759 3528; x_wconf 88' lang='lat' dir='ltr'><strong>valde</strong></span> <span class='ocrx_word' id='word_1_750' title='bbox 2809 3473 3148 3530; x_wconf 88' lang='lat' dir='ltr'><strong>manifestum</strong></span> <span class='ocrx_word' id='word_1_751' title='bbox 3177 3481 3294 3540; x_wconf 85' lang='lat' dir='ltr'><strong>est;</strong></span> <span class='ocrx_word' id='word_1_752' title='bbox 3328 3475 3422 3530; x_wconf 89' lang='lat' dir='ltr'><strong>sed</strong></span> <span class='ocrx_word' id='word_1_753' title='bbox 3453 3475 3611 3530; x_wconf 87' lang='lat' dir='ltr'><strong>etiam</strong></span> <span class='ocrx_word' id='word_1_754' title='bbox 3635 3477 3810 3542; x_wconf 85' lang='lat' dir='ltr'><strong>timor,</strong></span> 
     </span>
    </p>
   </div>
   <div class='ocr_carea' id='block_1_99' title="bbox 2235 3563 3809 3643">
    <p class='ocr_par' dir='ltr' id='par_1_99' title="bbox 2235 3563 3809 3643">
     <span class='ocr_line' id='line_1_99' title="bbox 2235 3563 3809 3643; baseline 0.001 -23"><span class='ocrx_word' id='word_1_755' title='bbox 2235 3563 2412 3620; x_wconf 90' lang='lat' dir='ltr'><strong>divina</strong></span> <span class='ocrx_word' id='word_1_756' title='bbox 2437 3563 2712 3637; x_wconf 86' lang='lat' dir='ltr'><strong>Scriptura</strong></span> <span class='ocrx_word' id='word_1_757' title='bbox 2760 3573 3012 3632; x_wconf 82' lang='lat' dir='ltr'><strong>testante,</strong></span> <span class='ocrx_word' id='word_1_758' title='bbox 3043 3573 3366 3624; x_wconf 85' lang='lat' dir='ltr'><strong>tormentum</strong></span> <span class='ocrx_word' id='word_1_759' title='bbox 3395 3569 3554 3624; x_wconf 86' lang='lat' dir='ltr'><strong>habet</strong></span> <span class='ocrx_word' id='word_1_760' title='bbox 3573 3569 3616 3643; x_wconf 93' lang='lat' dir='ltr'><strong>(l</strong></span> <span class='ocrx_word' id='word_1_761' title='bbox 3657 3567 3809 3624; x_wconf 81' lang='lat' dir='ltr'><strong>Joau.</strong></span> 
     </span>
    </p>
   </div>
   <div class='ocr_carea' id='block_1_100' title="bbox 2237 3657 3816 3730">
    <p class='ocr_par' dir='ltr' id='par_1_100' title="bbox 2237 3657 3816 3730">
     <span class='ocr_line' id='line_1_100' title="bbox 2237 3657 3816 3730; baseline 0.003 -16"><span class='ocrx_word' id='word_1_762' title='bbox 2237 3675 2311 3726; x_wconf 83' lang='lat' dir='ltr'><strong>tv,</strong></span> <span class='ocrx_word' id='word_1_763' title='bbox 2345 3657 2432 3730; x_wconf 81' lang='grc'><strong>18)</strong></span> <span class='ocrx_word' id='word_1_764' title='bbox 2467 3675 2480 3712; x_wconf 91' lang='lat'><strong>:</strong></span> <span class='ocrx_word' id='word_1_765' title='bbox 2513 3657 2652 3714; x_wconf 89' lang='lat' dir='ltr'><strong>absit</strong></span> <span class='ocrx_word' id='word_1_766' title='bbox 2691 3673 2820 3728; x_wconf 80' lang='lat' dir='ltr'><strong>ergo</strong></span> <span class='ocrx_word' id='word_1_767' title='bbox 2848 3668 2902 3713; x_wconf 93' lang='lat' dir='ltr'><strong>ut</strong></span> <span class='ocrx_word' id='word_1_768' title='bbox 2933 3657 2988 3714; x_wconf 88' lang='lat' dir='ltr'><strong>in</strong></span> <span class='ocrx_word' id='word_1_769' title='bbox 3016 3659 3133 3716; x_wconf 92' lang='lat' dir='ltr'><strong>loco</strong></span> <span class='ocrx_word' id='word_1_770' title='bbox 3182 3661 3324 3716; x_wconf 89' lang='lat' dir='ltr'><strong>illius</strong></span> <span class='ocrx_word' id='word_1_771' title='bbox 3349 3660 3618 3718; x_wconf 80' lang='lat' dir='ltr'><strong>felicitatis</strong></span> <span class='ocrx_word' id='word_1_772' title='bbox 3639 3673 3816 3718; x_wconf 87' lang='lat' dir='ltr'><strong>essent</strong></span> 
     </span>
    </p>
   </div>
   <div class='ocr_carea' id='block_1_101' title="bbox 2239 3750 3814 3823">
    <p class='ocr_par' dir='ltr' id='par_1_101' title="bbox 2239 3750 3814 3823">
     <span class='ocr_line' id='line_1_101' title="bbox 2239 3750 3814 3823; baseline 0.003 -18"><span class='ocrx_word' id='word_1_773' title='bbox 2239 3751 2342 3805; x_wconf 89' lang='lat' dir='ltr'><strong>ulla</strong></span> <span class='ocrx_word' id='word_1_774' title='bbox 2373 3759 2660 3806; x_wconf 89' lang='lat' dir='ltr'><strong>tormenta.</strong></span> <span class='ocrx_word' id='word_1_775' title='bbox 2687 3750 2919 3806; x_wconf 87' lang='lat' dir='ltr'><strong>Proinde</strong></span> <span class='ocrx_word' id='word_1_776' title='bbox 2941 3751 2994 3805; x_wconf 92' lang='lat' dir='ltr'><strong>in</strong></span> <span class='ocrx_word' id='word_1_777' title='bbox 3023 3759 3180 3808; x_wconf 83' lang='lat' dir='ltr'><strong>actate</strong></span> <span class='ocrx_word' id='word_1_778' title='bbox 3202 3752 3460 3823; x_wconf 85' lang='lat' dir='ltr'><strong>qualibet,</strong></span> <span class='ocrx_word' id='word_1_779' title='bbox 3483 3755 3694 3810; x_wconf 86' lang='lat' dir='ltr'><strong>nemine</strong></span> <span class='ocrx_word' id='word_1_780' title='bbox 3711 3765 3814 3810; x_wconf 82' lang='lat' dir='ltr'><strong>ter-</strong></span> 
     </span>
    </p>
   </div>
   <div class='ocr_carea' id='block_1_102' title="bbox 2237 3842 3816 3918">
    <p class='ocr_par' dir='ltr' id='par_1_102' title="bbox 2237 3842 3816 3918">
     <span class='ocr_line' id='line_1_102' title="bbox 2237 3842 3816 3918; baseline 0.001 -19"><span class='ocrx_word' id='word_1_781' title='bbox 2237 3851 2391 3900; x_wconf 87' lang='lat' dir='ltr'><strong>rente</strong></span> <span class='ocrx_word' id='word_1_782' title='bbox 2421 3842 2548 3914; x_wconf 92' lang='lat' dir='ltr'><strong>quid</strong></span> <span class='ocrx_word' id='word_1_783' title='bbox 2570 3844 2818 3899; x_wconf 88' lang='lat' dir='ltr'><strong>timerent</strong></span> <span class='ocrx_word' id='word_1_784' title='bbox 2847 3843 3100 3901; x_wconf 75' lang='lat' dir='ltr'><strong>inemine</strong></span> <span class='ocrx_word' id='word_1_785' title='bbox 3129 3845 3356 3902; x_wconf 66' lang='lat' dir='ltr'><strong>laedenti:</strong></span> <span class='ocrx_word' id='word_1_786' title='bbox 3383 3847 3510 3918; x_wconf 88' lang='lat' dir='ltr'><strong>quid</strong></span> <span class='ocrx_word' id='word_1_787' title='bbox 3529 3847 3772 3904; x_wconf 85' lang='lat' dir='ltr'><strong>dolerent</strong></span> <span class='ocrx_word' id='word_1_788' title='bbox 3791 3849 3816 3900; x_wconf 79' lang='grc' dir='ltr'><strong><em>τ</em></strong></span> 
     </span>
    </p>
   </div>
   <div class='ocr_carea' id='block_1_103' title="bbox 2241 3936 3817 4011">
    <p class='ocr_par' dir='ltr' id='par_1_103' title="bbox 2241 3936 3817 4011">
     <span class='ocr_line' id='line_1_103' title="bbox 2241 3936 3817 4011; baseline 0.004 -21"><span class='ocrx_word' id='word_1_789' title='bbox 2241 3936 2298 3991; x_wconf 92' lang='lat' dir='ltr'><strong>lu</strong></span> <span class='ocrx_word' id='word_1_790' title='bbox 2322 3937 2425 3991; x_wconf 92' lang='lat' dir='ltr'><strong>hoc</strong></span> <span class='ocrx_word' id='word_1_791' title='bbox 2451 3945 2630 3991; x_wconf 88' lang='lat' dir='ltr'><strong>autem</strong></span> <span class='ocrx_word' id='word_1_792' title='bbox 2655 3938 2903 4007; x_wconf 62' lang='lat' dir='ltr'><strong>pra‘seuti</strong></span> <span class='ocrx_word' id='word_1_793' title='bbox 2933 3937 3130 3992; x_wconf 69' lang='lat' dir='ltr'><strong>szeculo</strong></span> <span class='ocrx_word' id='word_1_794' title='bbox 3155 3939 3418 4009; x_wconf 85' lang='lat' dir='ltr'><strong>maligno,</strong></span> <span class='ocrx_word' id='word_1_795' title='bbox 3459 3940 3598 4011; x_wconf 91' lang='lat' dir='ltr'><strong>quod</strong></span> <span class='ocrx_word' id='word_1_796' title='bbox 3646 3949 3700 3996; x_wconf 92' lang='lat' dir='ltr'><strong>ut</strong></span> <span class='ocrx_word' id='word_1_797' title='bbox 3719 3956 3817 3996; x_wconf 83' lang='lat' dir='ltr'><strong>no-</strong></span> 
     </span>
    </p>
   </div>
   <div class='ocr_carea' id='block_1_104' title="bbox 2241 4028 3814 4100">
    <p class='ocr_par' dir='ltr' id='par_1_104' title="bbox 2241 4028 3814 4100">
     <span class='ocr_line' id='line_1_104' title="bbox 2241 4028 3814 4100; baseline 0.004 -18"><span class='ocrx_word' id='word_1_798' title='bbox 2241 4028 2368 4083; x_wconf 89' lang='lat' dir='ltr'><strong>stris</strong></span> <span class='ocrx_word' id='word_1_799' title='bbox 2417 4028 2650 4084; x_wconf 85' lang='lat' dir='ltr'><strong>miseriis</strong></span> <span class='ocrx_word' id='word_1_800' title='bbox 2706 4037 3074 4100; x_wconf 77' lang='lat' dir='ltr'><strong>perageretur,</strong></span> <span class='ocrx_word' id='word_1_801' title='bbox 3106 4029 3172 4084; x_wconf 89' lang='lat' dir='ltr'><strong>de</strong></span> <span class='ocrx_word' id='word_1_802' title='bbox 3225 4031 3472 4100; x_wconf 87' lang='lat' dir='ltr'><strong>paradiso</strong></span> <span class='ocrx_word' id='word_1_803' title='bbox 3513 4031 3814 4088; x_wconf 84' lang='lat' dir='ltr'><strong>deliciarqu</strong></span> 
     </span>
    </p>
   </div>
   <div class='ocr_carea' id='block_1_105' title="bbox 2243 4111 3820 4196">
    <p class='ocr_par' dir='ltr' id='par_1_105' title="bbox 2243 4111 3820 4196">
     <span class='ocr_line' id='line_1_105' title="bbox 2243 4111 3820 4196; baseline 0.003 -20"><span class='ocrx_word' id='word_1_804' title='bbox 2243 4111 2467 4193; x_wconf 58' lang='grc' dir='ltr'><strong>ιιι-(ἠρριὶ</strong></span> <span class='ocrx_word' id='word_1_805' title='bbox 2497 4137 2682 4176; x_wconf 90' lang='lat' dir='ltr'><strong>sumus</strong></span> <span class='ocrx_word' id='word_1_806' title='bbox 2706 4168 2720 4191; x_wconf 87' lang='lat'><strong>,</strong></span> <span class='ocrx_word' id='word_1_807' title='bbox 2751 4122 2804 4176; x_wconf 89' lang='lat' dir='ltr'><strong>in</strong></span> <span class='ocrx_word' id='word_1_808' title='bbox 2833 4122 2914 4178; x_wconf 91' lang='lat' dir='ltr'><strong>bis</strong></span> <span class='ocrx_word' id='word_1_809' title='bbox 2936 4123 3095 4178; x_wconf 89' lang='lat' dir='ltr'><strong>etiam</strong></span> <span class='ocrx_word' id='word_1_810' title='bbox 3143 4124 3336 4193; x_wconf 89' lang='lat' dir='ltr'><strong>quibus</strong></span> <span class='ocrx_word' id='word_1_811' title='bbox 3365 4135 3578 4196; x_wconf 84' lang='lat' dir='ltr'><strong>peccata</strong></span> <span class='ocrx_word' id='word_1_812' title='bbox 3607 4125 3820 4182; x_wconf 85' lang='lat' dir='ltr'><strong>dimissa</strong></span> 
     </span>
    </p>
   </div>
   <div class='ocr_carea' id='block_1_106' title="bbox 2240 4216 3820 4288">
    <p class='ocr_par' dir='ltr' id='par_1_106' title="bbox 2240 4216 3820 4288">
     <span class='ocr_line' id='line_1_106' title="bbox 2240 4216 3820 4288; baseline 0.001 -15"><span class='ocrx_word' id='word_1_813' title='bbox 2240 4226 2400 4283; x_wconf 89' lang='lat' dir='ltr'><strong>sunt,</strong></span> <span class='ocrx_word' id='word_1_814' title='bbox 2433 4217 2681 4272; x_wconf 88' lang='lat' dir='ltr'><strong>timorum</strong></span> <span class='ocrx_word' id='word_1_815' title='bbox 2707 4226 2762 4272; x_wconf 90' lang='lat' dir='ltr'><strong>et</strong></span> <span class='ocrx_word' id='word_1_816' title='bbox 2787 4216 3032 4272; x_wconf 88' lang='lat' dir='ltr'><strong>dolorum</strong></span> <span class='ocrx_word' id='word_1_817' title='bbox 3060 4233 3295 4272; x_wconf 80' lang='lat' dir='ltr'><strong>:crumna</strong></span> <span class='ocrx_word' id='word_1_818' title='bbox 3323 4227 3630 4288; x_wconf 85' lang='lat' dir='ltr'><strong>permanet,</strong></span> <span class='ocrx_word' id='word_1_819' title='bbox 3651 4229 3707 4274; x_wconf 90' lang='lat' dir='ltr'><strong>ut</strong></span> <span class='ocrx_word' id='word_1_820' title='bbox 3727 4233 3820 4274; x_wconf 89' lang='lat' dir='ltr'><strong>no-</strong></span> 
     </span>
    </p>
   </div>
   <div class='ocr_carea' id='block_1_107' title="bbox 2242 4309 3816 4376">
    <p class='ocr_par' dir='ltr' id='par_1_107' title="bbox 2242 4309 3816 4376">
     <span class='ocr_line' id='line_1_107' title="bbox 2242 4309 3816 4376; baseline 0 -10"><span class='ocrx_word' id='word_1_821' title='bbox 2242 4319 2352 4366; x_wconf 88' lang='lat' dir='ltr'><strong>stra</strong></span> <span class='ocrx_word' id='word_1_822' title='bbox 2375 4309 2442 4365; x_wconf 87' lang='lat' dir='ltr'><strong>de</strong></span> <span class='ocrx_word' id='word_1_823' title='bbox 2467 4310 2666 4365; x_wconf 56' lang='lat' dir='ltr'><strong>sarculo</strong></span> <span class='ocrx_word' id='word_1_824' title='bbox 2685 4310 2862 4364; x_wconf 83' lang='lat' dir='ltr'><strong>futuro</strong></span> <span class='ocrx_word' id='word_1_825' title='bbox 2885 4309 3018 4366; x_wconf 89' lang='lat' dir='ltr'><strong>fides</strong></span> <span class='ocrx_word' id='word_1_826' title='bbox 3037 4351 3052 4375; x_wconf 91' lang='lat'><strong>,</strong></span> <span class='ocrx_word' id='word_1_827' title='bbox 3077 4310 3166 4366; x_wconf 91' lang='lat' dir='ltr'><strong>ubi</strong></span> <span class='ocrx_word' id='word_1_828' title='bbox 3209 4311 3350 4365; x_wconf 89' lang='lat' dir='ltr'><strong>nulla</strong></span> <span class='ocrx_word' id='word_1_829' title='bbox 3391 4320 3547 4366; x_wconf 89' lang='lat' dir='ltr'><strong>erunt</strong></span> <span class='ocrx_word' id='word_1_830' title='bbox 3571 4311 3686 4376; x_wconf 83' lang='lat' dir='ltr'><strong>ista,</strong></span> <span class='ocrx_word' id='word_1_831' title='bbox 3715 4327 3816 4367; x_wconf 87' lang='lat' dir='ltr'><strong>nou</strong></span> 
     </span>
    </p>
   </div>
   <div class='ocr_carea' id='block_1_108' title="bbox 2244 4401 3820 4474">
    <p class='ocr_par' dir='ltr' id='par_1_108' title="bbox 2244 4401 3820 4474">
     <span class='ocr_line' id='line_1_108' title="bbox 2244 4401 3820 4474; baseline -0.001 -16"><span class='ocrx_word' id='word_1_832' title='bbox 2244 4403 2418 4458; x_wconf 80' lang='lat' dir='ltr'><strong>solum</strong></span> <span class='ocrx_word' id='word_1_833' title='bbox 2445 4401 2498 4456; x_wconf 86' lang='lat' dir='ltr'><strong>in</strong></span> <span class='ocrx_word' id='word_1_834' title='bbox 2525 4401 2744 4466; x_wconf 84' lang='lat' dir='ltr'><strong>nostris,</strong></span> <span class='ocrx_word' id='word_1_835' title='bbox 2767 4417 2951 4456; x_wconf 80' lang='lat' dir='ltr'><strong>verum</strong></span> <span class='ocrx_word' id='word_1_836' title='bbox 2974 4403 3134 4457; x_wconf 85' lang='lat' dir='ltr'><strong>etiam</strong></span> <span class='ocrx_word' id='word_1_837' title='bbox 3164 4404 3214 4458; x_wconf 91' lang='lat' dir='ltr'><strong>in</strong></span> <span class='ocrx_word' id='word_1_838' title='bbox 3247 4411 3548 4458; x_wconf 80' lang='lat' dir='ltr'><strong>nostrorum</strong></span> <span class='ocrx_word' id='word_1_839' title='bbox 3575 4403 3820 4474; x_wconf 82' lang='lat' dir='ltr'><strong>parvulo—</strong></span> 
     </span>
    </p>
   </div>
   <div class='ocr_carea' id='block_1_109' title="bbox 2245 4495 3818 4572">
    <p class='ocr_par' dir='ltr' id='par_1_109' title="bbox 2245 4495 3818 4572">
     <span class='ocr_line' id='line_1_109' title="bbox 2245 4495 3818 4572; baseline 0.001 -21"><span class='ocrx_word' id='word_1_840' title='bbox 2245 4513 2362 4572; x_wconf 75' lang='lat' dir='ltr'><strong>rum</strong></span> <span class='ocrx_word' id='word_1_841' title='bbox 2385 4495 2639 4550; x_wconf 69' lang='lat' dir='ltr'><strong>utrumuis</strong></span> <span class='ocrx_word' id='word_1_842' title='bbox 2667 4495 2957 4566; x_wconf 84' lang='lat' dir='ltr'><strong>probetur:</strong></span> <span class='ocrx_word' id='word_1_843' title='bbox 2983 4497 3102 4566; x_wconf 85' lang='lat' dir='ltr'><strong>quia</strong></span> <span class='ocrx_word' id='word_1_844' title='bbox 3135 4511 3354 4552; x_wconf 67' lang='lat' dir='ltr'><strong>[noneos</strong></span> <span class='ocrx_word' id='word_1_845' title='bbox 3377 4496 3496 4552; x_wconf 89' lang='lat' dir='ltr'><strong>ideo</strong></span> <span class='ocrx_word' id='word_1_846' title='bbox 3525 4497 3818 4567; x_wconf 81' lang='lat' dir='ltr'><strong>rcgenerari</strong></span> 
     </span>
    </p>
   </div>
   <div class='ocr_carea' id='block_1_110' title="bbox 2246 4587 3818 4656">
    <p class='ocr_par' dir='ltr' id='par_1_110' title="bbox 2246 4587 3818 4656">
     <span class='ocr_line' id='line_1_110' title="bbox 2246 4587 3818 4656; baseline 0 -14"><span class='ocrx_word' id='word_1_847' title='bbox 2246 4589 2510 4653; x_wconf 85' lang='lat' dir='ltr'><strong>volumus,</strong></span> <span class='ocrx_word' id='word_1_848' title='bbox 2545 4597 2602 4642; x_wconf 93' lang='lat' dir='ltr'><strong>ut</strong></span> <span class='ocrx_word' id='word_1_849' title='bbox 2639 4603 2748 4642; x_wconf 86' lang='lat' dir='ltr'><strong>non</strong></span> <span class='ocrx_word' id='word_1_850' title='bbox 2777 4587 3046 4656; x_wconf 87' lang='lat' dir='ltr'><strong>patiantur</strong></span> <span class='ocrx_word' id='word_1_851' title='bbox 3095 4587 3212 4642; x_wconf 69' lang='lat' dir='ltr'><strong>[nec</strong></span> <span class='ocrx_word' id='word_1_852' title='bbox 3241 4588 3414 4654; x_wconf 87' lang='lat' dir='ltr'><strong>mala;</strong></span> <span class='ocrx_word' id='word_1_853' title='bbox 3446 4589 3538 4644; x_wconf 84' lang='lat' dir='ltr'><strong>sed</strong></span> <span class='ocrx_word' id='word_1_854' title='bbox 3571 4599 3627 4642; x_wconf 86' lang='lat' dir='ltr'><strong>ut</strong></span> <span class='ocrx_word' id='word_1_855' title='bbox 3661 4589 3714 4642; x_wconf 89' lang='lat' dir='ltr'><strong>in</strong></span> <span class='ocrx_word' id='word_1_856' title='bbox 3743 4605 3818 4642; x_wconf 85' lang='lat' dir='ltr'><strong>re-</strong></span> 
     </span>
    </p>
   </div>
   <div class='ocr_carea' id='block_1_111' title="bbox 2246 4681 3819 4753">
    <p class='ocr_par' dir='ltr' id='par_1_111' title="bbox 2246 4681 3819 4753">
     <span class='ocr_line' id='line_1_111' title="bbox 2246 4681 3819 4753; baseline 0.001 -19"><span class='ocrx_word' id='word_1_857' title='bbox 2246 4697 2430 4753; x_wconf 79' lang='lat' dir='ltr'><strong>gnum,</strong></span> <span class='ocrx_word' id='word_1_858' title='bbox 2463 4681 2515 4735; x_wconf 90' lang='lat' dir='ltr'><strong>in</strong></span> <span class='ocrx_word' id='word_1_859' title='bbox 2542 4695 2648 4752; x_wconf 89' lang='lat' dir='ltr'><strong>quo</strong></span> <span class='ocrx_word' id='word_1_860' title='bbox 2677 4681 2804 4736; x_wconf 75' lang='lat' dir='ltr'><strong>talia</strong></span> <span class='ocrx_word' id='word_1_861' title='bbox 2835 4697 2940 4736; x_wconf 91' lang='lat' dir='ltr'><strong>non</strong></span> <span class='ocrx_word' id='word_1_862' title='bbox 2970 4691 3148 4748; x_wconf 87' lang='lat' dir='ltr'><strong>erunt,</strong></span> <span class='ocrx_word' id='word_1_863' title='bbox 3179 4683 3560 4751; x_wconf 77' lang='lat' dir='ltr'><strong>pervehuntur.</strong></span> <span class='ocrx_word' id='word_1_864' title='bbox 3589 4683 3730 4738; x_wconf 83' lang='lat' dir='ltr'><strong>lianc</strong></span> <span class='ocrx_word' id='word_1_865' title='bbox 3757 4685 3819 4736; x_wconf 77' lang='grc' dir='ltr'>ιι-</span> 
     </span>
    </p>
   </div>
   <div class='ocr_carea' id='block_1_112' title="bbox 2247 4773 3822 4845">
    <p class='ocr_par' dir='ltr' id='par_1_112' title="bbox 2247 4773 3822 4845">
     <span class='ocr_line' id='line_1_112' title="bbox 2247 4773 3822 4845; baseline 0.001 -17"><span class='ocrx_word' id='word_1_866' title='bbox 2247 4775 2370 4830; x_wconf 87' lang='lat' dir='ltr'><strong>dem</strong></span> <span class='ocrx_word' id='word_1_867' title='bbox 2397 4789 2576 4828; x_wconf 85' lang='lat' dir='ltr'><strong>veram</strong></span> <span class='ocrx_word' id='word_1_868' title='bbox 2603 4784 2762 4844; x_wconf 87' lang='lat' dir='ltr'><strong>atque</strong></span> <span class='ocrx_word' id='word_1_869' title='bbox 2783 4773 3103 4828; x_wconf 89' lang='lat' dir='ltr'><strong>catholicam</strong></span> <span class='ocrx_word' id='word_1_870' title='bbox 3149 4775 3242 4829; x_wconf 86' lang='lat' dir='ltr'><strong>tibi</strong></span> <span class='ocrx_word' id='word_1_871' title='bbox 3287 4776 3556 4845; x_wconf 83' lang='lat' dir='ltr'><strong>respuenti</strong></span> <span class='ocrx_word' id='word_1_872' title='bbox 3575 4817 3590 4841; x_wconf 92' lang='lat'><strong>,</strong></span> <span class='ocrx_word' id='word_1_873' title='bbox 3617 4783 3672 4831; x_wconf 91' lang='lat' dir='ltr'><strong>et</strong></span> <span class='ocrx_word' id='word_1_874' title='bbox 3691 4791 3822 4830; x_wconf 82' lang='lat' dir='ltr'><strong>vano</strong></span> 
     </span>
    </p>
   </div>
   <div class='ocr_carea' id='block_1_113' title="bbox 2248 4864 3818 4936">
    <p class='ocr_par' dir='ltr' id='par_1_113' title="bbox 2248 4864 3818 4936">
     <span class='ocr_line' id='line_1_113' title="bbox 2248 4864 3818 4936; baseline 0.003 -16"><span class='ocrx_word' id='word_1_875' title='bbox 2248 4865 2537 4920; x_wconf 87' lang='lat' dir='ltr'><strong>buccarum</strong></span> <span class='ocrx_word' id='word_1_876' title='bbox 2565 4866 2790 4936; x_wconf 89' lang='lat' dir='ltr'><strong>strepitu</strong></span> <span class='ocrx_word' id='word_1_877' title='bbox 2811 4864 3047 4921; x_wconf 82' lang='lat' dir='ltr'><strong>refutare</strong></span> <span class='ocrx_word' id='word_1_878' title='bbox 3071 4867 3322 4934; x_wconf 89' lang='lat' dir='ltr'><strong>conanti,</strong></span> <span class='ocrx_word' id='word_1_879' title='bbox 3364 4883 3484 4922; x_wconf 89' lang='lat' dir='ltr'><strong>cum</strong></span> <span class='ocrx_word' id='word_1_880' title='bbox 3511 4867 3818 4924; x_wconf 66' lang='lat' dir='ltr'><strong>[aiebam</strong></span> 
     </span>
    </p>
   </div>
   <div class='ocr_carea' id='block_1_114' title="bbox 2251 4955 3808 5028">
    <p class='ocr_par' dir='ltr' id='par_1_114' title="bbox 2251 4955 3808 5028">
     <span class='ocr_line' id='line_1_114' title="bbox 2251 4955 3808 5028; baseline 0.001 -17"><span class='ocrx_word' id='word_1_881' title='bbox 2251 4957 2537 5028; x_wconf 79' lang='lat' dir='ltr'><strong>ingesserit</strong></span> <span class='ocrx_word' id='word_1_882' title='bbox 2559 4958 2910 5027; x_wconf 64' lang='lat' dir='ltr'><strong>quaestionem</strong></span> <span class='ocrx_word' id='word_1_883' title='bbox 2939 4955 3080 5012; x_wconf 90' lang='lat' dir='ltr'><strong>unde</strong></span> <span class='ocrx_word' id='word_1_884' title='bbox 3129 4957 3266 5013; x_wconf 88' lang='lat' dir='ltr'><strong>mala</strong></span> <span class='ocrx_word' id='word_1_885' title='bbox 3313 4959 3420 5014; x_wconf 85' lang='lat' dir='ltr'><strong>sint</strong></span> <span class='ocrx_word' id='word_1_886' title='bbox 3459 4959 3808 5028; x_wconf 80' lang='lat' dir='ltr'><strong>parvulorum,</strong></span> 
     </span>
    </p>
   </div>
   <div class='ocr_carea' id='block_1_115' title="bbox 2251 5049 3809 5120">
    <p class='ocr_par' dir='ltr' id='par_1_115' title="bbox 2251 5049 3809 5120">
     <span class='ocr_line' id='line_1_115' title="bbox 2251 5049 3809 5120; baseline 0.001 -18"><span class='ocrx_word' id='word_1_887' title='bbox 2251 5049 2428 5104; x_wconf 88' lang='lat' dir='ltr'><strong>omnis</strong></span> <span class='ocrx_word' id='word_1_888' title='bbox 2475 5060 2562 5104; x_wconf 90' lang='lat' dir='ltr'><strong>tua</strong></span> <span class='ocrx_word' id='word_1_889' title='bbox 2611 5049 2908 5119; x_wconf 89' lang='lat' dir='ltr'><strong>loquacitas</strong></span> <span class='ocrx_word' id='word_1_890' title='bbox 2933 5049 3307 5106; x_wconf 85' lang='lat' dir='ltr'><strong>obmutescet:</strong></span> <span class='ocrx_word' id='word_1_891' title='bbox 3339 5051 3586 5120; x_wconf 84' lang='lat' dir='ltr'><strong>quoniam</strong></span> <span class='ocrx_word' id='word_1_892' title='bbox 3622 5059 3809 5120; x_wconf 76' lang='lat' dir='ltr'><strong>negant</strong></span> 
     </span>
    </p>
   </div>
   <div class='ocr_carea' id='block_1_116' title="bbox 2252 5143 3822 5214">
    <p class='ocr_par' dir='ltr' id='par_1_116' title="bbox 2252 5143 3822 5214">
     <span class='ocr_line' id='line_1_116' title="bbox 2252 5143 3822 5214; baseline 0.004 -16"><span class='ocrx_word' id='word_1_893' title='bbox 2252 5143 2512 5214; x_wconf 78' lang='lat' dir='ltr'><strong>originale</strong></span> <span class='ocrx_word' id='word_1_894' title='bbox 2537 5151 2844 5213; x_wconf 79' lang='lat' dir='ltr'><strong>peccatum,</strong></span> <span class='ocrx_word' id='word_1_895' title='bbox 2869 5157 2994 5199; x_wconf 81' lang='lat' dir='ltr'><strong>mox</strong></span> <span class='ocrx_word' id='word_1_896' title='bbox 3037 5143 3126 5201; x_wconf 85' lang='lat' dir='ltr'><strong>ille</strong></span> <span class='ocrx_word' id='word_1_897' title='bbox 3163 5143 3380 5200; x_wconf 62' lang='lat' dir='ltr'><strong>callide:</strong></span> <span class='ocrx_word' id='word_1_898' title='bbox 3405 5145 3626 5200; x_wconf 79' lang='lat' dir='ltr'><strong>frontem</strong></span> <span class='ocrx_word' id='word_1_899' title='bbox 3655 5153 3822 5204; x_wconf 76' lang='grc' dir='ltr'>ιιιιιιι.</span> 
     </span>
    </p>
   </div>
   <div class='ocr_carea' id='block_1_117' title="bbox 2255 5233 3828 5291">
    <p class='ocr_par' dir='ltr' id='par_1_117' title="bbox 2255 5233 3828 5291">
     <span class='ocr_line' id='line_1_117' title="bbox 2255 5233 3828 5291; baseline -0.003 -1"><span class='ocrx_word' id='word_1_900' title='bbox 2255 5243 2306 5290; x_wconf 91' lang='lat' dir='ltr'><strong>et</strong></span> <span class='ocrx_word' id='word_1_901' title='bbox 2329 5234 2454 5290; x_wconf 80' lang='lat' dir='ltr'><strong>mali</strong></span> <span class='ocrx_word' id='word_1_902' title='bbox 2485 5243 2730 5290; x_wconf 68' lang='lat' dir='ltr'><strong>naturam</strong></span> <span class='ocrx_word' id='word_1_903' title='bbox 2759 5235 3062 5291; x_wconf 84' lang='lat' dir='ltr'><strong>iutroducet</strong></span> <span class='ocrx_word' id='word_1_904' title='bbox 3087 5235 3340 5291; x_wconf 87' lang='lat' dir='ltr'><strong>alienam.</strong></span> <span class='ocrx_word' id='word_1_905' title='bbox 3357 5233 3477 5290; x_wconf 82' lang='lat' dir='ltr'><strong>Non</strong></span> <span class='ocrx_word' id='word_1_906' title='bbox 3491 5245 3668 5291; x_wconf 79' lang='lat' dir='ltr'><strong>autem</strong></span> <span class='ocrx_word' id='word_1_907' title='bbox 3685 5235 3828 5289; x_wconf 75' lang='lat' dir='ltr'><strong>timet</strong></span> 
     </span>
    </p>
   </div>
   <div class='ocr_carea' id='block_1_118' title="bbox 2255 5328 3830 5400">
    <p class='ocr_par' dir='ltr' id='par_1_118' title="bbox 2255 5328 3830 5400">
     <span class='ocr_line' id='line_1_118' title="bbox 2255 5328 3830 5400; baseline -0.003 -17"><span class='ocrx_word' id='word_1_908' title='bbox 2255 5328 2514 5384; x_wconf 87' lang='lat' dir='ltr'><strong>catholica</strong></span> <span class='ocrx_word' id='word_1_909' title='bbox 2545 5328 2700 5396; x_wconf 86' lang='lat' dir='ltr'><strong>fides,</strong></span> <span class='ocrx_word' id='word_1_910' title='bbox 2717 5329 2862 5400; x_wconf 86' lang='lat' dir='ltr'><strong>quod</strong></span> <span class='ocrx_word' id='word_1_911' title='bbox 2883 5329 2978 5386; x_wconf 84' lang='lat' dir='ltr'><strong>tibi</strong></span> <span class='ocrx_word' id='word_1_912' title='bbox 3001 5329 3230 5396; x_wconf 86' lang='lat' dir='ltr'><strong>videtur,</strong></span> <span class='ocrx_word' id='word_1_913' title='bbox 3259 5348 3278 5382; x_wconf 78' lang='grc' dir='ltr'><strong>ι</strong></span> <span class='ocrx_word' id='word_1_914' title='bbox 3297 5345 3410 5386; x_wconf 86' lang='lat' dir='ltr'><strong>rem</strong></span> <span class='ocrx_word' id='word_1_915' title='bbox 3431 5328 3714 5384; x_wconf 81' lang='lat' dir='ltr'><strong>voluntatis</strong></span> <span class='ocrx_word' id='word_1_916' title='bbox 3729 5343 3830 5382; x_wconf 75' lang='lat' dir='ltr'><strong>non</strong></span> 
     </span>
    </p>
   </div>
   <div class='ocr_carea' id='block_1_119' title="bbox 2257 5419 3830 5490">
    <p class='ocr_par' dir='ltr' id='par_1_119' title="bbox 2257 5419 3830 5490">
     <span class='ocr_line' id='line_1_119' title="bbox 2257 5419 3830 5490; baseline -0.003 -16"><span class='ocrx_word' id='word_1_917' title='bbox 2257 5433 2418 5490; x_wconf 83' lang='lat' dir='ltr'><strong>posse</strong></span> <span class='ocrx_word' id='word_1_918' title='bbox 2473 5421 2766 5475; x_wconf 88' lang='lat' dir='ltr'><strong>seminibus</strong></span> <span class='ocrx_word' id='word_1_919' title='bbox 2787 5421 3095 5486; x_wconf 87' lang='lat' dir='ltr'><strong>admoveri;</strong></span> <span class='ocrx_word' id='word_1_920' title='bbox 3123 5441 3142 5474; x_wconf 72' lang='grc' dir='ltr'><strong>ι</strong></span> <span class='ocrx_word' id='word_1_921' title='bbox 3177 5437 3298 5476; x_wconf 90' lang='lat' dir='ltr'><strong>cum</strong></span> <span class='ocrx_word' id='word_1_922' title='bbox 3345 5420 3523 5475; x_wconf 90' lang='lat' dir='ltr'><strong>audiat</strong></span> <span class='ocrx_word' id='word_1_923' title='bbox 3573 5419 3830 5473; x_wconf 85' lang='lat' dir='ltr'><strong>dicentem</strong></span> 
     </span>
    </p>
   </div>
   <div class='ocr_carea' id='block_1_120' title="bbox 2259 5511 3892 5585">
    <p class='ocr_par' dir='ltr' id='par_1_120' title="bbox 2259 5511 3892 5585">
     <span class='ocr_line' id='line_1_120' title="bbox 2259 5511 3892 5585; baseline -0.001 -19"><span class='ocrx_word' id='word_1_924' title='bbox 2259 5511 2455 5576; x_wconf 87' lang='lat' dir='ltr'><strong>Demn,</strong></span> <span class='ocrx_word' id='word_1_925' title='bbox 2490 5511 2636 5566; x_wconf 90' lang='lat' dir='ltr'><strong>reddi</strong></span> <span class='ocrx_word' id='word_1_926' title='bbox 2691 5521 2906 5582; x_wconf 86' lang='lat' dir='ltr'><strong>peccata</strong></span> <span class='ocrx_word' id='word_1_927' title='bbox 2933 5519 3144 5585; x_wconf 86' lang='lat' dir='ltr'><strong>patrum</strong></span> <span class='ocrx_word' id='word_1_928' title='bbox 3199 5513 3252 5568; x_wconf 90' lang='lat' dir='ltr'><strong>in</strong></span> <span class='ocrx_word' id='word_1_929' title='bbox 3283 5513 3490 5569; x_wconf 81' lang='lat' dir='ltr'><strong>tertiam</strong></span> <span class='ocrx_word' id='word_1_930' title='bbox 3513 5521 3566 5568; x_wconf 87' lang='lat' dir='ltr'><strong>et</strong></span> <span class='ocrx_word' id='word_1_931' title='bbox 3593 5521 3828 5582; x_wconf 86' lang='lat' dir='ltr'><strong>quartam</strong></span> <span class='ocrx_word' id='word_1_932' title='bbox 3887 5559 3892 5564; x_wconf 89' lang='lat'><strong>.</strong></span> 
     </span>
    </p>
   </div>
   <div class='ocr_carea' id='block_1_121' title="bbox 2325 5645 3714 5720">
    <p class='ocr_par' dir='ltr' id='par_1_121' title="bbox 2325 5645 3714 5720">
     <span class='ocr_line' id='line_1_121' title="bbox 2325 5645 3714 5720; baseline 0.003 -28"><span class='ocrx_word' id='word_1_933' title='bbox 2325 5645 2346 5720; x_wconf 63' lang='grc' dir='ltr'><strong>ξ</strong></span> <span class='ocrx_word' id='word_1_934' title='bbox 2375 5645 2534 5720; x_wconf 46' lang='lat' dir='ltr'><strong>figo”</strong></span> <span class='ocrx_word' id='word_1_935' title='bbox 2561 5651 2608 5696; x_wconf 79' lang='lat' dir='ltr'><strong>et</strong></span> <span class='ocrx_word' id='word_1_936' title='bbox 2623 5653 2742 5720; x_wconf 78' lang='lat' dir='ltr'><strong>pec.</strong></span> <span class='ocrx_word' id='word_1_937' title='bbox 2768 5647 2933 5710; x_wconf 83' lang='lat' dir='ltr'><strong>Abest,</strong></span> <span class='ocrx_word' id='word_1_938' title='bbox 2956 5653 3019 5708; x_wconf 83' lang='lat' dir='ltr'><strong>et,</strong></span> <span class='ocrx_word' id='word_1_939' title='bbox 3041 5661 3070 5698; x_wconf 89' lang='lat' dir='ltr'><strong>a</strong></span> <span class='ocrx_word' id='word_1_940' title='bbox 3095 5655 3198 5698; x_wconf 76' lang='lat' dir='ltr'><strong>Mss.</strong></span> <span class='ocrx_word' id='word_1_941' title='bbox 3481 5709 3490 5720; x_wconf 86' lang='lat'><em>_</em></span> <span class='ocrx_word' id='word_1_942' title='bbox 3555 5699 3714 5720; x_wconf 14' lang='grc' dir='ltr'><strong>’έν-Δ</strong></span> 
     </span>
    </p>
   </div>
   <div class='ocr_carea' id='block_1_122' title="bbox 2257 5699 3848 5822">
    <p class='ocr_par' dir='ltr' id='par_1_122' title="bbox 2257 5699 3848 5822">
     <span class='ocr_line' id='line_1_122' title="bbox 2257 5699 3848 5822; baseline 0.006 -63"><span class='ocrx_word' id='word_1_943' title='bbox 2257 5699 2530 5822; x_wconf 52' lang='grc' dir='ltr'><strong>ωέοξὲωέ</strong></span> <span class='ocrx_word' id='word_1_944' title='bbox 2549 5713 2702 5766; x_wconf 79' lang='lat' dir='ltr'><strong>codex</strong></span> <span class='ocrx_word' id='word_1_945' title='bbox 2728 5725 2860 5779; x_wconf 59' lang='lat' dir='ltr'><strong>Man,</strong></span> <span class='ocrx_word' id='word_1_946' title='bbox 2883 5699 3214 5785; x_wconf 47' lang='lat' dir='ltr'><strong>pay-tortores,-</strong></span> <span class='ocrx_word' id='word_1_947' title='bbox 3238 5721 3291 5766; x_wconf 91' lang='lat' dir='ltr'><strong>ut</strong></span> <span class='ocrx_word' id='word_1_948' title='bbox 3311 5725 3454 5780; x_wconf 62' lang='lat' dir='ltr'><strong>seges</strong></span> <span class='ocrx_word' id='word_1_949' title='bbox 3473 5709 3527 5758; x_wconf 74' lang='lat' dir='ltr'><strong>in</strong></span> <span class='ocrx_word' id='word_1_950' title='bbox 3548 5699 3848 5758; x_wconf 61' lang='lat' dir='ltr'><strong>Iuliani-ser-</strong></span> 
     </span>
    </p>
   </div>
  </div>
