4150 6496
381 307 509 362 ιξίιι

379 427 684 499 progeniem
713 426 937 482 ﬁliorum
981 425 1172 498 (Exod.
1216 443 1306 493 xx,
1337 426 1404 494 5;
1437 443 1618 493 sxstv,
1655 426 1732 498 7).
1764 427 1954 498 Utique

378 533 466 573 res
490 518 800 584 voluntatis,
826 533 928 587 qua
958 525 1178 586 peccant
1207 527 1414 586 patres,
1447 518 1742 572 seminibus
1767 517 1956 572 admo-

377 619 551 671 vetur.
577 609 788 680 quando
806 610 858 663 in
889 610 1024 665 ﬁlios
1050 609 1344 664 vindicatur
1369 627 1383 664 :
1413 619 1468 664 et
1495 619 1644 679 pater
1663 611 1953 675 Abraham,

379 711 431 757 ut
459 702 816 756 decimaretur
836 717 865 755 a
898 701 1284 758 Melchisedech
1306 743 1320 766 ,
1347 703 1620 758 voluntate
1663 702 1736 756 illi
1779 717 1957 757 sacer-

375 795 483 850 doti
511 795 744 850 decimas
773 794 953 862 dedit;
978 804 1031 850 et
1060 803 1236 850 tanien
1263 796 1420 850 etiam
1470 795 1609 849 ﬁlios
1649 795 1765 865 ejus
1790 835 1806 859 ,
1832 795 1954 863 quia

375 886 428 940 in
456 887 648 940 lumbis
674 895 826 941 erant
851 885 966 956 ejus
988 929 1002 951 ,
1027 896 1152 941 tunc
1175 902 1295 942 esse
1315 887 1608 943 decimatos
1625 901 1776 941 sacra
1804 887 1954 941 Scri-

377 987 527 1046 ptura
557 985 780 1032 testatur
806 976 990 1048 (Hebr.
1032 993 1128 1044 vu,
1159 977 1214 1044 9,
1241 979 1353 1050 lii);
1375 978 1516 1048 quod
1545 977 1787 1048 profecto
1838 992 1948 1031 non

377 1072 547 1135 ﬁeret,
578 1069 621 1123 si
644 1085 748 1124 non
780 1078 960 1140 posset
1002 1085 1087 1125 res
1115 1071 1402 1126 voluntatis
1429 1070 1698 1125 admoveri
1725 1069 1949 1124 semini-

375 1161 494 1216 bus.
695 1159 710 1170 '

444 1251 626 1308 XVIII.
655 1251 774 1308 Jun.
824 1251 929 1308 Sed
976 1251 1108 1323 proh
1148 1251 1241 1307 Dei
1287 1251 1454 1308 nostri
1487 1261 1647 1323 atque
1673 1251 1950 1306 hominum

378 1345 534 1400 ﬁdem
563 1346 578 1377 ¹
603 1347 616 1400 ξ
647 1345 891 1400 Ιιιυοοὶιιθ
916 1345 1152 1416 potuisse
1177 1353 1599 1400 commentorum
1619 1343 1855 1413 prodigia
1875 1357 1952 1396 re-

377 1437 534 1505 periri
559 1476 575 1502 ,
602 1444 659 1491 ut
683 1436 858 1490 dedita
884 1452 1045 1506 opera
1093 1437 1437 1506 impensoque
1461 1434 1636 1490 studio
1657 1435 1710 1489 lu
1734 1449 1950 1505 perver-

373 1544 489 1583 sum
509 1538 772 1583 conentur
796 1529 972 1584 omnia
999 1542 1245 1584 asserere
1269 1528 1282 1583 !
1311 1527 1446 1594 Quid
1464 1527 1606 1583 enim
1635 1536 1740 1582 tam
1769 1526 1947 1598 prodi-

372 1617 528 1688 giale,
558 1633 716 1688 quam
747 1617 889 1689 quod
920 1618 1117 1674 Poenus
1142 1617 1447 1688 eloquitur?
1466 1617 1539 1672 Ea
1562 1657 1577 1684 ,
1607 1616 1806 1687 inquit,
1830 1631 1949 1686 qua:

372 1717 523 1762 erant
567 1710 855 1775 naturalia,
888 1716 1142 1780 perpetua
1173 1723 1279 1765 non
1325 1709 1566 1774 fuerunt;
1593 1717 1649 1764 et
1678 1709 1760 1764 illa
1783 1747 1800 1776 ,
1829 1724 1948 1778 qua:

373 1799 550 1856 studio
578 1809 822 1871 suscepta
848 1809 990 1867 sunt,
1012 1800 1197 1870 primis
1216 1800 1452 1870 coagulis
1474 1799 1748 1855 adhaesere
1774 1813 1946 1853 memo

372 1891 611 1946 brorum.
634 1891 812 1946 Bonus
832 1932 848 1958 ,
877 1891 1082 1960 inquit,
1117 1889 1284 1945 Adam
1312 1890 1480 1944 lactus
1507 1901 1624 1956 est,
1653 1889 1836 1944 habttlt
1861 1889 1946 1944 in-

372 1979 673 2035 nocentiam
725 1981 1058 2045 naturalem;
1084 1980 1292 2035 caneris
1316 1980 1475 2035 etiam
1499 1979 1756 2034 creaturis
1783 1995 1948 2051 pecu-

371 2068 487 2123 liari
519 2069 796 2125 nobilitate
817 2070 1066 2139 praelatus
1087 2109 1102 2133 ,
1149 2069 1496 2125 similitudine
1538 2069 1617 2123 sui
1647 2067 1946 2125 Conditoris

369 2160 582 2215 enituit.
615 2159 862 2215 Liberum
883 2159 1159 2214 arbitrium
1187 2159 1241 2214 in
1270 2159 1575 2214 conditione
1596 2159 1856 2229 suscepit,
1889 2167 1947 2215 ιιι

369 2252 423 2307 in
451 2267 608 2322 quam
652 2252 810 2307 vellet
838 2260 1046 2322 partem
1072 2259 1263 2320 saepte
1286 2250 1488 2322 judicio
1511 2259 1831 2315 moveretur,
1863 2249 1944 2306 fa-

367 2343 725 2412 cultatemque
754 2342 836 2397 vel
860 2341 927 2396 ad
951 2342 1150 2398 bonum
1178 2341 1261 2397 vel
1285 2340 1352 2395 ad
1383 2340 1579 2396 malum
1621 2339 1905 2396 accedendi
1923 2383 1940 2407 ,

368 2433 454 2488 vel
484 2433 552 2488 ab
577 2441 800 2503 utroque
839 2431 1148 2498 recedendi,
1176 2432 1288 2501 ipsa
1319 2430 1534 2486 facturae
1559 2445 1690 2494 suae,
1718 2445 1820 2500 qua
1840 2445 1945 2486 cac-

369 2523 497 2578 teris
521 2522 826 2589 antistabat,
849 2522 1154 2578 conditione
1181 2521 1399 2576 sortitus
1426 2530 1530 2578 est.
1553 2521 1660 2578 Sed
1686 2522 1942 2593 quoniam

366 2614 704 2683 emancipato
721 2613 923 2684 judicio
945 2612 1218 2684 usurpavit
1244 2627 1460 2682 pravam
1485 2613 1648 2667 animi
1671 2611 1825 2668 liberi
1847 2628 1944 2667 vo-

367 2705 654 2770 luntatem,
679 2705 766 2760 illa
795 2705 968 2760 omnia
990 2745 1005 2771 ,
1021 2721 1142 2776 quin
1164 2704 1391 2775 ingenita
1413 2706 1941 2773 consmbat,evertit;

367 2794 649 2864 solumque
680 2803 952 2864 peccatum
976 2802 1032 2849 et
1052 2794 1302 2864 peccandi
1331 2795 1624 2849 necessitas
1649 2795 1697 2849 ei
1729 2794 1944 2865 insepa-

371 2885 606 2943 rabiliter
631 2885 872 2940 adluesit.
893 2885 1004 2939 lloe
1027 2893 1148 2950 est,
1175 2884 1316 2954 quod
1343 2884 1450 2939 dixi
1480 2885 1771 2956 prodigiale
1798 2901 1946 2941 com-

367 2986 627 3030 mentum.
647 2973 884 3029 inaudita
902 2974 1098 3044 quippe
1123 2973 1434 3028 deformitas
1454 2983 1537 3029 est
1557 2975 1734 3030 dicere
1759 2990 1772 3027 :
1801 2975 1945 3031 Bene

368 3067 668 3122 institutum
685 3075 768 3122 est
789 3066 986 3120 animal
1003 3107 1019 3132 ,
1040 3066 1092 3120 in
1117 3081 1222 3136 quo
1245 3064 1553 3121 amissibilia
1573 3065 1943 3124 lueruntbontt

368 3158 527 3214 etiam
553 3157 840 3226 naturalia,
870 3159 954 3214 cui
981 3157 1405 3230 inseparabiliter
1427 3158 1770 3216 adhteserunt
1797 3160 1939 3216 mala

367 3251 452 3308 vel
478 3251 793 3307 voluntaria.

439 3346 577 3401 Auc.
604 3343 740 3399 Cum
763 3343 992 3400 dicitur:
1022 3361 1041 3396 ι
1074 3343 1218 3399 Bene
1246 3343 1542 3398 institutum
1588 3352 1674 3400 est
1712 3344 1943 3412 animal,

369 3437 424 3492 in
450 3450 557 3507 quo
583 3436 893 3491 amissibilia
921 3435 1130 3491 luerunt
1166 3435 1304 3490 bona
1341 3435 1502 3491 etiam
1534 3437 1789 3493 naturalia
1811 3477 1827 3504 ,
1858 3438 1945 3494 cui

369 3529 793 3599 inseparabiliter
836 3528 1176 3584 adhaeserunt
1212 3528 1349 3584 mala
1393 3529 1725 3595 voluntaria;
1765 3529 1948 3601 prodi-

369 3618 534 3690 gialei
570 3627 722 3689 putas
747 3632 896 3674 «esse
909 3627 1270 3674 commentum
1296 3635 1310 3672 :
1336 3635 1359 3670 δ
1388 3627 1443 3673 et
1464 3617 1577 3674 hrce
1594 3633 1624 3673 a
1642 3618 1796 3674 nobis
1816 3618 1944 3686 dici,

370 3719 477 3764 tam
505 3708 850 3766 vehementer
869 3717 924 3764 et
945 3709 1142 3766 acriter
1162 3710 1517 3764 commoveris
1541 3751 1556 3776 ,
1601 3719 1658 3764 ut
1681 3709 1948 3766 exclames

375 3802 430 3856 in
481 3801 575 3856 Dei
604 3811 763 3872 atque
788 3800 1060 3856 hominum
1087 3800 1280 3868 ﬁdem,
1305 3809 1554 3870 tanquam
1582 3801 1686 3855 vim
1731 3802 1948 3871 patiaris

368 3894 490 3965 quia
520 3894 618 3948 ista
640 3893 907 3949 dicuntur.
941 3892 1072 3957 Sed,
1125 3906 1310 3963 quarso
1333 3933 1349 3959 ,
1401 3891 1670 3946 terribiles
1719 3893 1948 3962 impetus

371 3974 530 4056 pone,
554 3993 608 4040 et
624 3983 853 4055 quietior
880 3983 1094 4039 attende
1122 3983 1246 4053 quid
1284 3982 1458 4047 dicam
1479 3983 1522 4036 ³.
1570 3983 1627 4040 Si
1669 3984 1948 4056 quisquam

371 4078 645 4133 voluntate
664 4093 723 4133 se
754 4086 1006 4143 excmcet,
1037 4086 1211 4132 nonne
1237 4077 1442 4132 amittet
1472 4076 1945 4145 naturalebonum,

372 4170 424 4225 id
451 4181 534 4226 est
548 4171 738 4235 visum,
757 4169 876 4225 etei
903 4169 1100 4224 malum
1121 4169 1501 4234 voluntarium,
1533 4169 1584 4224 id
1605 4178 1687 4225 est
1715 4169 1948 4235 caecitas,

373 4261 796 4332 inSeparabiliter
841 4261 1185 4316 adhaerebit?
1223 4261 1489 4333 Numquid
1517 4261 1638 4318 ideo
1682 4263 1821 4318 male
1869 4270 1950 4318 est

369 4352 568 4406 animal
591 4352 911 4419 institutum,
928 4351 1131 4408 euiluit
1150 4352 1442 4408 amissibile
1463 4353 1704 4408 naturale
1729 4353 1948 4421 bonum,

373 4451 427 4495 et
443 4441 793 4510 inseparabile
821 4442 1178 4497 voluntarium
1207 4444 1559 4499 malum?Cur
1582 4459 1709 4515 ergo
1731 4462 1832 4500 non
1859 4463 1954 4516 po-

375 4531 478 4585 tius
505 4539 602 4601 ego
629 4532 920 4586 exclamem
939 4565 953 4593 .
987 4532 1126 4587 Proh
1154 4534 1246 4588 Dei
1281 4534 1448 4588 nostri
1487 4545 1645 4603 atque
1680 4537 1949 4590 hominum

377 4622 535 4677 ﬁdem
564 4625 577 4676 ι
609 4621 850 4676 [hoccine
881 4632 986 4676 tam
1009 4621 1288 4677 manifesta
1316 4633 1372 4678 et
1394 4633 1516 4678 ante
1544 4626 1725 4679 oculos
1749 4624 1965 4680 consti-'

319 4737 324 4740 ·
373 4721 486 4768 tum
508 4714 574 4768 alt
592 4713 809 4767 homine
838 4728 942 4766 non
970 4711 1156 4780 videri,
1180 4713 1270 4783 qui
1301 4713 1453 4768 Valde
1480 4724 1666 4768 acutus
1688 4756 1702 4778 ,
1748 4725 1802 4771 et
1825 4733 1950 4771 eru-

371 4806 546 4873 ditus,
573 4814 629 4860 et
656 4803 1103 4875 philoSOphaster,
1147 4813 1201 4860 et
1243 4805 1556 4860 dialecticus
1597 4807 1707 4860 vult
1743 4806 1952 4862 videri?

372 4899 504 4966 Quis
529 4898 671 4953 enim
693 4895 966 4965 quodlibet
1012 4895 1306 4951 membrum
1334 4896 1378 4950 si
1401 4896 1668 4951 voluntate
1707 4897 1807 4951 sibi
1833 4912 1951 4952 am-

379 4999 554 5061 putat,
587 5003 691 5044 non
719 4988 912 5043 amittit
937 4988 1176 5042 naturale
1213 4987 1593 5043 incolumitatis
1637 4987 1866 5051 bonum;
1898 4995 1954 5042 ot
1981 4990 1983 4994 ’

378 5083 539 5137 sumit
565 5079 919 5149 inseparabile
945 5079 1366 5135 detruncatioois
1385 5079 1582 5134 malum
1604 5080 1627 5132 ?
1647 5079 1754 5134 Sed
1795 5077 1954 5133 forsi-

375 5179 468 5226 tan
494 5168 640 5226 dicas
653 5205 669 5235 ,
704 5171 756 5225 in
781 5171 934 5226 bonis
952 5171 1192 5242 corporis
1207 5185 1364 5241 posse
1387 5171 1485 5226 ista
1497 5171 1826 5241 continge-rc.
1846 5185 1950 5225 non

379 5262 430 5316 in
459 5261 640 5316 animi.
669 5261 777 5316 Cur
816 5277 944 5333 ergo
973 5263 1186 5333 quando
1209 5263 1400 5318 dixisti
1433 5281 1452 5315 ι
1477 5263 1734 5317 naturalia
1777 5263 1914 5317 bona
1937 5303 1952 5327 ,

380 5355 460 5409 vel
487 5354 783 5408 voluntaria
810 5355 970 5419 mala,
998 5372 1018 5407 ι
1040 5371 1145 5410 ιιοιι
1171 5355 1422 5411 addidisti
1440 5356 1626 5422 animi,
1654 5372 1722 5412 ne
1745 5355 1814 5411 de
1827 5369 1952 5411 cor-

380 5444 523 5513 poris
551 5443 706 5498 bonis
725 5451 782 5497 et
807 5442 963 5498 malis
993 5453 1080 5498 tua
1123 5445 1484 5502 destrueretur
1527 5461 1764 5517 prmceps
1787 5453 1844 5502 et
1867 5447 1949 5502 in-

442 5555 784 5626 tﬂvlgnierius,
823 5553 917 5604 sed
937 5553 1133 5626 pro‘pei
1171 5555 1324 5606 nostri
1368 5563 1510 5620 atque
1531 5556 1776 5609 hominum
1813 5555 1914 5623 ﬁde
1936 5556 1956 5609 !

375 5619 641 5678 instigatur
663 5626 725 5663 ex
750 5619 1100 5678 manuscriptis.

380 5671 560 5788 “xix
585 5676 920 5739 mansa-lpus
939 5671 1230 5739 restituitur,
1252 5677 1299 5728 et
1317 5675 1518 5736 mutuor
1534 5673 1725 5734 attende
1747 5671 1866 5744 quid
1885 5679 1957 5730 di-

1745 313 1946 371 LIBER
1982 311 2270 370 SEXTUS.

3514 329 3650 384 liii!

2062 425 2391 482 considerata
2417 431 2676 484 sententia
2701 432 2727 486 ?
2753 433 2837 488 An
2857 433 3096 492 fortassis
3121 437 3323 496 oblitus
3351 442 3452 498 es?
3481 445 3642 502 Sina-

2063 534 2212 583 ntus;
2257 519 2543 574 humanum
2569 533 2651 577 est
2676 541 2689 578 :
2713 525 2810 580 sed
2855 527 2906 581 in
2947 528 3184 585 medium
3215 535 3453 603 procedit
3481 536 3644 595 homo

2063 611 2151 666 ille
2171 612 2262 682 qui
2288 612 2514 677 clamat,
2545 613 2666 668 Non
2689 618 2825 686 quod
2850 617 2983 686 volo,
3011 623 3144 691 facio
3165 623 3348 680 bonum
3367 640 3387 690 ;
3407 627 3496 680 sed
3507 632 3644 698 quod

2061 704 2179 756 nolo
2200 704 2413 768 malum,
2445 706 2540 760 hoc
2559 723 2655 776 ago
2675 705 2850 777 (Rom.
2878 724 2973 776 vn,
3006 711 3130 783 £5):
3169 723 3223 768 et
3249 718 3481 774 ostendit
3511 721 3601 778 tibi
3623 723 3644 755 ‘

2063 795 2316 849 nennulla
2346 795 2484 850 bona
2506 797 2670 851 animi
2696 799 2775 852 sie
2808 802 2981 869 perire
3025 817 3120 871 per
3157 805 3480 861 voluntatem
3529 826 3642 862 nta-

2061 885 2186 949 lam,
2221 894 2406 939 utnon
2435 888 2640 956 possint
2666 889 2844 944 redire
2871 906 2966 960 per
2985 893 3177 947 bonam
3201 935 3217 960 ,
3248 896 3348 948 nisi
3394 897 3533 954 Deus
3565 903 3640 952 la-

2057 973 2168 1028 oiat
2211 975 2351 1045 quod
2397 991 2501 1031 non
2557 987 2731 1047 potest
2778 980 2966 1046 homo,
2995 984 3120 1037 ctti'
3153 994 3206 1038 et
3232 986 3430 1041 lumina
3461 999 3637 1057 potest

2059 1065 2280 1120 reddere
2309 1067 2578 1122 voluntate
2599 1079 2818 1137 caecata,
2851 1079 2905 1125 et
2927 1073 3165 1126 membra
3188 1075 3459 1131 voluntate
3483 1087 3636 1132 ll'llll‘.

2057 1165 2194 1210 cata.
2229 1156 2448 1224 Deinde,
2477 1160 2568 1228 qui
2594 1159 2661 1214 de
2695 1161 2810 1229 ipso
2827 1161 3039 1218 diabolo
3073 1179 3424 1234 reaponsurus
3444 1185 3522 1233 es,
3545 1171 3636 1238 qui

2056 1245 2248 1302 bonam
2290 1249 2614 1304 voluntatem
2646 1251 3055 1320 irreparabiliter
3084 1256 3314 1324 perdidit
3340 1259 3364 1312 Ἰ
3409 1261 3489 1313 Att
3515 1275 3633 1314 eam

2055 1341 2290 1410 reparari
2318 1357 2474 1411 posse
2503 1341 2742 1397 dicturus
2771 1345 2872 1397 es?
2897 1345 3047 1401 Aude
3071 1347 3111 1411 ³,
3140 1348 3183 1402 si
3231 1359 3398 1417 potes.
3432 1352 3513 1405 An
3541 1368 3638 1421 po-

2057 1432 2161 1486 tius
2187 1433 2521 1488 conﬂtcbcris
2541 1475 2555 1499 ,
2581 1435 2722 1504 quod
2750 1435 2800 1489 itt
2830 1447 3060 1491 mentem
3086 1439 3176 1494 tibi
3208 1440 3366 1496 etiam
3401 1442 3501 1496 ista
3524 1460 3636 1498 notr

2054 1522 2324 1589 venerint,
2356 1532 2411 1578 et
2435 1523 2622 1578 ltortttu
2649 1525 2845 1581 oblivio
2876 1535 2927 1582 te
2957 1528 3638 1602 fecerittemerariamprase-

2052 1611 2275 1682 eipitare
2302 1614 2618 1668 sententiam
2641 1615 2663 1668 ?
2687 1614 2768 1670 Me
2793 1631 2919 1686 ergo
2947 1617 3134 1672 saltem
3154 1633 3630 1686 commemorante.

2055 1710 2106 1756 te
2131 1703 2356 1773 corrige.
2383 1705 2462 1758 An
2491 1707 2776 1774 pertinacia
2797 1708 3062 1777 corrigere
3076 1724 3177 1764 non
3199 1713 3473 1780 permittit,
3490 1717 3634 1784 quod

2053 1792 2349 1847 inconsulta
2376 1795 2652 1850 temeritas
2665 1795 2832 1861 dixit,
2857 1808 2909 1851 et
2935 1798 3108 1866 pudor
3133 1801 3521 1858 emendationis
3549 1805 3628 1858 la-

2055 1899 2208 1954 psum
2236 1884 2519 1940 conﬁrmat
2543 1887 2740 1942 erroris
2763 1889 2786 1942 ?
2806 1889 2966 1956 Deus,
2988 1900 3043 1943 ut
3063 1891 3237 1958 video,
3257 1908 3354 1962 pro
3367 1902 3416 1947 te
3440 1910 3634 1965 rogau-

2049 1974 2151 2030 dus
2179 1983 2264 2031 est
2295 1994 2308 2031 :
2338 1991 2495 2046 quem
2527 1978 2748 2048 rogabat
2789 1979 3074 2050 Apostolus
3119 1997 3213 2050 pro
3245 1983 3522 2049 lsraclitis,
3573 1997 3637 2042 ut

2049 2077 2402 2133 sanarcteos,
2433 2071 2522 2140 qui
2546 2071 2851 2141 ignorantes
2876 2072 2966 2127 Dei
2986 2072 3268 2142 justitiam,
3295 2084 3348 2130 et
3375 2091 3523 2130 suam
3543 2077 3630 2147 jn-

2049 2159 2248 2214 stitiam
2305 2159 2547 2215 volentes
2591 2161 2948 2228 constituere,
2986 2163 3205 2232 justitia:
3252 2163 3343 2218 Dei
3399 2165 3624 2236 subjecti

2048 2265 2154 2305 non
2203 2259 2356 2306 erant
2402 2249 2515 2320 (Id.
2571 2268 2625 2318 κ,
2671 2252 2721 2317 1,
2748 2252 2824 2324 3).
2858 2252 3015 2307 Tales
3039 2255 3180 2308 enim
3223 2255 3352 2309 estis
3395 2264 3450 2310 et
3495 2272 3624 2321 vos,

2048 2341 2137 2411 qui
2161 2341 2420 2411 justitiam
2445 2349 2677 2396 vestram
2711 2342 2868 2396 vultis
2895 2344 3220 2398 constituere
3241 2385 3257 2410 ,
3286 2361 3441 2414 quam
3475 2347 3628 2401 vobis

2049 2430 2144 2488 vos
2175 2433 2344 2487 facitis
2360 2447 2427 2487 ex
2455 2443 2634 2487 vestro
2662 2433 2831 2488 libero
2859 2434 3114 2498 arbitrio;
3149 2451 3254 2490 non
3283 2452 3348 2490 ex
3389 2437 3496 2492 Deo
3525 2453 3621 2506 po-

2047 2522 2197 2578 scitis
2223 2531 2278 2578 et
2299 2521 2508 2577 sumitis
2541 2537 2755 2587 veram,
2791 2539 2912 2594 qua:
2943 2524 3082 2579 dicta
3130 2535 3212 2580 est
3252 2526 3454 2595 justitia
3498 2528 3625 2594 Dei;

2049 2631 2156 2670 non
2185 2616 2269 2670 illa
2301 2615 2596 2686 quajustus
2625 2623 2708 2670 est
2732 2615 2886 2682 Dt-us,
2917 2616 3033 2680 sed,
3065 2632 3182 2686 qme
3209 2617 3364 2672 datur
3385 2634 3450 2674 ex
3479 2619 3622 2684 Deo;

2048 2705 2185 2760 sicut
2207 2706 2414 2760 Domini
2445 2715 2527 2760 est
2557 2706 2700 2760 salus
2729 2705 2900 2776 (Psal.
2927 2723 3002 2773 ιιι,
3030 2708 3108 2779 9),
3129 2724 3232 2761 non
3254 2725 3354 2778 qua
3374 2709 3627 2765 Dominus

2047 2795 2226 2850 salvus
2249 2795 2303 2849 ﬁt
2320 2794 2361 2859 ⁸,
2389 2794 2482 2851 sed
2507 2811 2608 2865 qua
2637 2795 2811 2850 salvos
2840 2797 2980 2850 facit.
3003 2795 3154 2852 Unde
3174 2797 3301 2852 dicit
3325 2798 3465 2853 idem
3492 2815 3626 2870 apo-

2047 2885 2217 2942 stolus
2248 2903 2262 2938 :
2295 2885 2360 2940 Ut
2381 2887 2606 2940 inveniar
2635 2887 2686 2940 in
2716 2886 2804 2939 illo
2831 2903 2930 2940 non
2957 2886 3143 2940 habens
3173 2905 3334 2940 meum
3350 2891 3624 2961 justitiam,

2045 2993 2160 3048 qua
2185 2993 2247 3031 ea:
2264 2977 2371 3048 lege
2409 2988 2515 3041 est;
2540 2977 2629 3031 sed
2657 2994 2767 3030 eam
2787 3017 2802 3043 ,
2831 2993 2944 3046 qua:
2972 2986 3122 3031 estex
3143 2979 3266 3046 ﬁde,
3288 2982 3538 3049 justitiam
3561 2999 3629 3038 ea:

2047 3065 2157 3123 Deo
2185 3065 2443 3139 (Philipp.
2474 3083 2554 3132 ιιι,
2579 3066 2658 3138 9).
2705 3067 2820 3136 Ipsa
2850 3076 2932 3121 est
2954 3067 3155 3136 justitia
3189 3070 3315 3133 Dei,
3341 3087 3498 3140 quant
3530 3090 3623 3128 ne-

2048 3158 2292 3216 sciebant
2311 3158 2582 3225 lsraelitze,
2610 3167 2664 3212 et
2691 3174 2840 3212 suam
2873 3159 3117 3213 volebant
3141 3162 3486 3228 constituere,
3510 3179 3626 3233 qua:

2048 3263 2116 3304 ex
2139 3249 2258 3318 lege
2277 3258 2360 3303 est
2392 3265 2406 3302 :
2438 3263 2595 3319 quam
2625 3249 2820 3303 Paulus
2846 3249 3148 3313 dcstruens,
3178 3265 3283 3304 ιιοιι
3314 3251 3482 3322 legem
3517 3253 3622 3307 uti-

2051 3354 2153 3410 que
2181 3338 2521 3403 destruebat,
2541 3337 2632 3394 sed
2660 3354 2844 3393 eorum
2873 3339 3174 3409 superbiam
3191 3382 3206 3406 ,
3232 3341 3321 3412 qui
3347 3343 3632 3412 legemsihi

2049 3430 2296 3484 sufﬁcere
2324 3429 2612 3499 putabant,
2648 3440 2895 3500 tanquam
2943 3447 3038 3501 per
3081 3431 3307 3488 liberum
3351 3417 3629 3490 arbitrium

2047 3521 2304 3592 justitiam
2337 3521 2465 3592 legis
2487 3522 2769 3592 implentcs
2785 3563 2799 3588 ,
2827 3533 2880 3578 et
2901 3524 3213 3593 ignorabant
3236 3526 3326 3581 Dei
3345 3527 3600 3597 justitiam
3614 3566 3634 3593 ,

2051 3629 2175 3682 qua:
2200 3612 2354 3668 datur
2378 3628 2442 3668 ex
2464 3613 2602 3678 Deo,
2628 3622 2684 3667 ut
2715 3613 2856 3684 quod
2887 3614 3152 3684 lexjubet,
3175 3617 3518 3673 subvenieute
3539 3619 3628 3674 illo

2055 3705 2164 3772 ﬁat,
2196 3705 2348 3774 cujus
2365 3704 2621 3775 sapientia
2651 3705 2821 3776 legem
2849 3715 2902 3762 et
2930 3707 3347 3764 misericordiam
3376 3709 3428 3763 in
3453 3710 3629 3780 lingua

2053 3803 2227 3866 portat
2255 3795 2433 3863 (Prov.
2466 3811 2542 3860 ιιι,
2573 3797 2671 3862 lli,
2709 3813 2807 3850 sec.
2837 3796 3032 3869 LXX):
3063 3797 3228 3868 legem
3255 3841 3270 3866 ,
3303 3797 3423 3870 quia
3448 3799 3628 3870 jubet;

2053 3888 2494 3956 misericordiam,
2524 3889 2645 3960 quia
2668 3889 2855 3958 juvat,
2879 3899 2935 3944 ut
2958 3892 3047 3944 ﬁat
3074 3892 3212 3960 quod
3255 3892 3427 3961 jubet.
3485 3893 3632 3951 llauc

2054 3981 2424 4050 Dcijustitiatn
2453 3982 2790 4050 concupisce,
2818 3997 2849 4034 ο
2876 3981 3191 4045 ﬁliJuliatte.
3210 3983 3314 4037 noli
3337 3984 3389 4038 in
3417 3992 3504 4039 tua
3527 3986 3633 4040 vir-

2056 4079 2168 4126 tute
2193 4069 2460 4125 cunﬁdere
2489 4088 2500 4123 :
2533 4070 2692 4136 hanc,
2724 4071 2959 4140 inquam,
2993 4072 3086 4126 Dei
3132 4074 3447 4144 concupisce
3485 4075 3631 4144 justi-

2055 4152 2388 4232 tiattt;qttatn
2410 4161 2573 4216 donet
2601 4163 2692 4216 tibi
2727 4162 2980 4216 Dominus
3023 4165 3404 4232 concupiscere
3427 4207 3441 4229 ,
3469 4165 3636 4223 donet

2054 4253 2149 4308 tibi
2173 4253 2428 4308 Dominus
2452 4264 2508 4308 et
2546 4254 2762 4307 habere.
2794 4253 2910 4307 Noli
2962 4254 3119 4307 istum
3151 4254 3370 4310 Ρωιιιιιιι
3403 4271 3630 4310 mouen-

2057 4352 2164 4400 tem
2193 4343 2274 4398 vel
2298 4343 2674 4399 admonentem
2705 4353 2913 4399 terrena
2936 4344 3146 4398 inﬂatus
3173 4346 3457 4415 propagine
3479 4361 3633 4416 Sper.

2056 4450 2205 4490 ncre.
2235 4434 2348 4489 Non
2378 4435 2519 4490 enim
2550 4436 2672 4504 quia
2702 4443 2752 4489 te
2779 4437 2963 4505 Apulia
3008 4437 3218 4506 genuit,
3276 4437 3394 4491 ideo
3440 4435 3630 4495 I’untos

2055 4525 2346 4580 vincendos
2369 4526 2640 4581 existimes
2667 4535 2852 4595 gente,
2900 4541 3034 4596 quos
3080 4543 3183 4580 non
3235 4539 3382 4596 petes
3435 4539 3630 4582 mente.

2055 4617 2249 4673 Poenas
2275 4619 2448 4688 potius
2475 4617 2630 4686 fuge,
2681 4631 2787 4670 non
2841 4617 3073 4671 Pmnos:
3108 4633 3226 4670 nam
3268 4616 3631 4685 diSputaturvs

2057 4709 2252 4764 Pcenos
2273 4723 2375 4762 non
2409 4719 2557 4775 potes
2578 4705 2760 4775 fugere
2779 4747 2794 4772 ,
2823 4707 3076 4775 quamdiu
3106 4716 3155 4759 te
3184 4703 3414 4758 delectat
3457 4706 3506 4758 itt
3538 4714 3630 4760 tua

2057 4799 2252 4853 virtute
2279 4797 2585 4861 conlidere;
2629 4805 2682 4849 et
2727 4796 2910 4850 beatus
2936 4797 3077 4850 enim
3103 4797 3400 4866 Cyprianus
3440 4795 3642 4853 l‘mnus

2056 4888 2171 4952 fuit,
2199 4889 2288 4958 qui
2318 4887 2467 4955 dixit,
2503 4887 2588 4941 «In
2613 4887 2755 4940 nullo
2781 4885 3143 4956 gloriandum,
3164 4885 3378 4956 quando
3395 4897 3640 4944 nostrum

2058 4980 2186 5034 niltil
2213 4981 2310 5034 sit)
2341 4978 2444 5048 (Ad
2471 4977 2761 5046 Quirinum,
2781 4973 2868 5031 lib.
2901 4972 2954 5043 3,
2983 4994 3100 5046 cap.
3123 4975 3198 5047 4).

2129 5069 2271 5125 XIX.
2297 5069 2414 5125 Jun.
2445 5069 2541 5123 llic
2566 5068 2708 5123 dicat
2757 5067 2949 5138 aliquis
2979 5107 2995 5134 ,
3027 5067 3164 5135 Quid
3196 5059 3368 5137 ergo?
3400 5075 3452 5121 tu
3478 5085 3637 5139 negas

2058 5161 2202 5216 illam
2235 5159 2618 5224 innocentiam,
2643 5159 2820 5228 inqua
2843 5150 3016 5211 inerat
3040 5157 3284 5212 conditus
3303 5198 3318 5222 ,
3359 5159 3637 5227 spontatn-i

2059 5253 2261 5323 peccati
2293 5245 2618 5306 admissione
2646 5263 2948 5320 corruptam
2973 5244 2996 5302 ?
3026 5243 3156 5302 Nam
3179 5247 3278 5304 etsi
3319 5250 3640 5319 possibilitas

2059 5335 2359 5399 revertendi
2377 5343 2444 5397 ad
2470 5341 2666 5396 bonum
2696 5341 2979 5396 commissa
3002 5328 3277 5413 iniquitate
3297 5356 3402 5396 non
3423 5347 3638 5412 pereat;

2119 5493 2143 5558 ι
2173 5493 2334 5558 rm,
2355 5491 2625 5545 elwendit
2655 5491 2884 5544 muttis
2916 5492 3072 5556 m,‘
3109 5493 3376 5557 adiecimus
3409 5487 3518 5551 uti,
3548 5499 3615 5538 ex

2123 5621 2144 5650 ³
2176 5625 2227 5668 ιιι
2248 5625 2328 5666 Its.
2354 5625 2484 5680 star,
2507 5621 2608 5680 qui.

2125 5680 2146 5711 ³
2176 5680 2322 5737 aditi,
2357 5679 2492 5729 audi.
2521 5677 2853 5728 timendantur
2889 5689 2954 5729 ex
2978 5683 3087 5727 Mss.

2125 5739 2147 5771 δ
2183 5743 2464 5802 vigores-ius,
2491 5740 2566 5789 sit.
2602 5745 2730 5801 3155.,
2753 5738 2826 5801 lit.
