4124 6560
1915 187 1954 198 .-

373 337 518 414 15ιῦ

383 463 574 526 “meo
615 442 974 496 ccrlum
1021 449 1110 497 est
1161 440 1407 495 meritum
1453 437 1812 503 innocentiae,
1865 452 1986 491 cum
2039 449 2142 505 qua

396 525 736 618 humanm“
792 533 1114 598 procedit
1138 531 1444 597 exordium,
1473 529 1763 583 voluntatis
1790 527 1917 582 vitio
1944 525 2138 596 deper-

408 657 512 710 ἴω.
556 633 631 688 λι
677 633 874 691 ego
915 627 1008 682 ita
1055 627 1110 682 id
1166 640 1283 681 csse
1332 638 1436 678 non
1461 623 1635 678 abnuo
1668 639 1684 676 :
1713 621 1809 676 sed
1858 619 1984 675 illud
2020 628 2139 682 est.

422 726 567 812 Quod
594 713 687 773 bis
738 712 1192 772 illuininatum
1232 715 1486 785 exemMis
1535 713 1691 777 volo,
1715 713 1840 783 quia
1871 727 1990 766 eum
2024 710 2145 766 talis

431 800 504 888 έῖι
531 800 842 874 conditio
893 807 1059 864 facta
1100 808 1428 879 qualitatum,
1466 819 1562 876 per
1589 817 1726 875 quas
1759 803 1884 859 boni
1915 813 1971 860 et
2016 803 2143 858 mali

449 911 703 977 dicitnul’.
745 907 850 952 ut
905 901 1023 955 sub
1043 900 1167 970 jure
1191 900 1387 970 agitent
1417 895 1738 962 voluntatis;
1787 904 2002 964 tamque
2042 894 2145 949 hoc

458 1012 529 1066 sit
569 989 719 1054 serio
793 992 1215 1053 constitutum,
1271 1001 1328 1044 ut
1363 1004 1460 1044 nec
1512 988 1840 1055 innocentia,
1885 1003 2007 1058 qua:
2049 1002 2146 1058 pro

471 1089 744 1166 dignitate
782 1085 1067 1138 auctoris
1095 1083 1325 1137 cilicium
1357 1081 1630 1136 antevenit
1649 1081 1940 1136 voluntatis
1963 1091 2016 1135 et
2042 1096 2141 1134 na-

479 1179 672 1244 ωηὶὶε
720 1184 846 1228 est
872 1191 891 1239 ;
931 1185 1116 1229 tamen
1144 1175 1284 1228 nulla
1319 1188 1381 1229 se
1409 1183 1671 1244 potestate
1696 1173 1748 1228 in
1775 1174 1956 1228 animo
1981 1188 2144 1242 repu-

490 1276 690 1347 “male
715 1265 1060 1330 custodiat,
1091 1265 1246 1336 longe
1267 1265 1530 1336 longeque
1558 1266 1790 1336 amplius
1817 1265 1918 1320 hoc
1948 1264 2000 1318 in
2019 1263 2143 1318 mali

502 1371 654 1438 parte
679 1357 778 1426 jus
811 1358 1036 1421 valeat,
1063 1367 1121 1410 ut
1143 1358 1340 1411 nullam
1372 1360 1422 1411 in
1449 1358 1668 1411 rationis
1695 1358 1916 1412 exitium
1958 1365 2144 1428 tyran-

509 1455 687 1514 nidem
715 1460 1000 1520 capessat
1031 1451 1186 1519 culpa
1213 1451 1486 1504 voluntate
1514 1461 1784 1520 suscepta.
1815 1449 1884 1504 Et
1920 1451 1963 1505 si
2004 1451 2141 1503 bona

517 1544 744 1618 qualiuts
765 1581 786 1607 ,
822 1557 957 1596 cum
990 1558 1094 1612 qua
1126 1543 1294 1596 lactus
1320 1550 1404 1596 est
1433 1544 1596 1595 homo
1618 1583 1631 1606 ,
1659 1541 2008 1596 immutabilis
2037 1554 2142 1595 non

525 1637 624 1692 fuit
651 1631 819 1706 (falso
845 1633 995 1687 enim
1032 1633 1305 1687 diceretur
1334 1632 1469 1687 liber
1501 1631 1684 1698 homo,
1722 1633 1766 1686 si
1813 1641 1990 1685 motus
2016 1645 2144 1702 pro-

531 1729 672 1799 prios
699 1726 924 1780 variare
951 1743 1057 1780 non
1091 1727 1295 1796 poSset)
1323 1743 1336 1780 :
1366 1725 1536 1779 multo
1563 1725 1731 1795 magis
1754 1725 1984 1794 qualitas
2008 1725 2143 1778 mala

533 1819 642 1873 fieri
693 1831 809 1871 non
866 1819 1073 1888 potuit,
1106 1829 1163 1871 ut
1204 1816 1552 1870 immutabilis
1590 1827 1644 1870 et
1683 1816 1954 1870 rationalis
1981 1817 2036 1870 ἐ
2078 1831 2145 1870 ne

534 1910 621 1965 illa
651 1908 792 1963 ratio
817 1909 1086 1964 libertatis
1115 1908 1484 1978 praeiudicium
1509 1923 1539 1962 a
1563 1907 1686 1961 mali
1715 1917 1864 1976 parte
1885 1909 2140 1972 sentiret,

536 1999 675 2071 quod
711 2008 942 2070 prepter
966 2008 1162 2055 statum
1189 2013 1344 2053 suum
1376 2014 1476 2054 nec
1495 2013 1524 2053 a
1547 1999 1668 2053 boni
1687 1999 1933 2069 portione
1960 2007 2143 2069 pertu-

539 2091 690 2146 lerat.

612 2185 749 2238 Auc.
780 2182 924 2238 Ecce
955 2191 1010 2237 tu
1041 2199 1251 2254 quoque
1281 2181 1549 2249 invenisti,
1582 2191 1636 2236 et
1660 2184 1904 2253 quamvis
1933 2184 2139 2253 serius,

546 2284 721 2329 tamen
749 2275 1042 2345 aliquando
1089 2275 1181 2329 tibi
1224 2276 1368 2329 venit
1393 2275 1445 2329 in
1476 2283 1744 2341 mentem,
1777 2276 1916 2331 unde
1945 2288 2029 2331 tua
2060 2288 2142 2334 te-

545 2369 773 2421 meraria
797 2368 1060 2421 sententia
1086 2366 1394 2420 destruatur
1418 2384 1429 2418 :
1453 2366 1628 2421 dixisti
1654 2369 1869 2437 quippe,
1901 2371 2144 2426 naturale

549 2458 746 2511 bonum
775 2499 789 2521 ,
833 2457 974 2526 quod
1015 2467 1097 2512 est
1127 2457 1431 2511 innoCentia
1455 2500 1468 2522 ,
1513 2473 1670 2527 posse
1700 2461 1989 2515 voluntatis
2017 2463 2144 2518 vitio

549 2548 835 2618 deperire:
859 2563 919 2601 ac
950 2563 1047 2617 per
1087 2547 1186 2600 hoc
1215 2557 1322 2601 tam
1354 2564 1601 2618 magnum
1643 2549 1838 2604 bonum
1861 2593 1875 2615 ,
1905 2553 2044 2621 quod
2073 2553 2143 2609 ita

555 2639 786 2709 pertinet
817 2638 882 2692 ad
913 2646 1178 2700 naturam,
1213 2655 1317 2693 non
1348 2640 1608 2709 corporis,
1641 2639 1732 2694 sed
1762 2642 1925 2711 ipsius
1948 2644 2139 2711 animi,

553 2741 610 2786 ut
641 2747 764 2786 cum
792 2730 908 2800 ipso
933 2730 1076 2785 bono
1115 2731 1254 2786 Deus
1284 2730 1554 2786 hominem
1599 2732 1810 2798 iecerit,
1855 2735 2142 2792 amissibile

553 2837 672 2878 esse
701 2821 1010 2876 monstrasti
1033 2841 1047 2876 :
1068 2821 1209 2892 quod
1257 2822 1302 2876 si
1351 2830 1474 2876 ante
1519 2822 1610 2878 tibi
1643 2824 1871 2879 venisset
1903 2824 1955 2880 in
1987 2843 2140 2882 men-

553 2925 658 2968 tem
682 2954 697 2978 ,
728 2928 834 2968 non
868 2923 1079 2982 putares
1106 2912 1469 2982 prodigialiter
1497 2922 1549 2969 et
1579 2915 1798 2969 nimium
1827 2915 2142 2973 deformiter

550 3005 677 3072 diei,
712 3023 732 3057 ι
758 3005 902 3060 Bene
933 3004 1230 3058 institutum
1259 3015 1340 3058 est
1363 3005 1580 3070 animal,
1612 3006 1662 3060 in
1691 3023 1798 3077 quo
1826 3008 2138 3064 amissibilia

550 3096 765 3150 fuerunt
799 3095 937 3150 bona
974 3096 1134 3149 etiam
1179 3096 1437 3149 naturalia
1464 3114 1476 3149 :
1506 3114 1525 3147 ι
1576 3098 1882 3152 amissibilia
1911 3099 2054 3154 enim
2083 3108 2140 3156 tu

553 3185 745 3256 putasti
772 3200 892 3240 esse
914 3228 926 3246 ,
955 3185 1050 3240 sed
1083 3185 1402 3252 voluntaria,
1433 3187 1514 3241 vel
1541 3186 1701 3254 bona,
1731 3189 1814 3244 vel
1844 3189 2012 3256 mala;
2045 3205 2143 3245 na-

551 3281 735 3335 turalia
780 3293 908 3333 vero
937 3278 1081 3332 soles
1121 3277 1486 3334 inamissibilia
1534 3279 1844 3350 praedicare.
1877 3282 1958 3337 Tu
1993 3284 2139 3339 enim

549 3379 602 3424 et
643 3369 769 3424 alibi
817 3368 949 3423 dicis
973 3409 987 3433 ,
1032 3369 1153 3438 quia
1208 3387 1226 3419 ι
1251 3369 1511 3422 naturalia
1541 3369 1609 3423 ab
1639 3370 1789 3424 initio
1826 3373 2140 3430 substantiae

550 3477 714 3532 usque
743 3458 809 3512 ad
839 3459 1121 3513 terminum
1142 3458 1282 3514 illius
1313 3470 1657 3530 perseverant
1683 3460 1940 3531 i(Snpra,
1970 3463 2058 3518 lib.
2077 3467 2134 3532 2,

548 3569 663 3623 cap.
689 3552 780 3622 76)
805 3570 817 3606 :
841 3550 907 3606 ad
947 3551 1047 3605 hoc
1089 3560 1144 3605 ut
1183 3552 1408 3608 liberum
1432 3552 1741 3619 arbitrium,
1772 3557 1910 3624 quod
1937 3556 2138 3614 homini

550 3644 686 3700 lleus
706 3687 720 3709 ,
749 3659 869 3698 cum
893 3658 1013 3698 eum
1036 3655 1266 3712 crearet,
1297 3643 1464 3710 dedit,
1495 3646 1664 3700 amitti
1697 3664 1799 3700 non
1830 3663 1984 3718 posse
2012 3665 2142 3704 con-

548 3739 765 3804 tendas;
798 3737 1064 3808 pnecipue
1087 3752 1335 3793 asserens
1365 3739 1622 3794 naturalia
1655 3737 1792 3795 bona
1822 3742 2139 3798 voluntariis

547 3831 699 3886 malis
722 3830 898 3901 perire
918 3844 1024 3884 non
1045 3843 1221 3899 posse.
1238 3829 1306 3884 Et
1326 3829 1446 3884 ideo
1467 3829 1664 3897 dicitis,
1688 3832 1828 3902 quod
1846 3834 1897 3888 in
1919 3851 2138 3904 perver-

544 3937 662 3978 sum
697 3923 877 3978 omnia
912 3937 1170 3976 conemur
1195 3937 1461 3990 asserere,
1493 3932 1741 3994 tauquam
1767 3925 2006 3982 dicamus
2033 3944 2136 3984 non

547 4029 705 4083 posse
735 4012 906 4068 amitti
933 4013 1228 4067 voluntaria
1258 4013 1393 4066 mala
1415 4053 1430 4076 ,
1476 4029 1636 4084 posse
1662 4026 1840 4071 autem
1881 4020 2138 4075 naturalia

547 4106 685 4162 bona
715 4103 895 4176 :quod
932 4119 1030 4159 nos
1077 4103 1291 4174 quidem
1325 4119 1428 4158 non
1455 4105 1716 4171 dicimus;
1746 4116 1971 4180 utraque
1995 4111 2137 4166 enim

542 4197 775 4255 dicimus
788 4196 958 4252 amitti
977 4211 1164 4268 posse;
1187 4197 1280 4252 sed
1303 4198 1438 4252 mala
1456 4215 1573 4269 quae
1596 4199 1917 4257 invelmutur
1933 4219 2028 4273 per
2046 4220 2139 4259 vo-

543 4289 804 4346 luntatem
839 4289 1098 4355 liberam,
1147 4304 1246 4360 per
1285 4289 1516 4345 divinam
1562 4292 1939 4364 indulgentiam
1982 4312 2139 4367 posse

543 4385 741 4450 amitti,
774 4382 858 4438 vel
883 4398 978 4452 per
998 4382 1284 4436 humanam
1310 4383 1657 4452 voluntatem,
1691 4386 1785 4441 sed
1813 4402 1842 4440 a
1869 4389 1977 4444 Deo
2007 4391 2139 4446 libe-

545 4488 746 4543 ratam,
773 4483 828 4530 et
851 4491 883 4530 a
910 4475 1138 4530 Domino
1157 4485 1532 4545 prmparatam.
1560 4477 1757 4533 Verum
1787 4487 1842 4534 tu
1872 4481 1960 4550 qui
1982 4481 2134 4548 dicis,

545 4569 719 4624 amitti
760 4581 918 4640 posse
957 4582 1051 4637 per
1081 4565 1411 4621 Voluntatem
1459 4568 1647 4622 malam
1667 4611 1681 4633 ,
1713 4570 1809 4625 sed
1841 4571 2136 4629 voluntaria

543 4658 681 4718 bona
700 4704 715 4729 ,
748 4675 855 4716 non
883 4658 1166 4722 naturalia,
1189 4674 1316 4714 ecce
1339 4658 1603 4727 invenisti,
1635 4670 1794 4733 atque
1817 4663 1929 4733 ipse
1957 4663 2136 4720 dixisti

542 4754 902 4816 innocentiam
928 4797 943 4815 .
977 4752 1120 4825 quod
1151 4760 1234 4808 est
1262 4753 1501 4808 naturale
1527 4753 1746 4822 bonum,
1778 4754 1948 4810 amitti
1981 4772 2138 4827 posse

543 4863 640 4917 per
677 4849 1038 4908 voluntarium
1085 4845 1306 4900 malum.
1339 4845 1403 4900 Et
1433 4845 1732 4902 innocentia
1755 4887 1770 4912 ,
1813 4846 1860 4903 si
1891 4846 2028 4902 bene
2051 4855 2131 4902 at-

542 4944 732 4998 tendas
751 4983 766 5007 ,
814 4940 989 5010 majus
1013 4938 1211 4994 bonum
1241 4946 1352 5002 est,
1385 4953 1540 5007 quam
1571 4937 1794 4993 liberum
1823 4938 2136 4994 arbitrium:

542 5034 668 5098 quia
694 5031 998 5087 innocentia
1031 5044 1120 5083 res
1154 5026 1416 5081 bonorum
1445 5037 1546 5092 est,
1578 5028 1805 5084 liberum
1834 5045 1962 5084 vero
1990 5030 2138 5085 arbi-

542 5122 708 5176 ttium
747 5131 801 5176 et
840 5121 1102 5174 bonorum
1147 5127 1263 5180 est,
1312 5127 1366 5172 et
1407 5117 1688 5172 malorum.
1740 5119 1928 5175 Utrum
1958 5130 2138 5176 autem

544 5213 688 5267 mala
719 5212 990 5266 voluntate
1028 5211 1106 5265 sic
1134 5219 1318 5280 pereat
1347 5209 1648 5264 innocentia
1673 5252 1689 5276 ,
1721 5221 1777 5266 ut
1804 5211 1972 5282 possit
1999 5212 2138 5268 bona

540 5304 824 5358 voluntate
867 5301 1136 5371 reparari,
1177 5317 1285 5356 non
1328 5299 1743 5370 contemptibilis
1783 5303 2008 5373 qmtio
2034 5313 2134 5360 est.

539 5387 697 5449 Sicut
735 5393 880 5446 enim
924 5392 968 5445 si
1011 5392 1284 5447 voluntate
1322 5401 1663 5462 amputentur
1699 5395 1944 5466 corporis
1971 5412 2136 5453 mem-

539 5479 663 5548 bra,
695 5499 806 5540 non
833 5483 1182 5538 restituuntur
1207 5482 1392 5538 itidem
1421 5482 1722 5553 voluntate;
1756 5487 1828 5542 ita
1854 5487 2136 5546 videndum

536 5584 661 5643 est,
701 5590 774 5630 an
800 5573 855 5628 in
881 5587 940 5629 re
975 5573 1189 5644 quidem
1220 5573 1504 5642 dissimili,
1537 5575 1588 5632 id
1613 5587 1732 5645 est,
1763 5578 1812 5632 in
1834 5579 2013 5636 animo
2035 5582 2139 5637 tale

611 5725 627 5756 ι
652 5723 1003 5797 vetuscula}
1053 5733 1196 5786 Port.,
1258 5730 1305 5776 et
1368 5728 1612 5782 manalis.
1668 5739 1808 5784 Forte
1852 5733 2135 5797 legendum,

533 5789 662 5836 tua
684 5793 730 5840 ω
773 5789 1036 5839 ιϊέιέυηιιιὲδ.

1199 320 1443 380 OPERIS
1482 318 1899 377 IMPERFECTI
1939 313 2139 376 εοέςτι

2247 317 2612 390 JULIANUM,
2652 322 2710 380 S.
2752 318 3121 382 AUCUSTINI

3701 331 3835 390 lii"

2255 434 2458 506 aliquid
2487 437 2554 490 de
2573 437 2889 492 innocentim
2911 439 3207 508 perditione
3235 441 3530 511 contingat,
3560 455 3613 500 et
3639 446 3836 502 volun-

2255 527 2391 581 tario
2419 537 2565 583 motu
2611 529 2785 598 perire
2826 532 3024 600 possit,
3058 530 3234 586 redire
3259 545 3361 586 non
3389 534 3574 604 possit.
3601 536 3740 592 Nam
3776 549 3834 595 et

2251 633 2405 674 sacra
2430 621 2724 691 virginitas,
2756 625 2799 676 si
2827 639 2920 693 per
2941 623 3258 694 impudicam
3283 634 3463 694 pereat
3487 627 3828 696 voluntatem,

2251 709 2318 764 ad
2369 713 2675 781 pudicitiam
2724 713 2887 768 rediri
2915 716 2930 746 ¹
2974 723 3184 784 potest,
3223 715 3290 769 ad
3333 715 3683 788 virginitatem
3727 735 3830 777 non

2253 810 2450 870 potest.
2481 803 2587 858 Sed
2617 803 2791 858 adhuc
2817 805 3190 875 respondetur,
3221 817 3273 860 et
3302 806 3651 877 integritatem
3673 810 3831 881 virgi-

2253 893 2471 947 nitatis’
2499 895 2550 948 in
2579 908 2806 965 corpore
2824 935 2839 958 ,
2875 911 2980 960 non
3009 897 3191 966 utique
3215 897 3376 952 animi
3402 913 3520 955 esse
3543 942 3557 966 ,
3589 900 3683 956 sed
3711 917 3832 957 cor-

2253 983 2400 1052 poris
2425 1001 2439 1036 :
2462 999 2583 1038 cum
2612 1001 2738 1040 vero
2767 985 2834 1040 de
2865 987 3166 1042 innocentia
3196 987 3543 1057 disputatur',
3575 1001 3630 1046 ct
3657 1001 3829 1049 tamen

2253 1077 2701 1131 considerandum
2748 1089 2869 1143 est,
2923 1089 3100 1133 utrum
3148 1079 3215 1133 ad
3263 1080 3520 1149 justitiam
3569 1084 3831 1140 voluntate

2251 1167 2438 1222 redeat
2461 1168 2550 1237 qui
2582 1168 2904 1237 peccaverit,
2936 1184 3041 1223 non
3071 1169 3137 1222 ad
3166 1170 3555 1235 innocentiam;
3585 1174 3717 1226 sicut
3745 1175 3829 1230 illa

2251 1259 2317 1313 ad
2351 1261 2658 1329 pudicitiam
2681 1302 2697 1327 ,
2732 1277 2834 1314 non
2865 1263 2930 1315 ad
2960 1262 3312 1332 virginitatem
3353 1263 3509 1318 redit.
3540 1264 3668 1319 Nam
3697 1267 3829 1321 sicut

2253 1350 2508 1420 injustitia
2546 1351 2794 1421 justitia‘;
2831 1354 2898 1406 ita
2937 1354 3256 1408 innocentia:
3292 1355 3433 1410 velut
3479 1356 3593 1426 ejus
3627 1368 3830 1412 contra-

2253 1444 2413 1509 rimn,
2435 1461 2539 1499 non
2559 1445 2839 1516 injustitia,
2863 1447 2956 1500 sed
2979 1457 3159 1502 reatus
3181 1448 3480 1517 opponitur,
3501 1451 3586 1519 qui
3606 1451 3828 1507 hominis

2252 1536 2524 1591 voluntate
2563 1554 2668 1592 non
2701 1539 2931 1606 tollitur,
2961 1539 3060 1594 etsi
3090 1541 3204 1609 ejus
3235 1541 3505 1597 voluntate
3533 1545 3601 1598 sit
3641 1543 3821 1600 factus.

2251 1628 2366 1682 Non
2395 1630 2537 1684 enim
2571 1646 2755 1685 verum
2801 1632 2972 1698 videt,
3019 1632 3107 1702 qui
3157 1642 3303 1702 putat
3347 1645 3547 1688 reatum
3589 1637 3684 1689 sibi
3730 1637 3824 1707 ipsi

2251 1722 2438 1776 tollere
2463 1724 2841 1791 pcenileutcm;
2873 1741 3170 1794 quanquam
3197 1735 3250 1782 et
3277 1727 3440 1796 ipsam
3469 1731 3823 1798 paenitentiam

2253 1813 2392 1868 Deus
2418 1815 2526 1877 det,
2557 1816 2697 1883 quod
2730 1817 3016 1885 Apostolus
3042 1819 3325 1872 continuat
3347 1819 3557 1883 dicens,
3592 1819 3672 1874 Ne
3701 1826 3828 1893 forte

2250 1905 2351 1960 illis
2385 1905 2517 1960 Deus
2543 1907 2626 1960 det
2657 1909 2995 1976 pwnilenliam
3016 1908 3081 1979 (II
3103 1907 3237 1962 Tim.
3266 1926 3322 1975 Ii,
3353 1911 3442 1980 '23)
3469 1931 3482 1966 :
3506 1913 3593 1966 sed
3625 1925 3822 1970 reatum

2249 1997 2419 2065 aperti
2453 1999 2587 2051 sime
2616 1998 2760 2052 Deus
2789 1999 2945 2064 tollit,
2981 1999 3180 2053 homini
3209 1999 3384 2053 dando
3411 2001 3782 2071 indulgentiam
3806 2021 3822 2067 ;

2251 2101 2354 2142 ιιοιι
2384 2089 2481 2141 sibi
2525 2088 2638 2157 ipse
2677 2089 2871 2156 homo,
2917 2090 3122 2159 agendo
3153 2092 3534 2160 pmnitentiam.
3571 2094 3826 2149 Debemus

2248 2179 2354 2247 qui;
2380 2193 2444 2247 pe
2475 2179 2622 2232 illum
2645 2179 2900 2242 recolere,
2944 2181 3033 2250 qui
3067 2181 3239 2234 locum
3267 2182 3587 2251 pmnitentize
3614 2198 3713 2237 non
3741 2184 3823 2238 in-

2249 2269 2426 2331 venit,
2460 2268 2702 2336 quamvis
2743 2285 2862 2323 cum
2904 2270 3154 2341 laerymis
3188 2272 3452 2338 quzesierit
3481 2289 3595 2326 eam
3631 2273 3821 2343 (Hebr.

2250 2377 2350 2424 xu,
2386 2363 2494 2431 i7).
2529 2363 2603 2416 Ac
2634 2379 2726 2430 per
2753 2361 2853 2417 hoc
2877 2373 2931 2418 et
2959 2363 3322 2433 penitentiam
3350 2366 3486 2434 egit,
3517 2375 3568 2420 et
3596 2383 3714 2421 rens
3739 2382 3824 2422 re-

2248 2454 2483 2519 mansit,
2529 2455 2651 2523 quia
2679 2455 2885 2508 veniam
2919 2470 3022 2508 non
3051 2456 3368 2524 acccpit:et
3408 2457 3478 2509 illi
3525 2458 3610 2525 qui
3649 2457 3824 2512 dicent

2248 2544 2388 2599 inter
2416 2561 2494 2611 se,
2521 2547 2857 2612 paenitentiam
2878 2557 3100 2616 agentes,
3131 2558 3177 2600 et
3206 2564 3295 2618 per
3315 2550 3597 2616 angustiam
3623 2551 3824 2620 spiritus

2245 2637 2660 2706 gementes,Quid
2675 2636 2815 2690 nobis
2832 2638 3023 2708 profuit
3045 2638 3275 2707 superbia
3295 2638 3443 2709 (Sap.
3464 2655 3512 2701 v,
3536 2641 3585 2703 5,
3606 2641 3680 2709 8),
3695 2642 3823 2695 etc.?

2248 2730 2326 2783 rei
2354 2731 2531 2799 utique
2563 2730 2613 2783 ia
2639 2739 2900 2783 aeternum
2918 2769 2934 2795 ,
2965 2746 3068 2783 non
3095 2741 3311 2800 accepta
3336 2733 3484 2785 venia
3504 2775 3516 2795 ,
3553 2748 3822 2802 permane-

2246 2822 2379 2877 btmt
2405 2839 2418 2875 :
2445 2821 2584 2874 sicut
2613 2821 2772 2876 etiam
2815 2821 2902 2876 ille
2937 2821 3002 2876 de
3031 2837 3137 2892 quo
3176 2822 3432 2876 Dominus
3459 2823 3557 2885 ait,
3600 2823 3714 2876 Non
3742 2841 3821 2877 re-

2244 2918 2468 2970 mittetur
2497 2917 2562 2982 ei,
2589 2917 2676 2970 sed
2704 2933 2818 2969 reus
2849 2917 2942 2968 erit
2967 2916 3141 2970 (sterni
3165 2917 3356 2986 peccati
3381 2915 3572 2980 (Marc.
3606 2934 3680 2982 Ill,
3707 2918 3818 2986 29).

2246 3008 2380 3062 Ecce
2403 3007 2613 3061 inventa
2640 3014 2722 3060 est
2744 3007 3046 3060 innocentia
3078 3021 3326 3075 magnum
3351 3006 3579 3060 hominis
3608 3007 3816 3070 bonum,

2243 3108 2403 3168 atque
2444 3098 2516 3152 ita
2560 3099 2834 3163 naturale,
2878 3107 2935 3152 ut
2979 3113 3099 3152 cum
3132 3097 3220 3151 illa
3256 3098 3325 3152 sit
3358 3086 3598 3152 comlitus
3625 3099 3821 3170 primus

2244 3189 2427 3257 homo,
2459 3197 2513 3243 et
2539 3189 2677 3244 sicut
2713 3206 2809 3243 vos
2851 3189 3048 3255 dicitis,
3094 3204 3214 3245 cum
3260 3190 3345 3243 illa
3387 3191 3617 3244 nascitur
3651 3191 3820 3245 omnis

2245 3280 2436 3346 homo,
2480 3296 2600 3352 quae
2659 3289 2834 3334 tamen
2877 3280 3104 3334 hominis
3144 3280 3412 3334 voluntate
3439 3280 3586 3350 perdi
3617 3291 3818 3350 potest,

2251 3390 2355 3426 non
2387 3381 2560 3441 potest
2593 3371 2740 3426 reddi
2763 3389 2776 3425 :
2797 3381 2851 3426 et
2873 3381 3052 3426 reatus
3074 3385 3322 3441 magnum
3345 3372 3538 3425 malum
3571 3372 3818 3425 innocen-

2245 3466 2436 3535 lia'qtte
2480 3465 2844 3529 contrarium,
2887 3464 3028 3535 quod
3073 3474 3246 3518 tamen
3285 3471 3516 3533 potestas
3559 3463 3816 3527 hominis.

2241 3570 2362 3611 Cum
2399 3557 2467 3610 sit
2508 3555 2882 3614 voluntarium,
2923 3555 3090 3624 possit
3137 3554 3352 3618 inferre,
3395 3569 3491 3609 nec
3534 3555 3695 3624 possit
3730 3571 3821 3606 auo

2243 3647 2401 3700 ferre.
2447 3644 2681 3700 Videsne
2723 3645 3172 3716 qmemadmodum
3208 3646 3469 3716 generalis
3512 3656 3595 3698 tua
3642 3646 3817 3715 regula

2244 3743 2328 3797 illa
2358 3741 2660 3812 frangatur,
2694 3756 2795 3810 qua
2829 3743 3050 3810 putabas
3076 3740 3316 3793 naturale
3344 3739 3562 3806 bonum,
3600 3754 3695 3794 nos
3725 3755 3816 3793 vo-

2245 3835 2447 3888 luntate
2475 3848 2579 3886 non
2623 3831 2877 3901 perdere;
2911 3830 3122 3902 quando
3155 3831 3424 3885 inventum
3450 3839 3534 3885 est
3552 3831 3687 3900 quod
3715 3845 3817 3884 non

2243 3928 2416 3982 Solum
2461 3933 2682 3997 pereat,
2731 3925 2823 3978 sed
2858 3940 2954 3978 uec
2992 3923 3174 3979 redeat
3213 3924 3482 3978 voluntate
3506 3965 3521 3987 ,
3570 3923 3821 3978 duntaxat

2244 4018 2515 4074 humana?
2557 4018 2700 4072 Deus
2734 4027 2910 4071 autem
2941 4025 3116 4086 potest
3152 4016 3420 4070 hominem
3461 4024 3608 4071 reatu
3647 4015 3821 4070 ablato

2242 4109 2308 4164 ad
2337 4109 2692 4164 innocentiam
2729 4121 3000 4162 revocare.
3041 4107 3151 4162 Cur
3176 4123 3302 4178 ergo
3329 4123 3434 4162 non
3468 4107 3638 4162 credis
3661 4107 3817 4162 liber-

2244 4211 2406 4256 tatem
2437 4201 2571 4255 bene
2593 4200 2783 4269 agendi
2813 4201 3084 4254 voluntate
3110 4198 3337 4253 lnuuana
3367 4199 3538 4269 perire
3566 4197 3816 4268 potuisse,

2243 4309 2344 4349 nec
2389 4293 2565 4348 redire
2603 4307 2760 4363 posse
2781 4335 2796 4359 ,
2829 4292 2927 4346 nisi
2967 4292 3143 4347 divina
3171 4292 3468 4355 voluntate;
3497 4307 3616 4345 cum
3639 4291 3818 4344 audias

2245 4383 2514 4438 hominem
2553 4382 2843 4448 dicentem,
2871 4380 2991 4436 Non
3014 4381 3152 4452 quod
3173 4381 3304 4448 volo,
3338 4383 3469 4453 facio
3489 4381 3704 4447 bonum;
3731 4384 3816 4436 sed

2242 4474 2378 4546 quod
2414 4473 2531 4527 nolo
2565 4473 2782 4540 malum,
2831 4473 2924 4526 hoc
2951 4489 3081 4544 ago;
3123 4483 3176 4528 et
3207 4481 3330 4544 post
3369 4473 3528 4528 verba
3564 4473 3681 4527 talia
3707 4474 3816 4528 cla-

2243 4577 2500 4633 mantem,
2535 4567 2660 4635 Quis
2688 4585 2767 4622 me
2801 4567 3065 4622 liberabit?
3097 4583 3160 4622 ac
3201 4567 3569 4637 subjicientem
3591 4611 3606 4632 ,
3647 4566 3817 4621 Gratia

2244 4660 2340 4716 Dei
2370 4677 2457 4731 per
2482 4659 2658 4714 Iesum
2687 4659 2943 4715 Christum
2972 4659 3246 4714 Dominum
3276 4672 3501 4715 nostrum
3527 4662 3544 4727 (
3557 4659 3698 4713 llam.
3727 4675 3811 4710 vn.

2245 4754 2333 4816 15.
2381 4752 2472 4818 94,
2519 4751 2649 4820 25)?
2683 4751 2828 4806 «Sed
2861 4750 3014 4814 falso,
3049 4769 3064 4803 ι
3101 4751 3296 4821 inquis,
3352 4769 3370 4800 ι
3400 4746 3666 4801 diecrctur
3692 4741 3823 4797 liber

2246 4845 2428 4909 homo,
2460 4845 2505 4900 si
2546 4855 2724 4898 motus
2759 4844 3004 4914 proprios
3043 4844 3249 4898 variare
3303 4855 3406 4893 ιιοιι
3443 4845 3640 4907 posset.
3667 4854 3685 4888 ι
3720 4833 3824 4890 Nec

2245 4946 2298 4991 te
2326 4936 2476 4990 vides
2505 4935 2604 5006 ipsi
2633 4935 2742 4989 Deo
2770 4935 2958 4990 tollere
2985 4935 3310 4992 libertatem,
3335 4939 3390 4984 et
3415 4929 3586 4990 nobis,
3618 4927 3826 4997 quando

2244 5042 2364 5081 eum
2393 5027 2485 5082 illo
2515 5026 2565 5080 in
2598 5041 2764 5094 regno
2790 5026 2906 5097 ejus
2928 5021 3262 5081 immortales
3280 5022 3459 5076 vivere
3487 5020 3822 5091 cii-perimus,

2245 5133 2343 5173 nec
2370 5127 2547 5172 motus
2576 5127 2819 5190 nostros,
2852 5133 2994 5174 nunc
3042 5114 3093 5168 in
3139 5114 3358 5177 bonum,
3386 5128 3525 5168 nunc
3553 5113 3604 5167 in
3633 5111 3822 5164 malum

2246 5209 2400 5263 nobis
2427 5209 2526 5262 erit
2565 5210 2821 5278 possibile
2861 5211 3108 5270 variare;
3154 5214 3210 5261 et
3255 5213 3433 5260 tamen
3475 5213 3600 5258 tunc
3628 5199 3826 5256 felicius

2245 5298 2398 5354 liberi
2427 5299 2650 5365 erimus,
2682 5300 2895 5369 quando
2923 5312 3030 5351 non
3053 5297 3348 5367 poterimus
3371 5295 3569 5350 servire
3594 5300 3825 5363 peccato,

2244 5391 2381 5446 sicut
2409 5403 2509 5445 nec
2540 5391 2654 5459 ipse
2683 5391 2820 5447 Deus
2844 5409 2856 5443 ε
2882 5389 2976 5444 sed
3020 5405 3116 5444 nos
3149 5388 3314 5458 ipsius
3341 5387 3509 5459 gratia
3530 5428 3543 5454 ,
3594 5385 3681 5439 ille
3708 5398 3830 5437 vero

2243 5497 2337 5538 sua
2365 5489 2572 5536 natum.

2307 5678 2324 5710 ⁸
2359 5676 2432 5726 sic
2453 5684 2558 5726 Mss.
2576 5679 2626 5725 tn
2659 5676 2814 5739 \‘ign..
2837 5673 3016 5739 redire.

2305 5740 2325 5770 ²
2361 5740 2432 5787 sic
2454 5745 2558 5788 Mss.
2591 5744 2637 5787 ιιι
2670 5735 2823 5800 t‘i'gn.,
2855 5735 3076 5799 Virginis.

2307 5803 2330 5836 ³
2365 5807 2501 5853 Forte
2535 5801 2626 5851 add
2640 5796 2832 5856 emtum,
2859 5800 2920 5851 de
2936 5796 3006 5849 "re
3031 5810 3138 5860 qua
3161 5796 3310 5850 ηιιίιηί
3331 5805 3398 5850 est
3424 5797 3688 5859 disputauit
