4124 6534
346 411 485 473 "illi

418 526 537 586 XX.
560 526 680 585 ιυι.
711 526 914 583 Deinde
949 524 1070 597 quis
1108 523 1369 596 parasitus
1393 527 1465 582 ita
1494 525 1680 584 militis
1707 528 1921 598 gloriosi

345 624 487 679 Vires
503 614 953 678 assentationibus
971 619 1181 682 extulit,
1212 627 1269 674 ut
1293 618 1661 674 Traducianus
1683 618 1921 674 ιιὶιιιιοιιῖ

343 715 493 785 Quod
533 714 601 770 de
638 712 973 786 ponderibus
1012 712 1335 769 affectuum'
1365 711 1579 782 agnosci
1611 710 1752 765 licet.
1782 707 1929 764 Fecit

346 806 607 880 siquidem
639 806 778 861 Deus
806 806 1098 870 hominem,
1127 804 1404 860 materiam
1430 803 1598 873 ipsam
1624 802 1736 857 limi
1764 815 1926 856 vene-

346 900 497 956 rabili
519 899 825 968 dignatione
845 906 1207 964 contrectans,
1231 911 1352 966 qua:
1371 895 1426 950 in
1447 893 1674 950 formam
1696 892 1928 948 hominis

341 991 575 1048 auctoris
603 991 687 1045 sui
717 1004 935 1044 manum
964 988 1182 1044 subacta
1206 996 1541 1057 sequeretur.
1558 984 1803 1041 Stetcrat
1815 983 1926 1053 jam

342 1083 671 1146 absolutum,
698 1092 950 1136 ezeterum
978 1080 1182 1151 pallens
1206 1080 1541 1150 frigensque’
1558 1077 1927 1144 simulacrum,

346 1173 594 1243 spiritum
635 1186 741 1243 quo
778 1171 973 1226 niteret
1014 1178 1068 1225 et
1100 1170 1298 1241 vigeret
1324 1168 1630 1240 opperiens.
1661 1165 1814 1221 Tunc
1834 1181 1930 1220 au—

340 1263 653 1334 gustissimo
682 1260 913 1316 auctoris
950 1259 1129 1315 afflatu
1171 1270 1383 1316 creatus
1413 1268 1470 1313 et
1498 1250 1785 1327 inspiratus
1807 1256 1928 1311 ani-

312 1371 499 1423 -mus,
524 1354 729 1410 viscera
759 1352 972 1423 impleta
999 1353 1326 1407 commovit:
1350 1359 1476 1406 tunc
1511 1362 1699 1404 omnes
1736 1361 1929 1403 sensus

345 1446 399 1502 in
436 1453 748 1517 apparatum
795 1442 1131 1514 propriorum
1179 1455 1458 1497 munerum
1501 1438 1741 1493 suscitati
1780 1446 1927 1492 sunt.

345 1536 503 1593 Dedit
544 1535 813 1592 habitator
856 1534 1127 1606 ingressus
1155 1532 1447 1593 visceribus
1488 1530 1760 1593 colorem,
1798 1543 1927 1584 san-

343 1628 488 1700 guini
507 1626 796 1691 calorem',
832 1625 1087 1681 membris
1107 1624 1363 1695 vigorem,
1387 1621 1496 1677 cuti
1518 1621 1768 1676 nitorem.
1797 1618 1929 1675 Vide

344 1719 486 1790 quod
537 1716 808 1789 negotium
851 1716 906 1771 in
955 1714 1236 1771 formando
1278 1722 1334 1769 et
1379 1710 1667 1767 aniutando
1712 1710 1929 1766 homine

344 1812 515 1883 pietas
554 1809 732 1866 divina
779 1808 1031 1878 suscepit.
1088 1806 1282 1861 Verum
1331 1818 1431 1859 nec
1469 1801 1761 1873 perfectum
1805 1815 1927 1856 cum

346 1902 562 1972 reliquit
588 1890 921 1955 familiaritas
950 1886 1253 1954 Conditoris
1277 1912 1291 1949 :
1318 1893 1639 1948 transfertur
1666 1891 1733 1946 ad
1764 1904 1928 1946 anue-

347 1994 549 2049 niorcm
595 1991 769 2048 locum
796 2030 811 2054 ,
843 1998 899 2045 et
919 2001 1079 2060 quem
1108 1984 1401 2042 clementer
1427 1983 1648 2048 fecerat,
1682 1980 1929 2035 tnunifiee

346 2081 651 2151 locupletat.
685 2078 793 2135 Nec
823 2070 927 2134 hoc
955 2087 1130 2132 tamen
1172 2073 1483 2146 praestitisse
1521 2079 1830 2135 contentus,
1867 2070 1930 2123 il-

349 2168 538 2230 lustrat
556 2189 679 2229 eum
708 2171 1065 2242 impcrtitionc
1090 2166 1336 2237 colloquii
1362 2184 1375 2219 :
1400 2166 1490 2219 dat
1510 2164 1557 2219 ei
1580 2166 1925 2233 praeceptum,

347 2274 406 2319 ut
430 2264 726 2319 libertatem
754 2277 905 2317 suam
935 2259 1258 2329 intelligens,
1283 2246 1488 2312 videret
1514 2243 1613 2309 sibi
1641 2262 1927 2322 suppetere

348 2372 444 2427 per
466 2355 604 2427 quod
649 2352 802 2410 lieret
838 2352 1062 2408 amicior
1088 2346 1365 2406 Cnmlitori
1391 2366 1406 2404 :
1432 2347 1573 2418 quod
1606 2354 1927 2416 pra-ceptum

349 2462 453 2501 non
486 2446 539 2501 in
568 2444 732 2501 multa
760 2438 1116 2506 distenditur,
1166 2456 1233 2497 ne
1276 2439 1399 2509 qttid
1432 2439 1614 2494 oneris
1640 2436 1708 2492 de
1751 2436 1930 2490 multi-

348 2536 538 2606 plicata
580 2536 695 2607 lege
728 2534 980 2599 sentiret;
1029 2532 1121 2588 sed
1165 2528 1481 2587 imerdictu‘
1511 2529 1663 2585 unius
1693 2526 1925 2598 pomuli,

347 2629 708 2685 testimonium
752 2628 1049 2685 devotionis
1092 2626 1383 2698 expetitur.
1414 2623 1604 2678 Pestea
1636 2637 1845 2693 quoque
1871 2629 1930 2675 ut

346 2714 564 2775 haberet
590 2731 909 2783 consortem,
935 2734 1197 2789 perquam
1222 2727 1371 2788 pater
1394 2714 1565 2780 fieret,
1588 2713 1763 2769 denuo
1786 2712 1928 2769 illius

349 2828 558 2878 manus,
583 2827 684 2881 qua
711 2810 956 2866 conditus
981 2818 1118 2875 erat,
1147 2808 1452 2863 nobilitatur
1476 2814 1709 2869 attactu;
1742 2802 1929 2859 divino

346 2917 556 2972 quoque
598 2899 822 2954 subinde
863 2897 1128 2967 colloquio
1174 2895 1378 2951 fovetur
1416 2905 1573 2964 atque
1615 2893 1927 2948 honoratur.

350 2993 474 3047 Ilmc
504 3004 631 3061 ergo
656 3005 684 3042 a
718 2989 828 3043 Deo
856 2988 1090 3057 pr:estita
1122 2998 1227 3040 tam
1255 2986 1432 3056 longa,
1465 2996 1570 3039 tam
1603 2984 1791 3049 multa,
1821 2994 1926 3038 tam

346 3083 586 3155 grandia,
618 3081 872 3145 instituta,
904 3094 1146 3145 munera,
1175 3088 1461 3148 praecepta,
1488 3072 1771 3146 colloquia,
1804 3073 1926 3130 nul-

349 3175 455 3229 lam
499 3174 736 3229 fecerunt
765 3170 967 3227 homini
1000 3167 1125 3225 boui
1150 3164 1517 3224 necessitatem
1543 3184 1557 3221 :
1580 3174 1630 3221 at
1658 3180 1688 3220 e
1712 3163 1928 3235 regione

344 3262 586 3319 diabolus
609 3278 714 3317 non
739 3261 913 3316 minus
935 3259 1138 3325 timide,
1165 3273 1322 3330 quam
1347 3255 1559 3323 callide,
1588 3255 1775 3326 exigua
1803 3269 1925 3311 cum

345 3355 570 3410 muliere
593 3353 751 3409 verba
772 3352 1136 3417 commiscuit;
1167 3360 1217 3407 et
1242 3360 1442 3405 tantum
1465 3348 1654 3405 virium
1678 3345 1928 3404 habuisse

345 3444 612 3510 dicuntur,
640 3452 698 3497 ut
722 3442 974 3503 continuo
995 3440 1047 3496 in
1074 3436 1433 3497 conditionem
1464 3438 1782 3493 naturalium
1813 3453 1929 3493 vcr-

348 3545 616 3600 lerentur;
666 3535 773 3590 imo
818 3535 1047 3605 ingenita
1086 3543 1273 3589 cuncta
1304 3529 1649 3598 subruerent,
1693 3529 1930 3587 facetent

348 3636 657 3699 perpetuam
684 3625 806 3679 mali
835 3624 1221 3688 necessitatem,
1254 3633 1308 3678 ct
1332 3621 1604 3677 domimnn
1625 3637 1686 3676 ac
1715 3635 1928 3691 posses-

347 3732 524 3772 sorem
572 3717 784 3785 imagini
816 3716 906 3771 ltci
951 3714 1220 3770 diabolum
1252 3714 1605 3784 imponerent.
1637 3712 1770 3781 Quid
1800 3729 1929 3785 ergo

348 3809 557 3874 fortius,
579 3808 703 3879 quid
730 3807 1099 3873 execllcntius,
1132 3804 1256 3877 quid
1288 3802 1710 3874 magnificentius
1730 3803 1925 3859 adver-

347 3900 483 3953 saria
518 3908 812 3969 potestate,
860 3898 903 3952 si
950 3907 1152 3952 lantmn
1196 3896 1295 3951 levi
1322 3893 1747 3950 couifabulatiouc
1774 3894 1925 3962 fecit,

346 4000 602 4060 quantum
634 3989 771 4044 Deus
802 4003 898 4043 nec
926 3988 1178 4058 operibus
1207 3987 1317 4041 suis
1348 3985 1539 4057 potuit,
1568 4001 1665 4042 nec
1695 3974 1928 4040 muneri-

347 4080 445 4137 bus
469 4079 744 4135 obtinere?
768 4077 1102 4135 Manifestum
1123 4089 1203 4133 est
1224 4077 1419 4147 itaque,
1445 4074 1500 4131 in
1520 4078 1636 4147 ejus
1660 4092 1754 4131 vos
1777 4085 1926 4146 parte

345 4172 637 4227 consistere
657 4212 672 4235 ,
713 4171 863 4242 cujus
893 4181 997 4225 tant
1028 4168 1311 4225 immodice
1338 4168 1626 4239 potentiam
1668 4166 1924 4237 prmdica-

348 4264 444 4329 tis;
491 4277 589 4319 nec
628 4265 679 4317 in
721 4263 920 4317 cullmn
961 4260 1051 4316 llei
1091 4259 1256 4314 nostri
1288 4259 1452 4313 ullum
1485 4257 1682 4313 habere
1706 4271 1921 4311 consor-

347 4352 476 4407 tium
496 4393 511 4418 ,
539 4367 696 4423 quem
722 4361 820 4407 nos
846 4363 901 4407 ut
930 4350 1289 4421 mqmssimnm
1307 4391 1322 4412 .
1372 4349 1441 4405 ita
1469 4348 1926 4418 omnipotentissi-

348 4456 490 4497 mum
516 4445 849 4503 confitemur,
872 4458 959 4512 qut
984 4452 1172 4510 potens
1191 4449 1295 4506 est,
1320 4450 1376 4495 et
1398 4442 1592 4496 veritas
1621 4439 1674 4495 in
1704 4440 1924 4494 circuitu

346 4533 483 4603 ejus,
509 4534 597 4606 qtti
625 4533 865 4588 lnuuiliat
885 4534 1019 4587 sicut
1046 4533 1372 4587 vulneratum
1404 4532 1715 4601 superbum,
1745 4530 1797 4584 id
1819 4541 1920 4595 est,

346 4624 615 4681 diabohnn
639 4635 691 4681 ct
715 4624 1085 4684 Manirlmum,
1126 4637 1326 4692 vosque
1352 4622 1466 4692 ejus
1510 4624 1742 4677 asseclas
1779 4621 1925 4677 calu-

346 4715 610 4771 mniantes
635 4725 872 4770 naturam
897 4757 912 4781 ,
946 4732 1011 4769 ne
1041 4728 1133 4768 vos
1160 4719 1350 4783 sponte
1386 4726 1607 4782 peccare
1633 4710 1919 4766 ﬁtteamini.

347 4805 463 4875 Ipse
487 4821 614 4877 ergo
647 4806 785 4862 Deus
816 4816 995 4860 ttttSlCI'
1024 4806 1073 4858 in
1107 4804 1299 4859 virtute
1328 4803 1529 4857 brachii
1558 4803 1638 4857 sui
1668 4801 1923 4872 disperdit

344 4894 586 4950 inimicos
616 4912 741 4951 suos
769 4895 937 4967 (f’sal.
964 4909 1234 4957 Lxxxwu,
1267 4893 1321 4958 9,
1357 4890 1466 4963 ll),
1500 4908 1594 4961 per
1619 4894 1758 4963 quod
1790 4890 1941 4961 nihil.

344 4995 434 5039 aut
460 5000 491 5041 a
520 4986 691 5050 vobis,
723 4994 814 5039 aut
842 5001 871 5039 a
899 4984 1198 5038 Manichzris
1222 4983 1397 5037 afferri
1428 4984 1613 5050 potuit,
1648 4981 1788 5054 quod
1815 4995 1919 5035 non

344 5076 582 5131 veritatis
607 5076 721 5146 ejus
742 5076 960 5130 fulmine
985 5075 1254 5142 dissiliret.

414 5170 545 5223 Ave.
589 5168 961 5221 Assentatorcs
1007 5166 1203 5220 diaboli
1255 5181 1358 5220 non
1407 5180 1610 5233 sumus,
1662 5180 1758 5220 nec
1804 5163 1923 5235 ejus

343 5267 677 5324 potestatem,
699 5272 816 5327 qua:
837 5256 931 5311 Dei
950 5257 1186 5325 subjecta
1207 5267 1287 5313 est
1309 5256 1576 5326 potestati,
1601 5256 1918 5321 adulatorie,

342 5347 478 5401 sicut
498 5345 649 5399 nobis
672 5346 1061 5410 conviciatnini,
1108 5347 1371 5417 praeconio
1400 5346 1568 5401 laudis
1595 5346 1917 5400 extollimus.

343 5433 447 5490 Sed
476 5437 672 5491 utinam
704 5451 799 5491 vos
827 5452 932 5491 non
957 5438 1072 5504 ejus
1102 5437 1295 5491 milites
1318 5437 1506 5491 essetis
1526 5476 1542 5503 ,
1573 5440 1708 5491 sicut
1734 5450 1921 5490 omnes

342 5527 574 5582 ha'retici
603 5547 615 5581 :
643 5542 867 5599 quorum
900 5527 987 5582 ille
1015 5527 1265 5599 dogmata
1298 5529 1349 5582 in
1375 5542 1509 5586 auos
1540 5529 1798 5599 potuerit,
1826 5541 1921 5598 per

404 5665 420 5729 ξ
455 5670 602 5729 vetus
623 5660 1222 5729 codex_ttar.,_eﬂ'ertuum.

400 5726 421 5786 ξ
452 5726 523 5773 sic
546 5732 649 5772 MSS.
672 5729 723 5786 tn
746 5723 902 5786 νὶεη.⁷
925 5721 1247 5786 friirgensque.

396 5768 417 5851 ξ
441 5768 902 5851 gestagesta;
918 5768 1136 5851 tanta;
1144 5768 1369 5851 iamne
1389 5782 1608 5836 colorem.

394 5842 414 5869 ⁵
438 5842 519 5895 Sir
661 5850 708 5892 lu
732 5846 888 5907 \‘tgtn,
912 5843 998 5894 sed
1022 5842 1293 5896 interdicta.

680 5937 948 5998 PATROL.
987 5938 1169 6001 XLV.

1698 406 1898 465 LIBER
1934 408 2227 471 SEXTUS.

3475 420 3613 485 I535

2032 536 2240 584 vestras
2286 520 2495 599 linguas
2530 515 2680 585 velut
2704 530 2813 586 tela
2852 520 3124 589 mertifera
3166 530 3447 605 jaeulatur.
3481 536 3616 593 Dicat

2031 621 2349 690 Apostolus,
2377 620 2583 676 Gratias
2607 631 2810 693 agentes
2841 621 3014 689 Patri,
3050 624 3256 681 idem
3283 626 3489 697 facienti
3524 644 3617 682 nos

2031 711 2083 763 in
2109 721 2303 780 partem
2339 712 2489 767 sortis
2512 723 2801 767 sanctorum
2840 713 2895 767 in
2926 714 3143 781 huicine;
3171 716 3257 785 qui
3283 718 3408 771 eruit
3436 733 3529 773 nos
3556 720 3619 773 de

2035 809 2277 869 potestate
2304 800 2641 865 umbrarum,
2667 812 2713 858 et
2742 806 3000 859 transtulit
3036 805 3089 859 in
3114 822 3321 877 regnum
3347 806 3471 862 Filii
3491 812 3618 863 clm-

2033 892 2198 948 ritatir
2221 909 2328 947 sua:
2349 893 2564 964 (Galeas.
2592 910 2648 962 ιδ
2677 895 2769 962 l2,
2796 897 2886 965 1⁸5)
2912 915 2924 951 :
2949 905 3004 951 et
3033 912 3128 957 vos
3151 898 3280 954 istas
3300 900 3498 970 gratias
3519 916 3616 970 pro

2036 983 2267 1052 parvulis
2292 998 2391 1040 nos
2414 999 2573 1055 agere
2598 984 2912 1055 prohibetis,
2933 996 3238 1045 asserentes
3254 1001 3351 1044 eos
3370 1003 3476 1045 non
3496 1004 3620 1046 esse

2035 1073 2134 1130 sub
2155 1084 2417 1144 potestate
2436 1075 2664 1142 diaboli;
2692 1076 2899 1147 utquid,
2932 1078 3032 1134 nisi
3061 1087 3118 1134 ut
3145 1078 3269 1135 inde
3293 1095 3400 1135 non
3418 1095 3616 1136 cruano

2038 1175 2142 1233 tur,
2174 1181 2241 1221 ne
2268 1166 2413 1221 lucra
2440 1165 2636 1222 diaboli
2664 1167 3005 1224 minuantur?
3037 1150 3384 1238 Dicit-deses,
3414 1172 3505 1242 qui
3533 1186 3619 1227 sc-

2035 1255 2264 1310 cundum
2287 1255 2389 1312 hoc
2409 1270 2603 1312 nomen
2622 1270 2802 1324 suum,
2818 1257 3023 1314 salvum
3048 1258 3171 1314 facit
3191 1261 3443 1335 populum
3464 1276 3619 1316 suum

2035 1360 2066 1399 a
2091 1347 2319 1417 peccatis
2356 1361 2541 1403 eorum
2568 1346 2783 1418 (Matth.
2815 1364 2874 1425 ιο,
2904 1349 3021 1420 9|),
3059 1348 3224 1406 Nemo
3250 1352 3404 1425 intrat
3439 1353 3490 1407 in
3522 1353 3618 1409 dae

2036 1453 2174 1491 mum
2200 1437 2374 1508 fortis,
2414 1448 2467 1492 ut
2496 1453 2616 1492 vasa
2644 1439 2754 1509 eius
2780 1441 2963 1511 eripiat
2981 1479 2998 1507 ,
3028 1441 3128 1495 nisi
3160 1442 3302 1512 prius
3337 1441 3622 1513 alligaverit

2036 1531 2216 1599 fortem
2259 1526 2370 1601 (Id.
2402 1545 2499 1595 stt,
2530 1530 2623 1602 29)
2653 1548 2668 1586 :
2695 1540 2751 1586 et
2792 1546 2889 1587 vos
2932 1532 2984 1588 in
3028 1532 3130 1590 hoc
3159 1533 3356 1603 populo
3382 1532 3620 1600 Christi,

2034 1633 2193 1690 quem
2219 1620 2424 1675 salvum
2474 1618 2598 1675 facit
2633 1635 2667 1675 a
2713 1621 2944 1690 peccatis
2972 1636 3198 1688 eorum,
3243 1623 3623 1691 parvulosnnn

2036 1722 2158 1765 esse
2184 1710 2530 1777 contenditis,
2561 1724 2698 1780 quos
2726 1720 2785 1766 ut
2811 1712 3039 1782 propriis
3057 1753 3076 1780 ,
3120 1712 3192 1768 ita
3219 1727 3320 1768 nec
3350 1713 3623 1785 originali-

2037 1800 2135 1861 bus
2178 1801 2336 1858 vultis
2378 1801 2665 1858 obstrictos
2706 1815 2828 1859 esse
2877 1804 3140 1874 peccatis;
3185 1814 3242 1858 et
3283 1818 3406 1860 cum
3451 1804 3626 1861 fallaci

2035 1901 2217 1948 vestro
2237 1907 2486 1949 sermone
2508 1893 2744 1949 minuitis
2765 1892 2905 1950 vires
2924 1894 3061 1964 ejus,
3084 1909 3243 1965 quem
3263 1895 3399 1953 dixit
3420 1895 3627 1952 Veritas

2036 1985 2251 2049 fortem,
2280 2002 2463 2043 errore
2489 1997 2668 2042 vestro
2696 2001 2818 2043 eum
2848 1986 3023 2042 facitis
3051 1987 3120 2042 ad
3148 1987 3468 2045 obtinendos
3499 2004 3623 2058 par-

2036 2078 2185 2133 vulos
2214 2078 2510 2135 fortiorem.
2542 2079 2676 2134 Dicit
2698 2078 2875 2143 Jesus,
2908 2078 3048 2133 Venit
3068 2080 3202 2134 enim
3221 2078 3392 2135 Filius
3408 2080 3626 2135 hominis

2033 2182 2256 2237 querere
2283 2178 2328 2222 et
2350 2168 2546 2224 salvum
2572 2173 2739 2241 facere
2763 2170 2899 2240 quod
2921 2170 3138 2241 perierat
3168 2169 3318 2241 (Luc.
3346 2186 3463 2237 xix,
3492 2171 3582 2241 10)
3607 2188 3622 2226 :

2035 2266 2089 2317 et
2116 2274 2209 2314 vos
2235 2260 2285 2315 ei
2317 2259 2672 2329 respoudetis,
2697 2260 2812 2316 Non
2842 2277 2978 2333 Opus
3004 2272 3091 2321 est
3111 2271 3169 2317 ut
3195 2263 3445 2333 parvulos
3474 2278 3623 2332 quae:

2037 2363 2146 2415 ras,
2173 2348 2297 2420 quia
2327 2366 2434 2405 non
2466 2350 2766 2420 perierant;
2798 2359 2961 2422 atque
2988 2352 3060 2407 ita
3086 2368 3210 2407 cttut
3240 2352 3310 2408 ab
3332 2353 3413 2407 cis
3439 2352 3624 2407 Salva-

2036 2442 2167 2497 toris
2208 2443 2606 2514 inquisitionem
2635 2444 2893 2514 repellitis
2911 2485 2928 2509 ,
2974 2453 3288 2515 potestatem
3317 2454 3503 2501 contra
3531 2461 3626 2502 eos

2036 2535 2389 2591 vulneratnris
2422 2537 2647 2607 augetis.
2682 2536 2820 2591 Dicit
2846 2536 3024 2602 .lesus,
3059 2535 3182 2593 Non
3209 2548 3281 2595 est
3308 2540 3621 2601 necessarius

2034 2628 2172 2682 sanis
2197 2628 2450 2695 medicus,
2496 2627 2586 2683 sed
2628 2628 2761 2684 male
2800 2629 3127 2695 Itabctttibus;
3163 2648 3262 2685 non
3310 2632 3419 2687 veni
3454 2649 3627 2688 rorare

2030 2719 2220 2790 justas,
2249 2720 2338 2775 ml
2366 2731 2650 2790 peccatores
2676 2720 2891 2791 (Matth.
2934 2738 2986 2778 Ix
3009 2761 3027 2790 ,
3072 2725 3139 2780 12
3161 2763 3177 2790 ,
3221 2726 3309 2797 l5)
3337 2736 3427 2781 :ct
3456 2742 3552 2783 vos
3573 2728 3625 2783 ei

2035 2810 2211 2866 dicitis
2235 2852 2252 2876 ,
2278 2810 2394 2867 Non
2440 2826 2499 2867 es
2526 2826 2654 2883 ergo
2685 2813 2922 2882 parvulis
2947 2816 3281 2871 necessarius
3303 2856 3320 2880 ,
3366 2817 3489 2887 quia
3527 2832 3627 2875 nec

2037 2901 2310 2956 voluntate
2347 2910 2471 2956 sunt
2511 2902 2757 2973 propria,
2803 2918 2903 2958 nec
2947 2905 3177 2961 lmmana
3207 2906 3415 2977 origine
3436 2923 3625 2979 pecca-

2037 2998 2204 3045 tores.
2234 2990 2365 3044 Cum
2392 3006 2520 3061 ergo
2547 3007 2655 3046 nou
2689 2994 2868 3048 salvos
2899 3009 3081 3049 vcmrc
3117 2995 3406 3053 salvandos
3432 3000 3623 3057 vetatis

2035 3080 2103 3136 ad
2134 3079 2417 3148 medicum,
2449 3080 2712 3137 diabolica
2734 3082 2791 3138 in
2820 3084 2898 3140 eis
2926 3094 3142 3141 exercet
3165 3087 3332 3155 pestis
3357 3090 3625 3159 potentius

2037 3171 2410 3251 principatum.
2429 3171 2641 3239 Quanto
2659 3188 2789 3244 ergo
2816 3182 2899 3230 est
2929 3175 3276 3243 tolerabilius,
3298 3156 3626 3251 ut—tanquam

2037 3261 2255 3332 parasiti
2283 3271 2336 3319 et
2360 3272 2725 3319 assentatores
2742 3263 3016 3323 diabolunt
3039 3266 3188 3323 falsis
3219 3268 3466 3326 laudibus
3483 3252 3625 3328 mulo

2036 3353 2221 3418 ceatis,
2249 3368 2409 3424 quam
2454 3353 2593 3409 sicut
2635 3353 2833 3410 milites
2862 3355 2943 3411 vel
2974 3355 3232 3414 satellites
3256 3371 3378 3414 cum
3401 3357 3625 3430 dogma-

2039 3458 2150 3504 tnm
2178 3446 2493 3503 falsitatibus
2512 3446 2811 3517 adjuvctis?
2832 3448 3066 3517 Copioso
3082 3458 3137 3505 et
3154 3457 3346 3506 ornato
3364 3450 3625 3509 describis

2035 3537 2266 3608 eloquio,
2293 3537 2561 3608 quomodo
2584 3537 2725 3592 Deus
2743 3553 2810 3593 ex
2836 3538 2966 3593 limo
2997 3538 3303 3596 formaverit
3326 3540 3622 3608 hominem,

2038 3628 2214 3685 flando
2260 3629 2598 3697 animaverit,
2630 3629 2877 3701 paradiso
2903 3631 3325 3701 locupletaverit,
3353 3647 3624 3706 praecepto

2036 3720 2512 3788 adminiculaverit,
2548 3729 2855 3793 tantamque
2882 3738 3090 3791 curam,
3118 3740 3187 3782 ne
3213 3725 3266 3780 in
3292 3727 3473 3797 aliquo
3499 3744 3623 3785 eum

2033 3820 2302 3880 gravaret,
2335 3810 2601 3878 habuerit,
2628 3820 2689 3867 ut
2716 3812 2856 3868 idem
2885 3802 3208 3885 praeceptum
3238 3832 3345 3872 non
3375 3819 3426 3873 in
3455 3820 3623 3876 multa

2035 3900 2365 3971 distenderet
2407 3917 2476 3958 ne
2505 3902 2630 3973 quid
2658 3903 2838 3962 oneris
2866 3903 3030 3960 homo
3048 3944 3066 3971 ,
3108 3921 3269 3977 quem
3299 3917 3443 3963 tanta
3473 3909 3623 3966 beni-

2035 3992 2239 4064 gnitate
2263 3991 2614 4059 condiderat,
2643 3993 2708 4048 de
2736 3994 3086 4064 multiplicata
3107 3995 3224 4066 lege
3244 3998 3485 4053 sentiret.
3514 3998 3620 4055 Cur

2036 4098 2164 4155 ergo
2185 4098 2325 4138 nunc
2341 4098 2537 4155 corpus
2563 4085 2912 4155 corruptibile
2932 4097 3183 4157 aggravat
3208 4089 3438 4143 animam
3462 4086 3641 4161 (Sap.'

2034 4191 2116 4240 ιχ,
2150 4176 2280 4248 lii)?
2310 4191 2406 4231 cur
2436 4191 2565 4245 ergo
2589 4191 2749 4246 grave
2773 4176 2961 4247 jugunt
2989 4185 3072 4234 est
3097 4193 3261 4244 super
3287 4181 3422 4235 filios
3446 4182 3619 4238 Adam

2032 4280 2063 4319 a
2083 4265 2171 4321 die
2198 4267 2373 4321 exitus
2399 4265 2466 4320 de
2500 4274 2685 4321 ventre
2721 4268 2907 4322 matris
2935 4283 3121 4324 eorum
3167 4267 3356 4341 (Eccli.
3387 4288 3488 4339 xc,
3526 4274 3579 4342 Ι)
3597 4276 3622 4328 τ

2033 4357 2461 4429 quandoquidem
2514 4359 2684 4428 ipsum
2728 4359 2896 4414 Adam
2950 4375 3049 4416 nec
3101 4360 3218 4431 lege
3270 4363 3618 4433 multiplicata

2035 4449 2200 4504 voluit
2223 4464 2531 4521 aggravare.
2561 4449 2766 4520 Nempe
2786 4452 3023 4517 cernitis,
3049 4450 3262 4522 quodsi
3290 4452 3345 4508 in
3371 4455 3616 4524 Intradiso

2032 4556 2193 4597 nemo
2223 4551 2514 4611 peccasset,
2550 4544 2620 4597 ita
2661 4541 2955 4598 fecunditas
2982 4544 3264 4615 conjugum
3286 4561 3482 4616 genere
3509 4546 3616 4602 lm-

2036 4654 2194 4692 mano
2233 4638 2408 4693 locum
2450 4637 2597 4692 illum
2645 4647 2803 4692 tanta:
2834 4638 3101 4692 felicitatis
3129 4638 3404 4707 impleret,
3431 4648 3485 4693 ιιι
3513 4655 3616 4698 nec

2032 4732 2266 4786 animam
2311 4729 2661 4798 corruptibile
2712 4744 2908 4797 corpus
2950 4738 3232 4798 gravaret,
3287 4745 3386 4791 nec
3425 4732 3612 4801 jugum

2032 4838 2193 4893 grave
2237 4830 2392 4877 natos
2432 4820 2676 4877 homines
2721 4830 3025 4891 premeret,
3073 4837 3170 4876 nec
3208 4821 3433 4878 laboret
3459 4822 3615 4881 dolor

2032 4910 2368 4968 miserandos
2402 4910 2648 4981 parvulos
2688 4910 2942 4966 erudiret.
2972 4908 3122 4966 Unde
3162 4925 3291 4981 ergo
3316 4911 3413 4967 ista
3453 4924 3613 4983 sunt,

2031 5019 2152 5075 qua:
2182 5003 2363 5073 utique
2392 5018 2498 5057 non
2529 5010 2657 5058 sunt
2685 5001 2752 5057 de
2781 5003 2963 5057 nescio
2993 5018 3091 5072 qua
3122 5002 3283 5071 mala,
3313 5019 3470 5074 quam
3502 5006 3613 5062 lla-

2033 5096 2273 5154 nichaeus
2300 5094 2472 5166 fingit,
2500 5104 2592 5150 aut
2629 5095 2796 5150 credit
2818 5136 2832 5158 ,
2875 5110 2904 5148 a
2937 5094 3090 5150 nobis
3117 5095 3288 5151 aliena
3309 5137 3325 5161 ,
3353 5099 3616 5169 nobisque

2031 5190 2315 5263 permixta,
2351 5189 2453 5244 nisi
2479 5188 2548 5244 de
2569 5197 2748 5243 nostra
2784 5188 2963 5242 Vitiata
2992 5186 3147 5257 primi
3174 5188 3404 5245 hominis
3431 5200 3613 5246 trans-

2031 5284 2307 5356 gressione
2361 5281 2589 5337 natura?
2640 5278 2745 5334 Sed
2801 5279 3038 5346 miraris,
3071 5279 3236 5336 homo
3298 5291 3484 5339 acutus
3547 5296 3614 5339 ac

2032 5372 2298 5445 prudens,
2346 5380 2401 5427 et
2443 5385 2548 5435 non
2588 5368 2861 5425 existimas
2906 5383 3028 5425 esse
3066 5370 3431 5438 credendum,
3470 5373 3614 5444 quod

2031 5464 2223 5521 diaboli
2268 5462 2455 5532 exigua
2486 5460 2640 5516 verba
2669 5474 2791 5514 cum
2835 5460 3060 5515 muliere
3086 5463 3373 5518 commixta
3404 5471 3610 5519 tantum

2032 5558 2221 5615 virium
2267 5552 2518 5609 habuisse
2541 5551 2824 5619 dicuntur,
2867 5563 2925 5607 ut
2964 5553 3225 5613 naturalia
3250 5562 3441 5611 cuncta
3465 5554 3609 5611 bona

2033 5654 2402 5721 perverterent
2433 5662 2447 5698 :
2476 5643 2627 5716 quasi
2675 5643 2777 5701 hoc
2828 5645 3097 5717 loquentis
3141 5646 3306 5703 verba
3352 5645 3608 5715 fecerint,

2029 5755 2137 5797 non
2160 5751 2454 5794 consensus
2477 5735 2763 5794 audientis.
2794 5735 2912 5793 Non
2939 5738 3101 5815 enim,
3145 5745 3202 5792 ut
3242 5735 3397 5803 dicis,
3443 5750 3619 5811 pauca

2030 5831 2190 5890 verba
2233 5832 2496 5905 serpentis
2535 5833 2588 5890 in
2629 5832 2986 5889 conditionem
3028 5842 3183 5884 versa
3224 5839 3344 5883 sunt
3396 5841 3609 5895 naturu-

2742 5926 2782 6008 {
2802 5924 3371 6003 Quarante—neul.)
