4150 6478
523 398 659 458 tu?

519 520 650 575 lium
673 511 808 570 :sed
849 508 1086 566 hominis
1126 506 1380 564 voluntas
1417 503 1650 578 perdidit
1691 503 1924 567 bonum,
1965 499 2110 572 quod

519 606 671 664 reddi
700 621 810 662 non
835 612 1019 677 posset
1048 601 1281 659 hominis
1305 600 1597 666 voluntate,
1626 597 1722 654 sed
1753 596 1868 661 Dei,
1898 594 2114 668 quando

519 697 852 756 reddendum
875 705 932 753 et
957 695 1152 767 quibus
1193 690 1558 758 reddendum,
1598 687 1928 760 justissimus
1949 727 1966 753 ,
2013 700 2117 758 po-

522 791 884 853 tentissimus,
917 796 974 844 et
999 784 1532 842 misericordissimus
1549 779 1846 853 judicabit'
1881 797 1896 837 :
1927 795 2119 850 quem-

520 881 810 939 admodum
856 880 910 934 in
953 893 1204 950 corpore,
1243 878 1381 934 sicut
1419 875 1533 948 jam
1558 873 1814 940 diximus,
1841 873 2118 930 voluntate

523 973 760 1029 hominis
785 979 958 1042 potest
986 971 1104 1041 ejus
1134 971 1280 1025 visus
1305 968 1535 1034 auferri;
1565 966 1710 1038 quod
1736 967 1784 1022 si
1813 966 1870 1021 fit
1887 1007 1903 1031 ,
1933 965 2117 1036 sequi-

523 1074 613 1120 tur
632 1064 849 1121 cmcitas
866 1102 885 1130 ,
927 1076 1088 1134 quam
1115 1060 1407 1118 necessitas
1430 1057 1585 1126 ferat,
1611 1058 1862 1115 voluntas
1887 1071 1992 1113 non
2022 1072 2121 1111 au-

524 1157 694 1224 ferat;
723 1164 781 1212 et
812 1153 868 1210 in
907 1155 1293 1225 animopotest
1329 1151 1564 1208 hominis
1585 1151 1832 1207 voluntas
1861 1150 2122 1206 innocen-

525 1248 656 1304 tiam
677 1247 792 1318 ejus
818 1245 1064 1318 pendere,
1094 1253 1150 1302 et
1176 1259 1281 1301 non
1307 1253 1486 1316 potest
1507 1242 1754 1300 reddere.
1783 1240 1917 1297 Illud
1943 1242 2121 1312 potius

527 1339 770 1406 intuere,
799 1337 944 1410 quod
974 1338 1112 1394 maia
1150 1351 1272 1393 cum
1300 1335 1495 1409 quibus
1519 1343 1812 1391 nascuntur
1839 1333 2084 1389 homines
2103 1373 2119 1399 ,

526 1445 648 1502 qua:
670 1431 1022 1503 congenerari
1053 1430 1358 1486 hominibus
1383 1429 1436 1484 in
1467 1427 1700 1500 paradisi
1729 1426 1985 1483 felicitate
2012 1440 2120 1480 non

531 1531 794 1594 possent,
839 1523 1078 1594 profecto
1102 1523 1201 1577 nisi
1231 1520 1302 1578 de
1327 1521 1575 1592 paradiso
1599 1519 1801 1575 exisset
1828 1527 2015 1574 natura
2045 1517 2124 1572 vi-

529 1614 684 1679 tiata,
730 1628 872 1670 nunc
911 1613 994 1669 eis
1035 1620 1392 1684 congcnerata
1431 1625 1540 1666 non
1578 1617 1782 1667 essent.
1817 1608 1955 1690 Ista,
2002 1623 2124 1679 qua:

529 1703 812 1763 manifesta
838 1713 1004 1772 sunt,
1031 1703 1232 1775 aspice.
1260 1702 1378 1760 Non
1408 1701 1554 1759 enim
1597 1699 1900 1757 mortalium
1927 1700 2063 1754 mala
2092 1715 2124 1755 a

526 1799 616 1856 die
637 1799 814 1856 exitus
837 1796 909 1854 de
931 1804 1118 1853 ventre
1137 1795 1323 1852 matris
1348 1794 1582 1850 filiorum
1604 1792 1795 1857 Adam,
1819 1792 1874 1847 in
1895 1791 2126 1847 obscuro

527 1890 879 1963 coujicimus;
923 1888 1019 1945 sed
1064 1889 1119 1944 in
1171 1887 1292 1943 luce
1337 1884 1636 1942 clarissima
1677 1883 1966 1940 cernimus.
1998 1881 2127 1938 Ilaec

527 1983 653 2055 quia
683 1996 790 2038 non
819 1988 945 2037 sunt
968 1995 1039 2036 ex
1080 1978 1236 2034 malae
1261 1977 1455 2032 alienae
1479 1975 1864 2032 commixtione
1889 1982 2122 2039 natura;

529 2073 907 2146 proculdubio
933 2087 1005 2129 ex
1041 2069 1428 2142 depravatione
1468 2077 1666 2124 nostra:
1701 2077 1846 2122 sunt.
1886 2064 1998 2124 Nec
2030 2065 2126 2121 tibi

530 2167 772 2225 videatur
793 2165 1068 2238 indignum
1092 2206 1109 2233 ,
1145 2162 1286 2236 quod
1324 2160 1562 2233 subjecta
1593 2169 1678 2216 est
1713 2159 1926 2214 diabolo
1952 2157 2128 2228 imago

531 2260 630 2317 Dei
652 2279 668 2317 :
693 2261 795 2317 hoc
823 2259 970 2316 enim
998 2273 1107 2314 non
1151 2255 1364 2324 fieret,‘
1395 2255 1496 2311 nisi
1530 2253 1730 2326 judicio
1759 2253 1883 2318 Dei;
1914 2265 2014 2308 nec
2043 2266 2129 2306 rc-

529 2360 780 2408 movetur
801 2350 901 2406 ista
921 2348 1219 2415 damnatio,
1249 2346 1353 2402 nisi
1379 2346 1551 2418 gratia
1583 2345 1698 2400 Dei.
1726 2343 1829 2413 Qui
1858 2343 2002 2400 enim
2030 2358 2126 2396 na-

531 2455 671 2499 turae
686 2440 1028 2507 excellentia,
1049 2448 1110 2495 ut
1128 2439 1306 2510 imago
1327 2439 1420 2493 Dei
1441 2447 1608 2504 esset,
1629 2435 1696 2491 ad
1722 2434 2127 2490 similitudinem

535 2533 632 2590 Dei
661 2532 829 2590 factus
855 2540 972 2598 est,
1012 2545 1121 2588 non
1159 2538 1244 2587 est
1270 2528 1606 2595 mirandum,
1647 2527 1772 2600 quia
1801 2535 2008 2582 natura:
2035 2524 2131 2580 de-

534 2624 868 2697 pravatione,
892 2623 1119 2680 vanitati
1141 2622 1334 2679 similis
1363 2622 1532 2688 factus
1556 2629 1643 2678 est
1658 2661 1675 2689 ,
1701 2619 1845 2678 unde
1870 2620 1985 2676 dies
2011 2618 2129 2691 ejus

534 2716 681 2774 velut
703 2715 894 2772 umbra
922 2723 1251 2786 prmtereunt
1275 2713 1447 2787 (Paul.
1475 2728 1664 2782 cxun,
1693 2713 1772 2785 4).
1795 2712 1875 2768 Tu
1900 2711 2005 2777 dic,
2035 2727 2132 2768 cur

533 2805 953 2864 innumerabiles
992 2805 1253 2878 imagines
1297 2804 1398 2861 Dei
1438 2803 1494 2859 in
1535 2803 1754 2876 parvula
1799 2812 1957 2859 actate
1987 2802 2129 2858 nulla

534 2906 754 2971 peccata
780 2895 1062 2967 facientes,
1093 2913 1204 2954 non
1229 2897 1581 2953 admittantur
1603 2896 1671 2952 ad
1692 2911 1915 2968 regnum
1941 2895 2056 2963 Dei,
2083 2895 2129 2952 si

533 3003 643 3046 non
669 2997 1038 3047 renascantur.
1071 2989 1280 3046 Ilabent
1314 2987 1456 3046 enim
1485 2987 1684 3059 aliquid
1711 2987 1856 3044 unde
1885 3001 2132 3043 merean-

533 3091 622 3138 tur
651 3080 835 3153 jacere
859 3081 974 3138 sub
1013 3080 1254 3147 diabolo,
1298 3090 1520 3153 propter
1543 3079 1686 3153 quod
1719 3096 1824 3136 non
1856 3089 2132 3138 merentur

533 3186 760 3244 regnare
799 3171 901 3228 sub
941 3173 1082 3239 Deo;
1129 3171 1283 3243 cujus
1326 3171 1372 3228 si
1422 3171 1610 3227 lumini
1652 3173 1974 3240 cohzereres,
2021 3184 2131 3227 non

536 3270 684 3320 tanta
711 3263 1014 3335 arrogantia
1043 3263 1207 3320 verba
1233 3271 1322 3319 tua
1353 3261 1560 3319 fulmini
1585 3277 1950 3335 comparares.

603 3353 750 3412 XXI.
775 3353 898 3411 ιιι..
920 3354 1113 3426 Liquet
1141 3355 1300 3426 igitur
1317 3355 1743 3425 absolutissime,
1773 3356 1918 3412 nullo
1945 3357 2130 3428 Augu-

532 3449 733 3505 stinum
759 3462 793 3504 a
819 3459 1150 3520 prteceptore
1174 3463 1273 3504 suo
1297 3446 1534 3516 diﬂ’erre,
1563 3448 1660 3504 sed
1683 3446 2133 3520 disputationibus

532 3539 652 3613 ejus
675 3554 782 3596 non
806 3539 984 3596 minus
1011 3539 1165 3606 Adm,
1191 3555 1352 3611 quam
1376 3547 1696 3596 cancrorum
1725 3549 1971 3596 naturam
2001 3553 2131 3610 pes-

533 3631 725 3690 simam
756 3629 992 3688 definiri.
1019 3630 1264 3702 Denique
1287 3640 1347 3686 ut
1365 3629 1542 3686 adhuc
1565 3629 1765 3701 aliquid
1791 3645 1912 3686 cum
1939 3629 2132 3686 eodem

533 3722 603 3779 de
649 3722 757 3792 his,
781 3737 902 3794 qua:
939 3722 1170 3792 egimus,
1210 3721 1579 3778 disseramus:
1603 3729 1828 3792 apparet
1871 3729 1926 3778 te
1970 3721 2131 3777 etiam

535 3814 693 3886 primi
731 3815 934 3886 peccati
965 3828 1072 3869 non
1113 3813 1256 3869 idem
1285 3826 1476 3884 genus,
1505 3812 1649 3884 quod
1695 3812 1918 3868 aliarum
1943 3821 2134 3884 putare

535 3907 836 3979 culparum.
858 3903 995 3961 Nam
1023 3920 1146 3960 cum
1171 3903 1306 3959 dicis
1343 3903 1540 3975 flagitia
1580 3912 1880 3974 temporum
1921 3911 2136 3959 secuto-

538 4013 658 4055 rum
685 3997 743 4054 itt
767 4005 1012 4053 naturam
1055 3995 1285 4052 transire
1317 4011 1426 4052 non
1463 4011 1646 4068 posse,
1667 3997 1814 4052 verbi
1852 3997 2045 4070 gratia,
2075 4005 2135 4055 ut

533 4090 607 4148 de
633 4088 962 4162 peculatore,
992 4087 1061 4145 de
1086 4086 1372 4160 parricida,
1395 4085 1466 4145 de
1489 4087 1698 4144 incesto
1722 4089 1826 4144 orti
1857 4089 1948 4145 filii
1969 4105 2134 4162 gene-

536 4191 746 4240 rantum
769 4181 1003 4254 peccatis
1033 4189 1321 4238 nascantur
1345 4179 1587 4248 obnoxii;
1616 4196 1714 4237 nec
1739 4181 1904 4238 ullum
1924 4182 2128 4238 crimen

533 4289 656 4331 esse
692 4271 836 4346 quod
881 4273 1176 4330 seminibus
1204 4273 1514 4340 misceatur,
1537 4281 1733 4344 prmtcr
1774 4271 1904 4329 illud
1941 4289 2127 4342 unum;

534 4363 874 4435 apertissime
896 4363 1159 4427 ostendis,
1175 4363 1321 4419 illam
1345 4362 1762 4420 inubedientiam
1793 4379 1899 4419 non
1928 4373 1979 4420 te
1997 4363 2133 4434 ejus.

541 4454 667 4512 dem
693 4454 908 4527 generis
931 4453 1202 4522 arbitrari,
1221 4453 1372 4525 cujus
1399 4454 1566 4511 etiam
1592 4462 1803 4510 czctera:
1831 4463 1975 4510 sunt.
1999 4454 2132 4511 Vide

535 4560 686 4617 ergo,
743 4543 1088 4616 interrogatio
1138 4551 1321 4600 nostra
1381 4553 1596 4615 quanta:
1633 4545 1702 4600 sit
1744 4543 2019 4601 brevitatis
2076 4554 2133 4602 et

533 4637 687 4694 fucis.
719 4635 778 4693 Si
815 4645 1115 4708 peccatum,
1143 4635 1286 4708 quod
1337 4635 1505 4692 Adam
1543 4637 1834 4706 commisit,
1857 4637 2130 4694 voluntate

533 4735 841 4798 susceptum
875 4735 982 4792 est,
1010 4735 1066 4784 et
1105 4727 1274 4798 potuit
1298 4725 1411 4784 fieri
1447 4727 1710 4794 naturale;
1736 4743 1834 4784 cur
1884 4743 1991 4784 non
2012 4727 2128 4784 haec

532 4835 654 4890 quae
691 4817 826 4875 dunt
863 4817 1099 4890 quotidie
1146 4827 1384 4888 peccata,
1415 4832 1536 4889 qua:
1567 4819 1815 4875 voluntas
1838 4819 2128 4877 criminosa

533 4909 839 4976 committit,
868 4909 920 4962 in
973 4907 1368 4964 deformitatem
1415 4917 1472 4964 et
1509 4909 1813 4980 prtejudicia
1860 4911 2126 4967 seminum

535 4997 931 5068 congeruntur?
955 4997 1108 5064 Quod
1135 4998 1178 5052 si
1215 4998 1314 5054 ista
1357 5013 1464 5053 non
1495 5000 1674 5054 minus
1719 5001 1942 5067 atrocia,
1963 5015 2125 5072 quam

536 5088 716 5157 plura,
772 5087 1074 5158 ingenerari
1128 5098 1419 5158 nequeunt;
1469 5103 1574 5158 qua
1627 5089 1764 5158 lege,
1787 5105 1891 5159 qua
1934 5091 2125 5147 condi-

533 5178 833 5248 tione,quo
867 5177 1150 5249 privilegio
1191 5176 1321 5234 illud
1356 5178 1530 5233 solum
1577 5179 1880 5235 vindicatur
1919 5180 2128 5253 ingeni-

537 5268 691 5325 tum!
713 5267 772 5325 Si
802 5266 963 5325 ullus
1003 5270 1216 5340 generis
1258 5279 1473 5341 peccata
1509 5278 1657 5335 sunt,
1701 5275 1828 5341 quae
1860 5271 2124 5340 novimus,

516 5375 658 5452 'qum
684 5358 771 5416 lex
799 5359 993 5452 arguit,
1022 5375 1142 5430 qua:
1163 5362 1385 5452 aquius
1407 5361 1586 5429 punit,
1609 5368 1664 5417 ct
1689 5360 1818 5452 illud
1841 5363 1996 5434 primi
2025 5363 2125 5420 bo-

501 5447 720 5572 inlinis,
731 5449 874 5522 quod
893 5448 1167 5558 voluntate
1185 5447 1864 5572 commissum'etmquitate
1883 5454 2124 5572 ﬁmi-tim:

537 5559 639 5614 est;
661 5563 759 5603 cur
781 5561 889 5602 non
913 5553 1008 5601 aut
1039 5545 1140 5601 ista
1170 5560 1234 5601 ex
1264 5545 1355 5600 illo
1395 5545 1755 5620 intelligimus,
1772 5557 1864 5605 aut
1891 5547 2020 5606 Illud
2056 5563 2123 5606 cx

537 5637 688 5697 istis?
712 5641 819 5695 Aut
841 5637 889 5694 si
914 5643 1100 5693 mutuo
1137 5635 1238 5691 sibi
1281 5637 1583 5694 fcstimOnio
1607 5653 1730 5697 esse
1755 5653 1861 5696 non
1879 5649 2121 5712 possunt,

535 5745 640 5800 qua
678 5727 1004 5801 impudentia
1041 5726 1338 5796 denegatur
1380 5726 1468 5784 illa
1505 5729 1872 5801 pravaricatio
1907 5729 2126 5789 ulterius

601 5856 617 5888 ⁸
656 5869 805 5915 Vetus
823 5865 979 5915 culex
1005 5869 1150 5923 Part,
1166 5860 1438 5924 judicabat.

1185 391 1435 452 OPERIS
1472 388 1884 448 NPERFECTI
1921 385 2126 443 LONTI

2236 383 2599 452 JL‘LIANUM,
2639 388 2699 445 8.
2742 385 3108 448 AUGUSTI?"

2230 251 2235 255 '
2273 245 2343 266 ἡ.

3676 387 3823 450 1848

2225 499 2552 558 conditionis
2594 502 2777 569 fuisse,
2811 502 2864 559 id
2893 512 2998 570 est,
3026 516 3131 559 non
3159 500 3228 558 de
3272 501 3566 572 voluntate,
3594 503 3692 562 scd
3717 506 3855 582 ιιι-ξ

2225 592 2382 649 turali
2417 593 2540 650 tabe
2563 595 2809 667 prolata?
2837 595 3136 660 Postremo,
3167 593 3307 651 aude
3356 609 3479 651 cum
3521 599 3826 655 assertione

2226 683 2462 744 traducis
2505 685 2732 743 definire
2778 686 3153 758 quodcumque
3203 694 3504 758 peccatum,
3544 702 3652 742 non
3695 687 3822 744 dico

2226 776 2356 833 illud
2387 777 2637 848 primum,
2665 778 2760 834 sed
2791 779 3002 835 interim
3031 779 3116 834 vel
3134 777 3204 834 de
3237 777 3322 834 bis
3351 793 3470 849 qua:
3495 794 3637 835 nunc
3661 779 3819 849 fiunt,

2227 869 2375 926 verbi
2399 871 2590 943 gratia,
2621 871 2981 944 sacrilegium,
3010 871 3289 944 flagitium,
3319 871 3403 928 vel
3426 871 3626 928 malum
3644 872 3824 944 quod-

2229 961 2369 1032 piam
2396 961 2622 1030 facinus;
2653 963 2708 1020 id
2734 972 2838 1032 est,
2860 963 2979 1020 hate
3002 972 3219 1037 peccata
3255 978 3416 1036 quam
3449 963 3823 1022 definitionem

2227 1053 2481 1123 habeant,
2499 1055 2786 1127 explicato.
2803 1056 2959 1113 Dices
2991 1056 3110 1112 sine
3134 1055 3319 1125 dubio,
3335 1055 3594 1112 Voluntas
3619 1066 3700 1113 est
3729 1072 3821 1128 ap-

2229 1159 2417 1220 petens
2445 1149 2588 1220 quod
2627 1149 2834 1222 justitia
2877 1159 3042 1219 vetat,
3065 1157 3121 1206 ct
3154 1149 3294 1206 unde
3316 1149 3538 1206 liberum
3570 1160 3668 1206 .est
3694 1151 3828 1205 abs-

2229 1239 2424 1297 tinere.
2456 1241 2595 1309 Quia
2643 1242 2691 1297 si
2724 1241 2971 1298 voluntas
3017 1243 3157 1297 mala
3184 1257 3292 1297 non
3346 1252 3510 1308 esset,
3544 1252 3829 1313 peccatum

2230 1347 2351 1390 esse
2376 1347 2485 1388 non
2528 1334 2764 1403 posset‘.
2793 1332 2875 1388 Ad
2898 1333 3000 1389 hoc
3027 1349 3186 1405 quam
3227 1333 3615 1390 rationabiliter
3638 1349 3829 1390 assur-

2229 1437 2420 1495 gamus
2465 1423 2705 1480 intende.
2727 1421 2774 1481 0
2804 1423 3203 1492 hebetudinem,
3227 1439 3261 1480 o
3287 1423 3671 1496 impudentiam
3713 1442 3827 1482 non

2229 1515 2524 1572 ferendam!
2549 1515 2746 1573 Deflnis
2774 1531 2884 1572 non
2922 1531 3045 1574 esse
3075 1526 3348 1588 peccatum
3375 1517 3476 1574 nisi
3496 1519 3826 1575 voluntatem

2231 1607 2477 1674 liberam,
2507 1608 2831 1679 etajustitia
2871 1608 3215 1680 prohibitam;
3241 1624 3363 1666 cum
3403 1611 3529 1666 mali
3569 1613 3830 1668 naturalis

2230 1700 2413 1772 opinio
2456 1702 2768 1774 prmscribat
2805 1717 2926 1760 esse
2964 1711 3261 1775 peccatum,
3289 1718 3409 1759 cum
3452 1720 3562 1776 quo
3590 1706 3835 1763 nascitur

2231 1793 2412 1861 homo,
2436 1809 2541 1850 non
2567 1795 2948 1852 voluntarium.
2978 1795 3095 1852 Non
3120 1805 3203 1853 est
3228 1812 3356 1869 ergo
3388 1813 3596 1865 verum,
3615 1799 3831 1870 culpam

2231 1899 2338 1940 non
2366 1899 2511 1952 esse,
2539 1885 2641 1941 nisi
2665 1902 2786 1957 qua:
2831 1897 3025 1958 sponte
3071 1889 3440 1954 committitur;
3469 1890 3590 1961 quia
3610 1899 3694 1946 est
3722 1891 3835 1947 cri-

2232 1990 2378 2045 men,
2407 1984 2463 2033 et
2504 1977 2819 2045 maximum,
2847 1979 2990 2051 quod
3037 1997 3146 2036 non
3177 1991 3388 2052 sponte,
3419 1981 3515 2039 sed
3559 1985 3832 2040 nascendo

2232 2067 2542 2140 suscipitur.
2574 2069 2810 2128 Remitte
2834 2072 2996 2144 igitur
3040 2071 3404 2130 definitionem
3449 2075 3673 2145 peccati,
3704 2093 3834 2148 qum

2231 2159 2521 2218 Catholicis
2568 2163 2738 2218 amica
2783 2163 2851 2219 ad
2893 2179 2989 2221 vos
3019 2180 3118 2221 nec
3155 2164 3368 2237 hospitii
3410 2165 3532 2237 jure
3569 2167 3833 2236 deflectit,

2231 2258 2393 2322 atque
2419 2266 2482 2307 ea
2527 2253 2965 2325 remissa,proba
3005 2263 3060 2310 te
3116 2271 3221 2310 non
3269 2271 3389 2312 esse
3427 2257 3638 2313 illorum
3681 2274 3834 2314 com-

2233 2343 2552 2413 militonem,
2574 2347 2663 2417 qui
2695 2345 2864 2418 ipsam
2909 2349 3263 2404 substantiam
3307 2347 3501 2404 invidia
3551 2352 3830 2421 pravitatis

2234 2444 2562 2508 oppugnant.
2586 2437 2652 2492 Et
2677 2446 2733 2492 ut
2760 2437 2902 2510 quod
2936 2439 3142 2511 egimus
3167 2440 3448 2512 colligatur
3475 2459 3490 2496 :
3511 2450 3602 2496 aut
3618 2444 3826 2498 nullum

2234 2525 2516 2583 docebitur
2557 2528 2934 2596 voluntarium,
2967 2530 3011 2584 si
3035 2537 3120 2586 est
3146 2530 3361 2602 aliquod
3413 2533 3653 2588 naturale
3701 2549 3832 2604 pec-

2234 2626 2432 2683 catum;
2463 2629 2555 2674 aut
2599 2621 2804 2676 nullum
2844 2621 2949 2678 erit
2976 2609 3237 2690 naturale,
3269 2624 3314 2679 si
3350 2639 3510 2681 omne
3547 2635 3829 2699 peccatum

2234 2709 2596 2766 voluntarium
2645 2711 2900 2768 definitur
2930 2729 2944 2767 :
2975 2713 3360 2786 conficiturque
3397 2730 3461 2772 cx
3502 2715 3605 2784 his,
3645 2720 3710 2772 'ut
3740 2727 3834 2773 aut

2235 2817 2400 2876 neges
2442 2803 2591 2860 nasci
2629 2819 2788 2875 posse
2833 2815 3134 2877 peccatum,
3154 2816 3210 2864 et
3236 2818 3476 2864 transeas
3505 2808 3558 2865 in
3589 2809 3836 2865 Catholi-

2237 2907 2421 2950 corum
2471 2894 2651 2961 fidem;
2681 2905 2774 2952 aut
2796 2897 2842 2952 si
2869 2898 3171 2968 perstiteris
3210 2915 3316 2955 non
3338 2900 3570 2973 aliquod,
3597 2903 3692 2958 sed
3719 2919 3835 2958 ma-

2237 2985 2434 3041 ximum
2483 2987 2686 3043 crimen
2726 2989 2844 3045 sine
2873 2989 3146 3048 voluntate
3186 2991 3386 3063 suscipi
3427 3008 3522 3064 per
3559 3005 3829 3062 naturam,

2237 3076 2435 3134 reddas
2476 3094 2673 3135 nomen
2728 3088 2878 3137 tuum
2921 3082 3082 3139 etiam
3143 3083 3473 3154 Manichaao,
3521 3087 3607 3143 cui
3662 3097 3833 3146 totum

2239 3177 2461 3240 praestas
2479 3170 2819 3243 obsequium.

2308 3259 2442 3317 Anc.
2468 3260 2710 3333 Magnam
2737 3263 2964 3320 te‘mihi
3006 3275 3158 3336 putas
3203 3265 3456 3324 invidiam
3485 3283 3830 3342 comparare,

2236 3363 2360 3407 cum
2410 3350 2561 3418 dicis,
2601 3353 2733 3410 nihil
2775 3369 2863 3411 me
2891 3369 2923 3411 a
2951 3370 3074 3412 meo
3113 3367 3448 3428 pmceptore
3485 3359 3700 3417 diderre
3733 3379 3749 3415 :
3778 3371 3836 3418 at

2236 3457 2337 3515 ego
2366 3443 2419 3499 in
2465 3443 2676 3501 laudem
2717 3462 2891 3504 meam
2918 3456 3008 3504 tua
3047 3463 3202 3505 sumo
3243 3451 3517 3518 convicia;
3550 3469 3648 3510 nec
3689 3456 3834 3526 quod

2236 3535 2458 3606 cogitas,
2487 3535 2583 3592 sed
2634 3537 2778 3608 quod
2817 3538 2997 3596 verbis
3047 3555 3228 3610 sonas,
3263 3558 3519 3598 revocans
3556 3544 3622 3600 ad
3669 3545 3830 3602 fidem

2237 3645 2434 3698 meam,
2462 3630 2600 3686 sicut
2633 3647 2720 3687 me
2755 3632 3055 3704 intelligere
3075 3643 3308 3706 oportet,
3339 3637 3597 3708 intelligo.
3629 3637 3832 3694 Verum

2236 3724 2380 3780 cnim
2405 3723 2559 3789 dicis,
2584 3733 2639 3780 et
2677 3725 2884 3794 nescis;
2917 3726 3055 3782 sicut
3089 3724 3323 3798 Caiphas
3359 3728 3596 3799 pontifex
3643 3745 3833 3801 persc-

2236 3823 2392 3870 cutor
2415 3814 2634 3884 Christi,
2668 3816 2870 3872 scelera
2904 3817 3190 3887 cogitabat,
3224 3827 3279 3874 et
3321 3819 3550 3875 salubria
3583 3821 3833 3877 nesciens

2235 3905 2398 3962 verba
2449 3904 2660 3962 dicebat
2705 3906 2884 3979 (Joan.
2909 3924 2984 3975 xi,
3012 3908 3228 3981 49-52).
3252 3910 3471 3967 Gaudeo
3510 3927 3749 3982 prorsus,
3778 3913 3831 3968 in

2237 3995 2337 4052 hac
2357 4011 2476 4068 qua:
2506 3997 2645 4052 inter
2669 4013 2766 4054 nos
2792 3999 3015 4055 vertitur
3047 4001 3364 4072 quaestione,
3383 4018 3469 4060 me
3494 4004 3623 4060 nilin
3651 4022 3680 4060 a
3707 4022 3833 4062 meo

2235 4097 2568 4161 praeceptore
2590 4089 2836 4158 differre;
2861 4092 3056 4163 primo,
3083 4093 3205 4166 quia
3231 4095 3344 4166 ipse
3365 4095 3618 4152 Dominus
3647 4098 3832 4156 docuit

2236 4195 2345 4248 me,
2376 4190 2616 4237 mortuos
2641 4196 2760 4237 esse
2806 4185 3078 4254 parvulos,
3113 4185 3216 4242 nisi
3272 4187 3387 4258 ipse
3441 4203 3536 4244 eos
3576 4189 3828 4258 viviiieet,

2234 4272 2324 4343 qui
2356 4287 2454 4342 pro
2495 4273 2743 4330 omnibus
2770 4285 3014 4332 mortuus
3043 4285 3126 4332 est
3159 4295 3172 4334 :
3202 4278 3344 4350 quod
3378 4295 3656 4351 exponens
3693 4283 3833 4354 Apo-

2235 4365 2403 4421 stolus
2424 4364 2573 4430 dicit,
2603 4364 2744 4438 Ergo
2770 4383 2944 4424 omnes
2982 4370 3170 4424 mortui
3209 4381 3348 4438 sum,
3371 4381 3419 4427 et
3464 4391 3556 4444 pro
3597 4376 3834 4434 omnibus

2234 4463 2462 4510 mortuus
2499 4464 2573 4511 est
2599 4455 2667 4528 (ll
2688 4455 2808 4514 Cor.
2836 4473 2886 4526 v,
2917 4459 3004 4528 I4,
3041 4460 3161 4528 15).
3192 4462 3258 4516 Et
3287 4471 3340 4517 tu
3366 4463 3708 4532 contradicis,
3728 4483 3830 4523 ue-

2233 4562 2368 4619 gans
2410 4548 2658 4620 parvulos
2709 4559 2973 4618 mortuos,
2996 4566 3066 4607 ne
3107 4552 3446 4610 viviﬁcentur
3490 4555 3542 4610 in
3587 4555 3827 4625 Christo,

2233 4655 2357 4696 cum
2400 4639 2617 4698 fatearis
2641 4652 2911 4698 mortuum
2951 4644 3112 4700 etiam
3145 4660 3241 4716 pro
3270 4648 3509 4717 partulis
3532 4647 3829 4706 Christum.

2233 4734 2347 4792 Iloc
2390 4752 2478 4793 me
2515 4735 2674 4793 docet
2694 4739 2854 4794 etiam
2901 4738 3139 4796 Joannes
3184 4743 3424 4797 omnium
3473 4742 3832 4816 Praeceptoris

2231 4827 2528 4898 apostolus,
2550 4831 2644 4930 qui
2670 4829 2819 4930 dicit,
2847 4830 2972 4930 Ideo
3009 4834 3222 4930 venisse
3264 4834 3453 4890 Filium
3482 4835 3598 4902 Dei,
3631 4837 3827 4930 utsnl.
3853 4854 3869 4930 ί

2233 4925 2320 4972 vat
2345 4933 2505 4988 opera
2532 4917 2726 4975 diaboli
2759 4919 2814 4995 (I
2839 4919 2996 4976 Joan.
3021 4939 3098 4989 III,
3128 4923 3192 4995 8)
3223 4943 3235 4979 :
3269 4941 3387 4996 qua:
3414 4941 3508 4981 vos
3539 4927 3748 4998 negatis
3777 4929 3830 4983 in

2231 5010 2469 5080 parvulis
2509 5011 2688 5078 solvi,
2719 5015 2871 5083 quasi
2917 5027 3134 5088 propter
3171 5018 3288 5073 illos
3318 5033 3422 5073 non
3456 5020 3702 5088 venerit,
3738 5023 3828 5091 qui

2232 5100 2352 5158 ideo
2380 5105 2524 5160 venit
2548 5115 2606 5159 ut
2634 5106 2804 5162 solvat
2837 5123 2998 5180 opera
3023 5099 3240 5165 diaboli.
3275 5111 3636 5182 Praeceptores
3664 5115 3827 5170 etiam
3851 5097 3868 5132 Τ

2231 5210 2380 5251 meos
2397 5213 2590 5269 negare
2617 5215 2722 5254 non
2750 5199 2939 5268 debeo,
2960 5203 3050 5272 qui
3081 5218 3167 5257 me
3195 5202 3262 5258 ad
3293 5205 3392 5260 hoc
3422 5204 3824 5276 intelligendum

2230 5297 2328 5341 suo
2353 5286 2613 5343 litterario
2638 5290 2819 5346 labore
2837 5291 3109 5361 juverunt.
3135 5292 3283 5350 Meus
3315 5306 3613 5366 praeceptor
3634 5297 3822 5368 cstCy-

2231 5375 2467 5446 prianus,
2508 5380 2600 5448 qui
2645 5379 2794 5452 dicit,
2851 5381 3110 5439 Infantem
3159 5383 3454 5440 secundum
3502 5385 3674 5441 Adam
3701 5401 3825 5440 car-

2229 5467 2420 5524 naliter
2445 5477 2648 5535 natum,
2677 5473 2979 5545 contagium
3017 5476 3207 5531 mortis
3240 5477 3473 5547 antiqua:
3498 5479 3667 5549 prima
3690 5481 3830 5534 nati-

2229 5559 2390 5615 vitatc
2416 5562 2977 5638 traxissc,etbocipso
2992 5567 3057 5622 ad
3085 5569 3454 5626 remissionem
3481 5581 3823 5642 peccatorum

2227 5651 2590 5721 accipiendam
2639 5655 2847 5714 facilius
2891 5658 3172 5730 accedere,
3212 5660 3354 5732 quod
3380 5662 3432 5718 ei
3473 5662 3821 5720 remittuntur

2237 5810 2637 5928 p()l“;"ignler.’-us,
2665 5820 2912 5878 peccatum
2934 5827 3028 5867 non
3047 5822 3185 5868 esset.
3205 5822 3334 5880 κει,
3345 5825 3596 5880 peccaturi
3611 5830 3714 5872 esse
3733 5841 3830 5878 non
