4150 6492
359 398 507 460 1549

363 528 470 570 non
492 511 725 585 propria,
747 511 843 570 sed
871 511 1042 570 aliena
1059 519 1274 584 peccata
1293 511 1490 586 (Epist.
1505 513 1600 589 64,
1633 511 1703 567 ad
1712 509 1946 589 Ρῖάιιι).

361 606 512 664 lens
527 616 613 662 est
627 615 925 677 praeceptor
943 603 1276 674 Ambrosius,
1285 604 1440 677 cujus
1459 619 1567 662 non
1586 603 1759 662 solum
1777 603 1945 664 libros

359 697 487 768 legi,
499 696 596 755 sed
615 696 779 754 verba
806 697 966 753 etiam
986 696 1254 770 loquentis
1265 695 1465 760 audivi.
1485 704 1542 752 et
1561 710 1656 767 per
1672 711 1798 754 eum
1812 696 1890 754 lav
1897 711 1956 750 a-

357 804 513 846 crum
544 789 966 859 regenerationis
1001 790 1204 862 accepi.
1231 789 1415 862 Longe
1439 803 1558 846 sum
1581 788 1798 861 quidem
1843 789 1950 845 im-

359 896 456 950 par
482 881 689 938 meritis
725 881 841 954 ejus
869 900 884 937 :
910 882 1005 940 sed
1033 882 1293 940 confiteor
1308 893 1362 940 et
1379 883 1637 955 profiteor
1659 897 1748 938 me
1772 883 1824 938 in
1849 881 1950 938 hac

357 987 519 1028 causa
546 973 678 1029 nihil
701 974 770 1030 ab
795 974 900 1030 hoc
932 989 1053 1031 meo
1082 983 1410 1046 praeceptore
1430 973 1669 1030 dill‘erre.
1691 973 1790 1030 Cui
1810 973 1951 1030 absit

357 1073 416 1119 ut
439 1065 640 1121 audeas
689 1066 942 1135 prmferre
985 1067 1254 1137 Pelagium
1301 1074 1686 1138 praeceptorem
1749 1074 1946 1120 tuum:

354 1170 515 1225 quem
548 1165 723 1211 tamen
752 1172 853 1228 ego
879 1166 1066 1213 contra
1099 1167 1150 1214 te
1173 1157 1241 1214 de
1267 1158 1554 1214 Ambrosio
1586 1167 1742 1212 teneo
1758 1165 1946 1212 testem

354 1265 558 1305 nreum.
583 1250 830 1322 Pelagius
878 1252 1019 1306 enim
1049 1251 1200 1318 dixit,
1230 1250 1373 1322 quod
1403 1250 1520 1322 ejus
1562 1249 1720 1308 [idem
1760 1258 1815 1306 et
1841 1264 1943 1320 pu-

353 1339 627 1396 rissimum
673 1342 725 1396 in
774 1342 1063 1412 Seripturis
1099 1355 1316 1398 sensum
1359 1357 1429 1398 ne
1453 1341 1701 1397 inimicus
1729 1340 1944 1411 quidem

350 1447 522 1488 ausrrs
543 1442 627 1488 est
649 1433 1046 1504 reprehendere
1077 1433 1366 1505 (Pelagius,
1394 1433 1458 1487 de
1484 1431 1665 1487 Libero
1701 1431 1942 1499 Arbitrio,

353 1522 447 1577 tib.
475 1523 555 1597 3).
583 1524 752 1594 Quem
780 1526 858 1581 sic
898 1536 952 1581 tu
981 1526 1146 1582 audes
1183 1526 1597 1598 reprehendere,
1630 1533 1688 1580 ut
1709 1526 1851 1597 quod
1872 1527 1948 1582 ait

348 1613 681 1671 discordiam
700 1617 878 1672 carnis
896 1632 994 1687 per
1019 1618 1508 1688 prrcvaricationem
1535 1618 1690 1688 primi
1713 1618 1946 1674 hominis
2003 1629 2018 1638 '

349 1705 409 1762 iu
438 1715 680 1762 nostram
701 1708 925 1764 vertisse
959 1717 1206 1764 naturam
1239 1708 1376 1780 (Lib.
1403 1709 1436 1763 7
1455 1709 1508 1764 in
1535 1707 1661 1763 Luc.
1686 1725 1784 1776 ιιι,
1809 1709 1882 1765 53
1901 1708 1942 1780 ),

345 1807 405 1854 et
431 1797 690 1869 quidquid
720 1799 863 1855 aliud
890 1799 958 1857 de
979 1800 1156 1856 vitiata
1186 1816 1282 1871 per
1305 1801 1477 1858 Adam
1500 1810 1686 1856 natura
1713 1800 1944 1857 humana

345 1891 524 1947 sensit
555 1899 611 1946 et
641 1891 1089 1956 dixit,Manich:ei
1134 1892 1366 1950 afﬁrmes
1405 1908 1526 1949 esse
1560 1903 1942 1950 commentum.

345 1983 496 2040 Sane
526 1983 886 2039 testimonium
937 1985 1281 2055 prmceptoris
1327 1985 1400 2041 tui
1427 1985 1480 2040 in
1513 1985 1615 2040 hoc
1648 1993 1794 2042 tanto
1828 1985 1944 2041 viro

343 2092 416 2132 ex
482 2083 634 2147 parte
684 2075 956 2142 custodis,
1009 2075 1153 2148 quod
1210 2091 1332 2132 eum
1395 2091 1500 2131 non
1558 2075 1725 2132 audes
1761 2084 1944 2147 aperte

345 2165 752 2238 reprehendere
789 2183 802 2220 :
836 2166 930 2222 sed
972 2182 1094 2224 cum
1135 2167 1263 2222 nrilri
1313 2166 1626 2222 nominatim
1673 2166 1942 2222 convicia-

345 2260 426 2316 ris
473 2260 648 2331 lingrra
686 2259 948 2315 maledica
985 2268 1040 2317 et
1086 2259 1258 2316 fronte
1294 2269 1570 2330 proterva,
1615 2259 1853 2330 profecto
1889 2267 1944 2314 et

345 2351 501 2406 illunr
533 2361 588 2407 et
623 2351 777 2415 alios,
807 2350 898 2421 qui
942 2349 1128 2406 eadem
1170 2360 1455 2406 senserunt
1482 2359 1642 2421 atque
1670 2349 1939 2416 dixerunt,

345 2442 610 2499 Ecclesia:
636 2442 914 2499 catholico
949 2457 1170 2513 magnos
1212 2443 1492 2513 clarosqrre
1525 2442 1772 2497 doctores
1795 2449 1942 2496 tanto

344 2535 595 2604 neqrrius,
612 2545 810 2606 quanto
825 2535 1090 2604 ohliquirrs
1105 2534 1426 2590 criminaris.
1443 2534 1554 2605 Ego
1570 2534 1747 2605 itaque
1762 2533 1944 2590 adver-

342 2643 441 2684 sus
469 2636 520 2683 te
547 2638 600 2684 et
622 2643 796 2684 meam
822 2627 1049 2684 defendo
1075 2637 1130 2684 et
1155 2627 1365 2683 illorum
1394 2625 1574 2694 (idem,
1602 2641 1738 2697 quos
1767 2625 1940 2697 palam

345 2719 512 2774 times
559 2718 764 2775 habere
808 2719 1073 2787 inimicos,
1119 2728 1173 2774 et
1204 2719 1435 2774 invitus‘
1479 2718 1676 2788 pateris
1711 2717 1938 2788 judices.

343 2809 506 2866 Absit
533 2818 710 2866 autem
741 2820 797 2865 ut
819 2811 960 2880 apud
991 2811 1127 2866 tales
1159 2811 1370 2880 jrrdices
1395 2811 1606 2866 valeant
1629 2809 1828 2881 aliqrrid
1848 2826 1938 2866 ar-

342 2901 783 2972 gumentationes
831 2910 958 2966 tua},
1004 2901 1058 2956 in
1097 2901 1292 2971 quibus
1331 2911 1550 2971 peccato
1594 2900 1666 2955 illi
1709 2916 1936 2971 magno,

342 2991 458 3047 hoc
484 3001 588 3058 est,
631 2991 1050 3061 prtevaricationi
1091 2990 1248 3062 primi
1280 2989 1532 3057 hominis,
1563 2999 1779 3060 peccata
1813 3006 1941 3046 eon-

336 3086 685 3157 sequentium
715 3095 1012 3156 temporum
1036 3097 1337 3154 comparas,
1369 3091 1424 3138 et
1451 3092 1607 3154 prrtas
1649 3084 1694 3138 si
1733 3084 1940 3141 scelere

339 3176 508 3247 primi
541 3175 771 3231 hominis
811 3185 997 3232 natura
1027 3175 1238 3246 generis
1287 3175 1504 3230 humani
1545 3183 1748 3230 mutata
1793 3177 1935 3243 est”,

341 3269 510 3323 etiam
537 3282 679 3322 nunc
710 3275 992 3337 parentum
1029 3266 1234 3322 scelera
1265 3275 1506 3321 naturam
1546 3265 1794 3321 debuisse
1823 3282 1938 3321 mu-

344 3367 464 3414 tare
483 3357 737 3412 filiorum.
773 3359 898 3414 llrrc
924 3358 1066 3413 enim
1095 3357 1282 3414 dicens
1309 3371 1415 3412 non
1441 3357 1666 3428 respicis
1693 3366 1936 3428 peceato-

343 3465 433 3505 res
458 3449 603 3516 illos,
633 3457 979 3518 posteaquam
1007 3459 1282 3519 peccatum
1310 3447 1440 3504 illud
1462 3448 1662 3519 grande
1679 3449 1935 3516 fecerunt,

341 3549 400 3596 et
443 3540 514 3595 de
565 3538 810 3610 paradiso
849 3553 972 3596 esse
1019 3539 1288 3605 dimissos,
1320 3551 1374 3595 et
1414 3556 1444 3594 a
1473 3540 1616 3611 ligno
1640 3541 1762 3596 vita:
1794 3548 1937 3594 tanta

253 3677 256 3680 .
337 3629 635 3687 severitate
673 3628 989 3700 prohibitos.
1037 3628 1304 3700 Numquid
1342 3629 1588 3686 scelerati
1633 3639 1935 3700 temporum

341 3722 570 3778 istorrrm
597 3722 648 3774 in
677 3720 880 3791 aliquas
902 3719 1182 3776 inferiores
1200 3732 1368 3776 terras
1389 3719 1820 3792 projiciunturde
1835 3720 1938 3778 hoc

341 3815 478 3871 orbe
503 3823 788 3879 terrarum,
816 3827 938 3867 cum
960 3811 1048 3868 hic
1071 3811 1182 3883 ipsa
1201 3812 1403 3868 scelera
1432 3812 1726 3884 quamlibet
1746 3827 1934 3883 magna

339 3906 756 3962 commiserint?
780 3903 1050 3976 Numquid
1075 3920 1103 3958 a
1138 3905 1280 3975 ligno
1305 3905 1446 3970 vitae,
1477 3903 1620 3975 quod
1643 3905 1694 3958 in
1717 3902 1817 3959 hac
1836 3903 1938 3959 mi-

339 3999 483 4052 seria
525 3997 727 4052 nulltrrn
759 4005 860 4063 est,
899 3995 1292 4064 prohibentur?
1327 3995 1431 4051 Sed
1461 3995 1698 4065 persistit
1723 3996 1934 4066 generis

342 4086 564 4142 humani
593 4087 740 4142 locus
759 4097 813 4141 et
839 4086 968 4154 vita,
999 4086 1050 4141 iu
1083 4085 1274 4156 quibus
1296 4094 1348 4140 et
1371 4085 1615 4141 homines
1635 4085 1932 4155 irnpiissirni

343 4179 570 4234 vivunt:
603 4194 726 4234 cum
771 4177 1046 4234 videamus
1091 4178 1302 4232 illorum
1351 4178 1635 4249 impiorum
1667 4178 1842 4233 locum
1879 4186 1934 4234 et

341 4272 530 4337 vitam,
577 4273 715 4327 sicut
743 4280 860 4327 erat
891 4281 1014 4328 ante
1043 4281 1336 4343 peccatum,
1366 4280 1486 4342 post
1510 4281 1784 4343 peccatrrm
1826 4287 1930 4327 non

341 4362 580 4432 potuisse
595 4364 909 4419 consistere.
942 4363 1250 4420 Debuerunt
1274 4373 1477 4431 autem,
1503 4365 1794 4420 secundum
1809 4365 1930 4434 opi-

341 4453 560 4507 nionem
581 4464 830 4519 vestram,
861 4456 1066 4524 parvuli
1096 4456 1242 4510 nullo
1262 4466 1409 4511 reatu
1439 4455 1674 4526 obligati,
1722 4473 1846 4511 mox
1875 4466 1931 4513 ut

339 4552 654 4610 nascuntur,
678 4549 931 4615 tauquam
953 4545 1298 4602 innocentes‘|
1320 4547 1577 4616 imagines
1598 4548 1690 4602 Dei
1708 4549 1929 4618 perferri

336 4635 410 4692 ab
431 4635 651 4707 Angelis
683 4637 735 4690 in
782 4636 1086 4714 paradisum
1120 4637 1234 4702 Dei,
1258 4647 1313 4692 et
1339 4638 1443 4692 illic
1466 4640 1582 4694 sine
1609 4639 1718 4694 ullo
1747 4641 1931 4698 labore

336 4734 395 4784 et
413 4726 599 4782 dolore
619 4726 828 4792 nutriri,
853 4735 910 4782 ut
935 4728 979 4783 si
1007 4729 1124 4798 quis
1145 4743 1329 4783 eorum
1357 4737 1650 4798 peccasset,
1675 4731 1787 4800 ipse
1807 4731 1930 4786 inde

338 4819 535 4874 merito
555 4820 923 4890 projicerelur,
955 4835 1023 4874 ne
1047 4829 1354 4875 crescerent
1372 4819 1666 4876 imitatione
1690 4832 1924 4890 peccata.

336 4908 493 4966 Nune
513 4925 642 4966 vero
668 4925 790 4965 cum
808 4909 955 4966 solus
982 4910 1208 4966 audierit
1227 4911 1314 4982 qui
1347 4911 1398 4966 in
1427 4911 1655 4981 paradisi
1680 4912 1928 4969 felicitate

322 5003 604 5073 peccavit,
638 5003 831 5074 Spinas
855 5013 902 5059 et
932 5003 1140 5059 tribulos
1164 5013 1299 5058 terra
1322 5004 1484 5075 pariet
1510 5003 1615 5068 tibi,
1659 5003 1927 5060 maledicta

336 5095 392 5148 in
417 5095 651 5150 erunibus
692 5095 926 5166 operibus
971 5097 1178 5161 tuis;et
1221 5096 1274 5149 irt
1305 5096 1487 5150 sudore
1507 5096 1672 5150 vultus
1698 5097 1772 5150 tui
1812 5097 1927 5152 edes

339 5201 524 5256 panem
547 5195 690 5240 tuum
721 5202 740 5241 :
760 5187 961 5242 nullum
987 5188 1258 5242 hominum
1285 5185 1525 5242 videmus
1544 5202 1572 5240 a
1598 5203 1752 5257 paena
1773 5187 1925 5244 labo-

338 5277 415 5333 ris
435 5278 706 5345 alienum;
736 5281 826 5350 qui
867 5280 1049 5350 utique
1078 5281 1228 5336 labor
1254 5281 1438 5337 beatos
1467 5280 1790 5336 habitatores
1833 5296 1926 5351 pa-

339 5370 502 5427 radisi
529 5387 635 5428 non
665 5381 779 5427 erat
805 5383 1140 5443 gravaturus.
1185 5372 1253 5428 Et
1279 5388 1402 5429 cum
1430 5374 1544 5428 sola
1583 5373 1776 5429 mulier
1809 5373 1928 5444 ejus

337 5461 601 5528 audierit,
658 5461 724 5516 In
750 5463 954 5518 tristitia
984 5465 1150 5532 paries
1191 5465 1320 5520 filios
1367 5463 1518 5536 (Gen.
1564 5481 1640 5531 ιιι,
1695 5465 1922 5534 lli-l9);

337 5554 536 5609 nullam
565 5555 879 5626 parierrtium
900 5555 969 5610 ab
989 5555 1090 5610 hoc
1116 5556 1375 5628 supplicio
1395 5558 1594 5613 scimus
1611 5561 1921 5614 immunem.

339 5639 604 5716 Numquid
646 5659 774 5718 ergo
818 5646 889 5701 ita
925 5646 1055 5700 estis
1101 5645 1342 5708 absurdi,
1379 5656 1550 5703 utaut
1597 5649 1647 5703 in
1675 5649 1922 5721 paradiso

403 5755 423 5822 ξ
456 5757 594 5818 liditi,
615 5757 834 5822 invictus.
860 5759 1159 5822 Castigantur
1179 5771 1244 5808 ex
1269 5765 1376 5808 stas.

401 5816 427 5878 ξ
459 5816 610 5870 vetus
627 5821 786 5871 codex
814 5827 945 5878 Itan,
975 5816 1242 5871 nitidam.

401 5875 426 5910 ³
455 5880 540 5934 ttie
557 5883 844 5936 auctoritate
865 5875 971 5933 Mss.
997 5880 1230 5942 addimus,
1248 5879 1536 5935 immeritos.

1754 397 1961 460 LIBER
2001 385 2271 450 SEXTUS

3519 419 3654 475 1550

2056 533 2374 594 αἰβιίωοιίς
2403 534 2645 595 homines
2669 538 2801 597 istas
2821 555 3090 601 arumnas
3117 543 3285 604 fuisse
3316 562 3567 620 passuros
3593 557 3638 610 si

2055 638 2220 683 non!)
2269 637 2567 698 peccasset,
2613 645 2747 701 quas
2783 631 3277 692 manifestissimum
3327 649 3429 706 est,
3476 641 3644 699 Deum

2053 713 2268 772 nonnisi
2292 719 2790 787 pravaricatoribus
2813 721 2918 778 illis
2946 731 3072 780 tunc
3098 723 3406 784 hominibus
3431 731 3646 788 intulis-

2052 817 2141 871 se;
2162 815 2256 862 aut
2272 822 2416 864 nunc
2435 823 2533 866 eas
2549 811 2755 882 negetis
2778 825 2966 869 eorum
2983 823 3230 886 posteros
3254 822 3457 891 perpeti
3487 837 3646 893 para-

2051 893 2154 952 disi
2184 897 2420 966 exsules,
2449 907 2503 956 et
2531 901 2728 972 ubique
2753 912 3015 960 terrarum
3043 913 3121 961 tot
3141 915 3196 961 et
3212 916 3388 964 tantas
3405 914 3647 969 miserias

2052 989 2422 1061 perferentes;
2465 1002 2559 1049 aut
2586 993 2779 1051 dicturi
2808 997 2959 1063 estis,
2987 1007 3188 1069 quanto
3216 1001 3384 1074 magis
3420 1005 3647 1075 quisque

2050 1089 2134 1138 est
2157 1090 2414 1155 peccator
2436 1093 2492 1140 et
2517 1084 2736 1154 impius,
2767 1095 2916 1143 tanto
2937 1089 3108 1160 magis
3127 1090 3244 1162 ejus
3272 1107 3431 1164 agros
3455 1109 3645 1164 parere

2050 1174 2233 1243 spinas
2259 1184 2314 1229 et
2342 1174 2586 1244 tribulos,
2616 1183 2672 1232 et
2698 1185 2847 1233 tanto
2873 1181 3043 1251 magis
3068 1197 3192 1236 eum
3220 1183 3415 1240 sudare
3447 1185 3642 1242 labori-

2051 1265 2182 1329 bus;
2209 1274 2266 1322 et
2285 1275 2485 1338 quanto
2503 1279 2586 1324 est
2610 1284 2835 1340 quzeque
2856 1273 3048 1329 mulier
3075 1274 3326 1346 iniquior,
3355 1286 3502 1334 tanto
3522 1294 3642 1336 eam

2050 1356 2349 1426 parientem
2378 1357 2598 1414 dolores
2625 1364 2826 1430 perpeti
2852 1363 3164 1432 graviores?
3201 1366 3352 1422 Sicut
3370 1384 3498 1440 ergo
3525 1386 3641 1441 pm-

2050 1461 2133 1501 na‘.
2166 1446 2519 1504 hrrmanarunr
2545 1450 2906 1521 miseriarum,
2932 1469 3067 1526 quas
3091 1459 3450 1515 communiter
3469 1461 3645 1531 perfe-

2049 1545 2177 1592 runt
2202 1537 2297 1593 lilii
2319 1538 2488 1594 Adam
2517 1556 2547 1594 a
2572 1539 2662 1598 die
2689 1543 2866 1600 exitus
2891 1543 2963 1601 de
3008 1556 3196 1602 ventre
3221 1549 3408 1604 matris
3430 1564 3640 1618 eorum,

2049 1627 2170 1684 ideo
2191 1637 2316 1685 sunt
2335 1631 2592 1700 omnium,
2624 1633 2748 1704 quia
2769 1644 3018 1705 parentes
3044 1651 3360 1696 communes
3383 1649 3506 1698 sunt
3525 1657 3641 1698 om-

2048 1724 2217 1790 nirrm,
2248 1726 2318 1783 de
2339 1742 2569 1799 quorum
2615 1731 3052 1801 pmvaricatione
3090 1733 3192 1790 ista
3232 1746 3538 1793 venerunt:
3570 1739 3638 1792 ita

2048 1815 2284 1889 ipsorum
2315 1819 2544 1877 duorum
2567 1814 2934 1894 praevaricatio
2959 1834 3065 1880 tam
3093 1842 3341 1899 magnum
3362 1837 3638 1901 peccatum

2047 1908 2210 1966 debet
2248 1911 2492 1984 intelligi,
2521 1923 2579 1969 ut
2603 1923 2788 1987 posset
2813 1916 3053 1971 omnium
3097 1933 3163 1973 ex
3192 1919 3307 1974 viro
3335 1928 3390 1975 et
3413 1921 3639 1977 muliere

2048 2001 2383 2057 nascentium
2413 2003 2464 2057 in
2494 2002 2731 2060 deterius
2757 2013 2964 2062 mutare
2991 2016 3253 2074 naturam,
3285 2020 3340 2066 et
3363 2015 3635 2068 eommrrrri

2047 2099 2198 2146 reatu
2227 2100 2478 2165 tanquam
2520 2093 2850 2152 hazreditarii
2892 2096 3056 2154 debiti
3096 2099 3335 2171 obligare
3359 2100 3637 2174 chirogra-

2047 2180 2232 2252 phum.
2263 2181 2515 2256 Quisquis
2556 2200 2685 2257 crgo
2735 2186 2865 2242 dicit
2912 2189 3069 2244 talem
3110 2191 3471 2247 eouditiorrcm
3497 2209 3638 2266 quo-

2047 2275 2296 2332 rumlibet
2335 2276 2650 2334 delictorum
2671 2321 2687 2346 ,
2716 2295 2836 2350 quae
2869 2296 3010 2337 nrruc
3049 2284 3481 2353 committuntur,
3516 2301 3637 2342 ess~

2045 2365 2316 2433 debuisse,
2368 2368 2540 2438 qualis
2585 2368 2682 2424 fuit
2722 2370 2960 2426 conditio
2995 2371 3178 2427 delicti
3221 2373 3383 2442 illius,
3410 2376 3552 2446 quod
3581 2377 3633 2431 iu

2047 2457 2187 2514 illius
2213 2459 2336 2514 vita:
2365 2468 2510 2514 tanta
2536 2460 2808 2530 lelicitate,
2831 2471 2886 2518 et
2910 2472 3055 2518 Lauta
3086 2479 3192 2520 non
3223 2467 3479 2535 peccandi
3505 2467 3635 2524 faci-

2045 2549 2194 2607 litate
2220 2552 2568 2607 commissum
2608 2561 2727 2619 est;
2768 2555 2929 2609 etiam
2972 2555 3116 2626 ipsas
3141 2555 3276 2612 duas
3309 2558 3444 2614 vitas
3481 2559 3638 2616 debet

2044 2657 2279 2713 requare,
2311 2658 2430 2699 eam
2457 2645 2663 2700 scilicet
2691 2660 2810 2716 qua:
2835 2661 2978 2701 nunc
3001 2647 3197 2719 agitur,
3217 2658 3274 2705 et
3296 2664 3414 2704 eam
3435 2667 3555 2723 qua:
3585 2653 3634 2706 in

2046 2733 2153 2788 illis
2175 2733 2376 2789 sanctis
2417 2744 2474 2789 et
2509 2733 2684 2808 beatis
2707 2735 2916 2792 deliciis
2941 2737 3215 2808 agebatur.
3244 2739 3398 2809 Quod
3426 2740 3472 2796 si
3516 2757 3638 2798 esse

2043 2825 2446 2882 stolidissimum
2490 2829 2697 2894 cernis;
2747 2829 2934 2887 desine
2961 2831 3031 2887 de
3077 2834 3313 2903 peccatis
3352 2839 3635 2905 prasentis

2043 2917 2224 2974 sareuli
2250 2918 2386 2974 velle
2412 2921 2780 2989 prmscrihere,
2811 2937 2882 2978 ne
2907 2921 3038 2978 illud
3067 2939 3318 2996 magnum
3349 2938 3627 2998 peccaturrr

2045 3007 2240 3064 habeat
2265 3023 2418 3064 suam
2442 3010 2551 3066 vim
2577 3019 2633 3066 et
2653 3027 2808 3066 suum
2841 3011 3090 3068 meritum
3113 3014 3402 3086 singulare.
3443 3017 3631 3087 Quan-

2041 3113 2200 3170 quam
2227 3109 2283 3156 et
2305 3101 2359 3156 in
2385 3100 2487 3157 hac
2505 3103 2611 3157 vita
2626 3103 2966 3174 omnipotens
2991 3112 3046 3160 et
3058 3103 3237 3176 jrrstus
3257 3108 3345 3164 ille
3367 3109 3456 3179 qui
3479 3110 3630 3179 dicit,

2043 3191 2275 3248 Reddam
2303 3204 2508 3265 peccata
2532 3203 2734 3266 patrum
2757 3195 2810 3249 in
2832 3196 2966 3265 ﬁlios
2985 3195 3184 3269 (Exod.
3214 3214 3304 3263 xx,
3332 3199 3414 3272 5),
3442 3217 3634 3276 parcn-

2041 3295 2156 3342 tum
2210 3295 2362 3343 reatu
2414 3288 2575 3344 etiam
2633 3297 2878 3358 posteros
2931 3288 3129 3345 irretiri
3178 3291 3310 3346 satis
3356 3293 3632 3350 evidenter

2040 3378 2298 3445 ostendit,
2329 3385 2384 3434 et
2411 3380 2656 3449 quamvis
2696 3379 2906 3435 mitiore
2927 3395 3090 3449 nexu,
3136 3387 3313 3439 tamen
3353 3382 3632 3440 haeredita-

2040 3469 2152 3527 rios
2179 3469 2452 3525 debitores
2481 3469 2616 3537 ﬁeri,
2645 3471 2746 3525 nisi
2771 3485 2886 3537 eos,
2909 3470 3046 3526 sicut
3059 3471 3171 3542 jam
3189 3472 3242 3527 in
3267 3475 3630 3545 superioribus

2042 3559 2200 3629 hujus
2227 3560 2408 3630 operis
2438 3559 2681 3631 partibus
2708 3559 3119 3630 disputavimus,
3165 3577 3196 3616 a
3225 3562 3440 3619 vinculo
3486 3566 3628 3621 illirrs

2040 3649 2330 3722 proverbii,
2350 3649 2492 3721 quod
2511 3649 2616 3705 dici
2646 3649 2803 3716 solet,
2839 3649 3017 3705 Patres
3037 3651 3464 3708 nranducaoerunt
3481 3670 3628 3709 uvam

2039 3741 2293 3807 acerbam,
2324 3749 2371 3795 et
2389 3739 2563 3796 dentes
2588 3739 2814 3811 ﬁliorum
2839 3741 3206 3812 obstupuerunt
3236 3743 3451 3818 (larem.
3476 3762 3624 3814 χχιιι,

2039 3831 2157 3905 29),
2188 3847 2295 3888 non
2317 3841 2556 3888 vestrunr
2576 3841 2972 3904 argumentum,
2990 3833 3086 3888 sed
3107 3849 3303 3890 novum
3325 3835 3630 3893 Testamen-

2040 3935 2173 3995 tum,
2201 3941 2303 3984 nec
2324 3928 2684 4000 generationis
2711 3937 2919 3994 natura,
2950 3927 3044 3983 sed
3071 3928 3241 3999 gratia
3269 3930 3629 4000 regeneratio-

2039 4020 2126 4076 nis
2151 4020 2418 4076 absolvat.
2451 4019 2702 4076 Definitio
2729 4035 2858 4076 vero
2883 4020 2971 4074 illa
3005 4022 3234 4092 peccati,
3264 4021 3354 4078 ubi
3385 4022 3630 4095 intelligi-

2039 4120 2127 4168 tur
2169 4112 2420 4170 vuluntas
2472 4122 2732 4184 appetens
2768 4113 2914 4184 quod
2952 4113 3156 4185 justitia
3198 4124 3362 4183 vetat,
3397 4125 3453 4172 et
3485 4118 3630 4173 unde

2037 4201 2269 4259 liberum
2308 4211 2394 4259 est
2432 4203 2728 4271 abstinere,
2780 4203 2922 4260 illius
2975 4205 3183 4274 peccati
3225 4205 3466 4261 deﬁnitio
3516 4217 3621 4275 est,

2037 4293 2182 4366 quod
2201 4294 2570 4349 tantummodo
2598 4303 2875 4366 peccatum
2897 4304 2999 4362 est,
3024 4309 3133 4350 non
3155 4295 3298 4366 quod
3320 4296 3482 4352 etiam
3512 4312 3628 4368 poe-

2037 4403 2104 4443 na
2143 4387 2348 4458 peccati
2385 4404 2400 4442 :
2441 4386 2586 4459 quod
2643 4387 2827 4443 nescio
2876 4388 3086 4458 quoties
3120 4387 3216 4444 tibi
3257 4388 3369 4460 jam
3415 4389 3484 4445 ad
3523 4391 3625 4446 ista

2035 4494 2357 4552 responsum
2398 4490 2503 4536 est.
2533 4480 2634 4550 Qui
2665 4481 2809 4535 enim
2851 4480 3003 4548 dicit,
3030 4479 3152 4536 Non
3173 4480 3310 4550 quod
3346 4482 3480 4549 volo,
3530 4483 3623 4537 bo-

2037 4588 2160 4626 num
2188 4573 2360 4645 facio;
2387 4571 2478 4626 sed
2505 4571 2642 4643 quod
2680 4570 2802 4627 nolo
2827 4573 3040 4639 malum,
3069 4572 3166 4628 hoc
3197 4589 3294 4644 ago
3321 4571 3499 4644 (Rom.
3527 4589 3621 4638 vn,

2037 4661 2127 4732 15)
2155 4679 2170 4726 ;
2203 4677 2309 4717 non
2339 4660 2417 4716 illi
2443 4660 2514 4715 ab
2557 4662 2657 4716 hoc
2683 4663 2826 4716 malo
2861 4661 3086 4717 liberum
3126 4670 3211 4717 est
3253 4662 3542 4729 abstinere,
3571 4675 3623 4719 et

2033 4749 2157 4805 ideo
2183 4751 2394 4805 invocat
2418 4749 2779 4816 liberatorem,
2805 4751 2928 4820 quia
2958 4750 3186 4820 perdidit
3208 4750 3528 4806 libertateru.

2107 4843 2272 4898 XXII.
2297 4843 2418 4899 ιω..
2443 4843 2939 4914 Tempusadmonct
2957 4857 3013 4900 ut
3037 4845 3103 4901 ad
3119 4846 3224 4903 alia
3245 4857 3580 4905 transeamus
3606 4872 3620 4906 :

2033 4934 2130 4990 sed
2161 4935 2214 4990 in
2243 4934 2432 4989 eodem
2457 4935 2574 4988 loco
2602 4943 2806 4991 restare
2848 4935 3048 5008 aliquid
3075 4936 3440 5008 indignatione
3465 4956 3620 4997 com-

2035 5026 2223 5096 pellor.
2249 5025 2401 5082 Tune
2427 5025 2624 5081 audeas
2648 5026 2828 5083 dicere
2851 5027 3020 5084 Adam
3044 5029 3315 5085 voluntate
3333 5037 3626 5104 peccasse?

2033 5118 2188 5174 Unde
2215 5118 2311 5173 tibi
2339 5119 2486 5174 venit
2510 5117 2614 5175 hoc
2639 5121 2946 5176 somnium?
2972 5122 3106 5190 Quia
3133 5122 3388 5192 iniquum,
3421 5125 3621 5198 inquis,

2031 5219 2169 5278 erat,
2200 5218 2260 5266 ut
2305 5210 2593 5281 imputaret
2635 5211 2690 5266 in
2748 5222 3023 5282 peceatum
3082 5213 3242 5281 Deus,
3294 5217 3394 5272 nisi
3439 5232 3470 5273 a
3515 5235 3623 5290 quo

2031 5303 2305 5359 abstinere
2339 5303 2565 5359 liberum
2595 5313 2800 5359 nosset.
2828 5303 2964 5371 Quid
2983 5305 3154 5376 ergo?
3198 5304 3336 5363 hanc
3358 5307 3620 5378 justitiam

2031 5394 2121 5450 ille
2147 5395 2395 5466 princeps
2423 5395 2760 5451 tenebrarum
2786 5411 2946 5468 quem
2966 5395 3162 5466 colitis,
3191 5399 3260 5453 ad
3287 5411 3620 5459 momentum

2031 5487 2082 5542 ei
2132 5486 2459 5552 crediderat,
2504 5497 2561 5543 et
2611 5502 2730 5543 eam
2786 5488 3098 5560 propediem
3148 5504 3441 5562 reposcens
3482 5493 3621 5550 hunc

2033 5580 2201 5636 Deum
2228 5580 2374 5635 omni
2417 5579 2669 5648 aequitate
2710 5579 2978 5649 destituit,
3009 5588 3067 5638 ut
3085 5581 3179 5654 qui
3206 5583 3547 5640 intellexerat
3587 5600 3617 5639 a

2032 5670 2330 5743 primordio
2356 5684 2464 5725 non
2513 5685 2632 5727 esse
2678 5670 3051 5742 imputandum
3099 5671 3152 5727 in
3185 5683 3483 5742 peccatum,
3515 5673 3614 5729 nisi

2031 5762 2174 5818 mrde
2213 5763 2439 5819 liberum
2486 5759 2660 5819 fuerat
2700 5763 2992 5830 abstinere,
3015 5777 3113 5834 per
3153 5777 3316 5818 omne
3352 5764 3616 5834 reliqrrum

2033 5864 2139 5911 rem
2146 5867 2243 5926 pus
2257 5867 2288 5910 a
2302 5853 2509 5911 cunctis
2529 5853 2869 5911 nascentibus
2884 5854 3088 5911 noverit
3103 5853 3370 5910 abstinere
3391 5853 3615 5910 liberum
