4150 6482
525 384 650 440 1551

515 513 624 554 non
656 495 862 553 fuisse?
895 496 1195 565 Postremo,
1222 496 1363 553 unde
1390 504 1451 552 tu
1475 492 1620 551 nosti
1641 490 1767 547 illud
1796 497 2114 545 tantummo-

514 592 587 645 do
613 589 815 658 justum
840 588 1022 651 fuisse,
1053 596 1109 643 ut
1139 587 1192 642 in
1213 588 1384 643 Adam
1408 585 1511 642 nisi
1532 581 1891 640 voluntarium
1911 578 2117 635 crimen

522 694 628 737 non
660 680 833 750 possit
855 679 1077 746 ulcisci;
1120 680 1165 735 si
1199 679 1454 750 injustam
1482 691 1602 732 esse
1625 690 1730 729 non
1757 673 1918 738 nosti,
1944 672 2117 741 impu-

516 787 626 827 tari
654 772 902 842 cuiquam
935 772 989 825 in
1017 771 1246 835 crimen,
1273 769 1417 842 quod
1453 767 1672 824 fatearis
1701 766 1818 822 sine
1843 764 2118 819 voluntate

523 864 876 935 susceptum?
901 866 1009 919 Aut
1050 879 1178 934 ergo
1204 864 1511 934 opinionem
1537 860 1770 916 traducis
1789 858 1986 929 justam
2019 872 2117 926 pu-

525 956 684 1021 tabis,
714 965 773 1011 ut
798 957 891 1011 Dei
918 958 1083 1026 possit
1110 957 1395 1012 convenire
1425 953 1725 1017 sentcntiae,
1748 967 1871 1006 cum
1894 951 2120 1021 imputat

525 1059 801 1121 peccatum
826 1050 1071 1122 parvulo.
1101 1050 1245 1120 quod
1275 1050 1343 1105 sit
1369 1048 1516 1104 nulla
1545 1047 1662 1118 ejus
1685 1045 1957 1100 voluntate
1980 1058 2121 1098 com-

526 1142 779 1206 missum;
809 1150 864 1197 et
890 1142 1100 1213 cogeris
1120 1141 1249 1196 illud
1278 1154 1490 1211 quoque
1511 1139 1712 1209 justum
1736 1145 1791 1192 ct
1812 1136 1905 1190 Dei
1928 1148 2124 1190 conve-

527 1232 912 1303 nieusjudiciis
944 1233 1198 1304 profiteri,
1225 1242 1283 1288 ut
1320 1232 1451 1287 Adae
1478 1229 1822 1302 impntaverit
1845 1228 1897 1282 in
1926 1243 2120 1298 pecca-

534 1337 669 1393 tum,
695 1326 835 1397 qued
859 1336 1083 1383 neverat
1105 1328 1172 1383 ab
1200 1342 1267 1381 eo
1289 1341 1393 1381 non
1424 1325 1719 1387 voluntate,
1752 1321 1846 1377 sed
1873 1321 2121 1377 substan-

532 1420 622 1474 tia:
664 1433 777 1475 sua:
825 1418 1166 1474 deformitate
1196 1419 1459 1488 prolatum
1494 1435 1507 1470 :
1558 1430 1758 1486 perque
1801 1413 1905 1468 hoc
1946 1414 2119 1482 ipsum

531 1511 679 1566 nulla
705 1511 810 1567 erit
838 1510 1047 1576 tradux,
1083 1526 1183 1566 nec
1230 1510 1520 1580 depravata
1560 1506 1835 1578 operantis
1875 1505 2137 1569 arbitrio,

531 1603 625 1660 sed
659 1604 797 1659 male
823 1604 1063 1659 instituta
1089 1603 1157 1657 ab
1185 1602 1411 1658 exordio
1453 1611 1641 1658 natura
1674 1596 2118 1669 reprehendetur,

529 1695 976 1766 contiteberisque
1004 1705 1055 1751 te
1081 1710 1200 1751 esse
1224 1694 1593 1750 Manicbaaum.
1618 1694 1726 1748 Aut
1743 1690 1789 1747 si
1807 1690 2125 1759 resipiscens

529 1786 784 1856 injustum
824 1802 944 1841 esse
989 1786 1210 1851 dixeris,
1240 1794 1299 1840 ut
1343 1784 1513 1840 Adam
1557 1790 1831 1840 teneretur
1870 1794 1995 1837 rens
2029 1794 2125 1849 pro

531 1886 734 1932 naturae
778 1890 890 1932 suae
931 1878 1138 1947 culpis;
1180 1875 1583 1932 irrefutabiliter
1612 1873 1976 1944 consequitur,
2003 1886 2126 1928 sce-

530 1967 878 2024 lestissimum
909 1984 1048 2035 esse,
1082 1969 1126 2024 si
1154 1968 1309 2029 Abel,
1358 1967 1567 2032 Enoeh,
1595 1966 1729 2033 Noe,
1758 1978 1813 2022 et
1840 1981 2002 2022 omne
2027 1965 2126 2021 ho-

531 2061 734 2116 minum
754 2076 926 2133 genus
947 2060 1239 2115 obnoxium
1274 2060 1489 2125 crimini
1521 2058 1767 2129 originali
1815 2067 2121 2112 censeatur.

530 2150 681 2219 Quod
710 2151 914 2207 facinus
952 2151 1140 2223 jndicii
1183 2150 1227 2205 si
1259 2150 1549 2206 admoveas
1573 2151 1683 2207 Deo
1712 2158 1824 2213 tuo,
1853 2149 2002 2203 solus
2031 2162 2127 2218 pro

530 2244 780 2299 omnibus
799 2243 1099 2299 remanebit
1118 2259 1277 2309 reus;
1306 2242 1706 2313 apparebitque,
1727 2240 1866 2312 quod
1890 2256 2125 2310 semper,

533 2349 639 2389 non
672 2336 846 2404 ipsum
875 2348 1021 2401 esse,
1062 2349 1221 2404 quem
1250 2333 1501 2389 catholici
1527 2332 1888 2402 :nquissimum
1923 2332 1974 2385 in
2003 2329 2127 2385 Tri-

536 2425 702 2479 nitate
723 2439 1063 2481 veneramur.
1095 2422 1250 2490 Quod
1277 2424 1321 2478 si
1348 2439 1376 2477 a
1409 2423 1507 2479 Dei
1527 2423 1866 2478 accusatione
1909 2422 2130 2476 destite-

535 2516 632 2581 ris,
659 2515 966 2570 Manichznte
995 2514 1252 2582 traducis,
1292 2529 1396 2584 qua
1423 2514 1679 2569 hactenus
1722 2512 2003 2569 confossus
2045 2528 2127 2581 es,

538 2607 621 2662 vel
651 2606 922 2661 redivivus
945 2604 1137 2676 dogma
1168 2604 1470 2660 damnabis.

607 2698 744 2755 Anc.
788 2698 924 2752 llinc
946 2708 1028 2753 est
1049 2697 1192 2767 quod
1218 2697 1816 2779 vehementer‘erratis,
1842 2697 1967 2751 hinc
2000 2698 2129 2752 estis

536 2787 798 2854 hmrctici,
827 2787 949 2844 hinc
964 2788 1220 2843 adversus
1245 2788 1560 2844 catholicam
1578 2787 1760 2856 ﬁdem,
1784 2804 1902 2859 quae
1923 2790 2130 2844 evitans

546 2880 848 2945 haereticos,
877 2881 1089 2951 eloquia
1127 2881 1305 2936 divina
1351 2888 1606 2949 sectatur,
1644 2882 1830 2952 eisque
1861 2882 2119 2946 munitur,

539 2974 764 3030 novitias
785 2973 1063 3029 machinas
1089 2972 1337 3028 humanis
1379 2981 1433 3029 et
1476 2974 1628 3029 vanis
1649 2975 2127 3045 argumentationi-

536 3066 636 3120 bus
668 3079 993 3135 componere
1022 3065 1268 3131 audetis;
1315 3065 1569 3135 quoniam
1621 3066 1861 3133 nescitis,
1886 3075 1942 3122 et
1982 3067 2125 3138 quod

533 3156 830 3228 intelligere
850 3171 954 3211 non
972 3158 1214 3227 potestis,
1232 3155 1455 3214 credere
1475 3156 1756 3224 recusatis,
1775 3156 1903 3228 quid
1919 3157 2131 3213 valeant

532 3248 587 3303 in
619 3248 815 3304 seriem
839 3248 1201 3319 generationis
1229 3248 1494 3303 seminum
1526 3250 1749 3315 nexus‘,
1771 3258 1828 3304 et
1848 3249 1902 3304 in
1923 3259 2133 3305 creatu-

533 3342 612 3397 ris
650 3356 784 3413 quas
824 3342 965 3398 Deus
995 3341 1128 3397 alias
1155 3356 1222 3398 ex
1263 3341 1383 3397 aliis
1426 3342 1720 3398 secundum
1764 3357 1934 3414 genus
1975 3358 2128 3398 suum

535 3434 684 3489 nasci
737 3433 922 3499 voluit,
969 3443 1165 3504 quanta
1205 3434 1313 3490 sint
1353 3442 1409 3490 et
1456 3450 1615 3505 quam
1669 3435 1778 3491 sint
1823 3435 2127 3503 iueﬂ‘abilia,

537 3542 805 3598 quamque
829 3528 993 3583 etiam
1015 3528 1162 3583 nullo
1185 3537 1535 3599 penetrentur
1562 3546 1743 3597 sensu,
1771 3531 1911 3589 nulla
1933 3534 2131 3603 cogita-

537 3617 682 3674 tione
724 3618 1254 3688 comprehendantur
1301 3620 1567 3675 naturalia
1611 3620 1732 3691 jura
1786 3625 2128 3696 propaginis;

534 3710 678 3765 unde
731 3709 833 3766 istc
877 3710 948 3764 sit
1007 3710 1198 3766 insitus
1251 3709 1486 3767 humano
1531 3713 1717 3782 generi
1769 3712 2024 3781 allectus,
2075 3726 2132 3771 ut

535 3817 746 3869 omnes,
777 3811 1032 3873 quantum
1060 3803 1128 3858 ad
1170 3805 1317 3873 ipsos
1342 3805 1555 3869 attinet,
1589 3815 1769 3861 certos
1812 3807 1951 3864 ﬁlios
1967 3810 2133 3865 velint

535 3894 771 3949 habere:
801 3895 884 3948 cui
908 3895 984 3950 rei
1015 3894 1225 3963 prolicit
1253 3896 1303 3949 in
1335 3894 1550 3952 feminis
1570 3899 1734 3953 castis
1755 3898 1971 3955 foederis
2000 3900 2131 3958 ﬁdes

539 3986 874 4055 conjugalis;
937 3994 1156 4056 preptcr
1210 3988 1352 4057 quod
1402 3988 1756 4060 philosophus
1811 3991 1962 4046 Plato
2013 3992 2131 4060 jure

536 4076 827 4147 displicuit,
856 4077 979 4148 quia
1006 4077 1215 4133 censuit
1242 4079 1506 4149 permixte
1533 4081 1788 4137 utendum
1812 4082 2040 4150 feminis,
2076 4085 2128 4140 in

533 4183 599 4223 ea
628 4167 864 4230 civitate,
895 4184 1056 4239 quam
1086 4168 1407 4240 disputando
1430 4172 1575 4227 velut
1595 4174 1848 4244 Optimam
1880 4174 2127 4244 format”,

535 4258 697 4313 etiam
745 4257 860 4329 ipse
904 4260 1030 4330 quid
1063 4260 1280 4328 volens,
1312 4262 1411 4318 nisi
1438 4277 1497 4318 ut
1537 4265 1790 4320 omnibus
1837 4267 2131 4324 minoribus

540 4350 770 4420 majores
794 4366 911 4406 eam
943 4352 1232 4409 redderent
1260 4354 1598 4421 charitatem.
1629 4373 1789 4428 quam
1821 4360 2036 4416 videbat
2064 4362 2130 4416 ti-

539 4441 625 4496 !iis
648 4442 816 4513 ipsam
833 4442 1031 4500 debere
1054 4452 1321 4512 naturam,
1341 4461 1462 4502 cum
1485 4449 1710 4519 quisque
1729 4451 1986 4521 cogitaret
2007 4470 2127 4509 esse

541 4548 699 4602 posse
727 4532 890 4587 lilium
921 4549 1098 4602 suum,
1126 4535 1279 4606 cujus
1305 4553 1423 4591 eam
1453 4538 1657 4594 videret
1695 4550 1929 4608 auatcm,
1961 4551 2020 4597 ut
2061 4559 2125 4599 ex

535 4641 874 4699 quacumque
927 4627 1120 4682 femina
1173 4628 1349 4699 ignota
1415 4646 1517 4699 qua
1582 4631 1947 4689 indill'erenter
2000 4651 2129 4691 usus

539 4729 719 4784 esset,
763 4735 862 4776 suo
903 4730 1060 4777 natus
1094 4722 1301 4778 semine
1331 4740 1433 4777 tmn
1481 4725 1747 4782 immerito
1795 4729 2124 4784 crederetur.

539 4811 723 4876 Quid?
765 4812 907 4867 illam
959 4828 1145 4868 vocem
1184 4829 1365 4869 nonne
1390 4815 1457 4870 de
1488 4817 1783 4873 visceribus
1813 4828 2127 4874 cunctorum

542 4912 753 4971 patrum
787 4903 977 4959 Cicero
1020 4906 1199 4960 emisit
1231 4906 1297 4960 ad
1336 4907 1520 4975 lilium,
1572 4909 1638 4963 ad
1683 4924 1844 4979 quem
1888 4912 2130 4967 scribens

544 4994 638 5057 ait,
679 5012 697 5044 ι
730 4992 889 5049 Solus
925 5011 984 5050 cs
1028 4997 1290 5063 omnium,
1321 5012 1350 5051 a
1379 5013 1485 5066 quo
1507 5014 1594 5054 me
1624 5000 1674 5052 iu
1704 5002 1954 5056 omnibus
1992 5003 2130 5057 vinci

549 5083 745 5137 velim?
782 5102 801 5135 ι
832 5085 1018 5141 Nonne
1044 5088 1157 5157 ipsa
1186 5103 1308 5157 quae
1337 5090 1699 5144 occultissima
1729 5106 1848 5147 esse
1876 5092 2128 5158 diximus,

544 5186 601 5229 et
630 5186 807 5229 tamen
824 5176 947 5244 plus
973 5193 1130 5247 quam
1149 5179 1403 5234 credibile
1422 5191 1503 5234 est
1529 5182 1707 5237 valere
1735 5186 2128 5252 cognoscimus,

543 5264 801 5319 naturalia
848 5268 1150 5337 propaginis
1187 5269 1308 5337 jura
1352 5269 1644 5336 fecerunt“,
1701 5281 1754 5326 ut
1803 5273 1909 5329 duo
1933 5279 2130 5346 gemini

544 5370 650 5408 non
678 5354 852 5408 solum
889 5354 1124 5410 nomium
1153 5358 1453 5428 gignentes,
1496 5376 1677 5415 verum
1703 5365 1861 5419 etiam
1893 5368 2129 5441 nondum

544 5453 848 5512 nascentes,
878 5445 1051 5501 adhuc
1074 5448 1127 5501 in
1151 5459 1304 5503 utero
1325 5451 1529 5519 matris,
1552 5451 1658 5507 duo
1680 5458 1856 5525 populi
1883 5457 2129 5517 diceren-

604 5651 623 5715 ξ
660 5649 797 5715 t‘diti,
821 5661 984 5715 sexus.
1022 5652 1183 5713 Aptius
1206 5658 1285 5702 Ms.
1314 5661 1436 5704 Port.
1454 5690 1467 5715 ,
1491 5669 1661 5708 nem.

604 5712 623 5776 ξ
663 5711 800 5776 Fditl,
824 5711 1370 5776 formarn.'Castigautur
1395 5711 1462 5767 ei
1482 5725 1589 5769 Its.

602 5774 625 5805 ³
660 5773 948 5838 vignierlus,
962 5774 1083 5835 jura
1114 5773 1309 5837 fuerunt
1354 5783 1419 5828 Ex
1443 5785 1550 5829 uss.
1590 5781 1667 5833 hic
1713 5790 1763 5835 et
1800 5782 1920 5835 infra
1954 5799 2126 5838 emen-

541 5830 733 5893 damus;
750 5830 982 5894 fecerunt}

1200 379 1450 438 OPERIS
1491 374 1901 433 IMPL‘ltFECTl
1941 368 2214 427 CONTRA
2254 369 2619 440 JULIANUM,
2662 372 2721 427 s.
2765 370 3129 430 AUGUSTINI

3672 372 3819 429 1551

2227 496 2314 543 tur
2344 488 2499 559 (Gen.
2531 505 2662 557 xxv,
2692 491 2827 562 23)?
2858 491 3058 546 Eadem
3083 491 3391 561 propaginis
3406 491 3671 547 naturalia
3692 494 3818 562 jura

2226 579 2486 647 fecerunt,
2516 592 2575 637 ut
2598 580 2762 638 lsrael
2797 583 3007 639 dicatur
3033 582 3265 638 servisse
3289 582 3342 637 in
3372 581 3612 654 Egypto
3635 584 3817 655 (Deut.

2224 686 2333 738 xiv,
2356 670 2474 741 22),
2505 671 2668 727 Israel
2692 673 2964 743 profectus
2987 686 3108 730 esse
3132 688 3196 747 ex
3218 679 3455 746 ASgypto
3480 672 3675 743 (Exod.
3698 693 3816 745 ιη’,

2223 761 2337 833 30),
2381 763 2540 819 Israel
2587 765 2640 819 in
2686 773 2884 820 terram
2936 767 3307 836 promissionis
3350 767 3601 833 intrasse,
3654 769 3821 827 Israel

2222 853 2445 924 adeptus
2474 856 2611 910 bona
2635 858 2717 911 vel
2745 867 2997 926 expertus
3018 857 3177 925 mala,
3204 874 3322 929 quin
3347 860 3418 915 illi
3452 863 3650 932 populo
3676 863 3823 920 Deus

2225 944 2310 997 vel
2337 946 2577 1013 praesunt
2614 948 2695 1001 vel
2728 946 2937 1002 inﬂixit.
2977 949 3052 1005 De
3077 964 3184 1021 quo
3220 951 3381 1005 etiam
3411 953 3666 1022 scriptum
3707 965 3820 1021 cst,

2238 1033 2406 1089 Veniet
2428 1053 2492 1091 ea:
2513 1036 2641 1092 Sion
2659 1039 2746 1109 qui
2758 1040 2946 1108 eripiat
2967 1048 3015 1094 et
3033 1051 3226 1096 avertat
3244 1042 3556 1113 impietatem
3575 1063 3606 1100 a
3620 1046 3787 1103 Iacob
3799 1065 3823 1114 ;

2224 1136 2271 1181 et
2300 1127 2395 1181 hoc
2424 1128 2526 1183 illis
2569 1146 2601 1182 a
2636 1147 2715 1185 me
2740 1140 3091 1187 testamentum
3109 1134 3149 1199 ³,
3172 1150 3287 1188 eum
3312 1137 3568 1193 abstulero
3608 1153 3823 1210 peccata

2225 1234 2397 1274 eorum
2445 1218 2597 1293 (Isai.
2631 1238 2738 1287 LIX,
2779 1223 2871 1289 ΞΟ,
2899 1224 3030 1295 21);
3062 1240 3184 1280 cum
3217 1227 3305 1282 ille
3333 1226 3518 1294 homo,
3569 1232 3659 1302 qui
3700 1232 3827 1290 luce

2226 1311 2333 1368 duo
2366 1314 2580 1369 nomina
2620 1317 2838 1386 propria
2867 1318 3070 1386 primus
3094 1328 3149 1374 et
3196 1321 3344 1376 solus
3390 1325 3614 1393 accepit,
3662 1327 3827 1398 longe

2226 1414 2351 1460 ante
2374 1403 2677 1471 defunctus,
2712 1407 2849 1463 bona
2888 1408 2971 1464 vel
2999 1410 3136 1465 mala
3164 1411 3266 1467 ista
3306 1428 3412 1468 non
3442 1415 3652 1485 viderit.
3694 1418 3829 1473 ηερε

2229 1496 2533 1568 prepaginis
2563 1500 2820 1555 naturalia
2858 1499 2980 1571 jura
3027 1500 3287 1569 fecerunt,
3338 1515 3397 1559 ut
3424 1506 3562 1562 idem
3594 1511 3828 1579 populus

2226 1586 2587 1644 decimaretur
2607 1590 2659 1644 in
2682 1590 2973 1657 Abraham,
3007 1608 3112 1647 non
3152 1595 3223 1649 ob
3260 1594 3425 1664 aliud,
3471 1597 3573 1652 nisi
3610 1600 3736 1669 quia
3770 1602 3827 1655 in

2228 1679 2422 1735 lumbis
2445 1681 2558 1752 ejus
2584 1690 2719 1748 erat,
2750 1684 2963 1755 quando
3007 1686 3307 1743 decimatas
3345 1697 3428 1743 cst
3458 1689 3574 1760 ipse
3602 1693 3826 1762 propria

2228 1771 2503 1827 voluntate
2549 1771 2734 1846 (Ilebr.
2767 1791 2861 1842 vn,
2889 1775 2940 1839 9,
2972 1776 3080 1848 10),
3114 1777 3201 1832 ille
3231 1787 3407 1834 autem
3440 1773 3668 1852 populus
3712 1797 3827 1839 non

2230 1864 2441 1934 propria
2471 1865 2762 1933 voluntate,
2786 1867 2878 1923 sed
2907 1870 3138 1923 naturali
3171 1871 3475 1942 propaginis
3503 1873 3644 1943 jure.
3671 1874 3832 1941 Quo-

2230 1954 2391 2008 modo
2417 1966 2595 2010 autem
2629 1956 2768 2012 idem
2796 1960 3028 2028 populus
3059 1961 3220 2016 fuerit
3248 1962 3301 2017 in
3338 1963 3532 2021 lumbis
3565 1966 3827 2035 Abrahae,

2232 2059 2338 2099 non
2369 2046 2542 2101 solum
2572 2062 2638 2103 ex
2662 2048 2751 2102 illo
2778 2064 2944 2121 usque
2972 2051 3038 2106 ad
3067 2061 3278 2122 tempus
3301 2056 3440 2125 quod
3463 2058 3719 2129 scriptum
3741 2070 3832 2116 est

2233 2135 2285 2189 in
2325 2135 2564 2206 Epistola
2592 2139 2659 2194 ad
2687 2140 2963 2209 Hebraeos,
2993 2159 3180 2199 verum
3210 2146 3373 2202 etiam
3399 2162 3465 2203 ex
3497 2148 3614 2219 ipso
3649 2164 3831 2222 usque

2231 2228 2297 2283 ad
2320 2229 2423 2285 hoc
2454 2241 2684 2302 tempus,
2709 2244 2764 2288 et
2792 2235 2859 2290 ab
2880 2234 2983 2291 hoc
3014 2252 3181 2308 usque
3200 2239 3251 2293 in
3276 2240 3434 2296 linem
3461 2243 3662 2311 szcculi,
3686 2260 3826 2316 quo-

2233 2335 2400 2390 usque
2440 2321 2531 2377 lilii
2574 2322 2735 2379 lsrael
2780 2325 2869 2381 alii
2911 2342 2974 2382 ex
3018 2329 3138 2384 aliis
3168 2342 3524 2400 generantur;
3555 2335 3847 2405 quomodo-

2232 2425 2361 2482 ergo
2390 2427 2510 2468 esse
2532 2416 2763 2485 potuerit
2790 2416 2841 2471 in
2863 2418 3058 2473 lumbis
3088 2421 3244 2477 unius
3272 2420 3505 2477 hominis
3524 2433 3630 2479 tam
3661 2424 3827 2481 innu-

2234 2504 2506 2560 merabilis
2531 2505 2805 2564 hominum
2828 2510 3132 2578 multitudo,
3162 2513 3281 2583 quis
3314 2515 3612 2584 eloquendo
3648 2519 3826 2589 expli-

2233 2603 2352 2662 cet,
2392 2597 2512 2667 quis
2558 2599 2750 2655 saltem
2805 2600 3040 2656 inveniat
3080 2604 3403 2674 cogitando?
3452 2605 3637 2677 Neque
3677 2610 3826 2664 enim

2234 2688 2440 2744 semina
2481 2690 2614 2760 ipsa,
2647 2708 2872 2763 quorum
2917 2703 3000 2749 est
3028 2698 3297 2765 quantitas
3335 2701 3653 2771 corporalis,
3701 2703 3829 2758 licet

2235 2781 2452 2851 singula
2470 2783 2573 2838 sint
2597 2785 2808 2856 exigua,
2836 2801 2903 2842 ex
2934 2789 3126 2859 quibus
3155 2790 3346 2861 singuli
3376 2794 3574 2865 quique
3593 2810 3829 2851 nascun-

2236 2881 2340 2939 tur,
2369 2876 2417 2930 si
2456 2884 2710 2947 congesta
2753 2889 2938 2935 essent
2979 2896 3045 2936 ex
3071 2883 3261 2952 quibus
3309 2895 3387 2941 tot
3424 2885 3670 2944 homines
3718 2891 3828 2946 nati

2235 2976 2360 3022 sunt
2395 2976 2556 3039 atque
2597 2980 2914 3038 nascuntur,
2956 2981 3012 3028 et
3036 2973 3088 3028 in
3134 2975 3291 3030 linem
3326 2992 3496 3048 usque
3517 2990 3826 3047 nascentur,

2235 3059 2531 3128 potuissent
2562 3061 2759 3118 lumbis
2788 3064 2948 3120 unius
2983 3065 3217 3123 hominis
3247 3071 3529 3127 contineri.
3578 3073 3670 3130 Vis
3698 3091 3831 3146 ergo

2237 3153 2417 3207 nescio
2442 3168 2563 3223 qure
2594 3155 2875 3213 invisibilis
2900 3167 2955 3214 et
2985 3159 3444 3220 incontreetabilis
3471 3168 3693 3223 secretis
3731 3184 3830 3223 na-

2238 3245 2497 3300 turalibus
2545 3246 2700 3302 insita
2752 3258 2855 3315 est,
2906 3250 2995 3306 ubi
3044 3252 3159 3324 jura
3203 3258 3509 3327 propaginis
3568 3262 3827 3316 naturalia

2235 3335 2576 3403 delitescunt,
2629 3349 2850 3410 propter
2896 3357 3056 3413 quam
3108 3346 3214 3400 vim
3262 3356 3437 3403 tamen
3484 3365 3593 3406 non
3649 3353 3833 3424 utique

2236 3428 2568 3486 mendaciter
2617 3432 2671 3488 in
2721 3434 2917 3491 lumbis
2956 3436 3098 3493 illius
3135 3441 3303 3509 patris
3350 3440 3513 3499 fuisse
3559 3444 3825 3511 dicuntur,

2235 3529 2495 3591 quotquot
2521 3538 2586 3578 ex
2616 3524 2709 3580 illo
2735 3542 2846 3581 uno
2874 3535 3164 3598 potuerunt
3187 3534 3590 3602 generationum
3612 3551 3831 3593 succes-

2236 3612 2385 3668 sibus
2411 3624 2467 3669 et
2497 3616 3023 3687 multiplicationibus
3047 3624 3347 3693 propagari.
3378 3625 3495 3681 Non
3538 3629 3707 3684 solum
3732 3645 3834 3684 au-

2236 3713 2343 3761 tem
2377 3708 2448 3762 ibi
2490 3709 2725 3777 fuerunt,
2772 3727 2957 3768 verum
2988 3715 3150 3769 etiam
3190 3716 3278 3770 illo
3307 3718 3510 3773 sciente
3543 3729 3597 3776 ct
3622 3720 3834 3777 volente

2235 3798 2515 3865 decimato,
2548 3814 2599 3858 et
2641 3804 2740 3874 ipsi
2766 3815 2889 3860 sunt
2915 3806 3165 3863 decimati
3195 3825 3363 3879 neque
3388 3812 3619 3869 scientes
3658 3829 3834 3884 neque

2236 3892 2497 3953 volentes.
2533 3897 2781 3963 quoniam
2806 3897 3041 3953 nondum
3095 3900 3411 3957 exstiterant
3452 3903 3541 3973 qui
3586 3904 3725 3959 scire
3767 3920 3831 3960 ac

2234 3983 2371 4038 velle
2413 3986 2731 4053 potuissent.
2791 3986 2903 4043 lloc
2946 4004 3111 4059 porro
3155 3990 3275 4045 ideo
3317 3992 3452 4048 dixit
3493 3994 3635 4050 illius
3664 4013 3834 4052 sacrae

2235 4085 2420 4131 auctor
2435 4075 2711 4146 Epistolm,
2732 4088 2787 4133 ut
2803 4081 3157 4136 sacerd0tium
3177 4082 3398 4152 Christi,
3413 4086 3553 4155 quod
3574 4087 3836 4158 ﬁgurabat

2236 4165 2485 4221 sacerdos
2510 4168 2919 4233 Melchisedech,
2949 4172 3037 4242 qui
3066 4173 3351 4229 decimavit
3378 4176 3667 4240 Abraham,
3696 4195 3835 4246 pra:-

2235 4267 2459 4327 poncret
2480 4257 2716 4313 Levitico
2742 4261 3069 4328 sacerdotio;
3090 4247 3288 4320 (lucens
3305 4268 3462 4321 etiam
3490 4269 3661 4338 ipsum
3682 4271 3832 4334 Levi,

2236 4350 2323 4418 qui
2349 4349 2650 4405 decimabat
2667 4350 2858 4409 fratres
2868 4370 3020 4424 suos,
3039 4356 3137 4412 hoc
3150 4366 3250 4423 est,
3266 4358 3501 4415 decimas
3516 4361 3583 4415 ab
3603 4363 3681 4417 eis
3700 4364 3841 4419 acci-

2236 4440 2409 4510 piebat
2434 4481 2449 4507 ,
2470 4441 2789 4498 decimatum
2813 4444 2977 4502 fuisse
2995 4463 3021 4498 a
3045 4448 3431 4504 Melchisedech
3455 4451 3506 4505 in
3532 4452 3833 4520 Abraham;

2236 4532 2360 4601 quia
2390 4541 2442 4587 et
2472 4533 2586 4602 ipse
2616 4535 2669 4589 in
2693 4534 2889 4591 lumbis
2920 4539 3148 4593 Abraha:
3177 4549 3312 4607 erat,
3345 4544 3561 4613 quando
3589 4545 3830 4600 decima-

2238 4625 2313 4678 vit
2342 4639 2462 4677 cum
2493 4625 2907 4694 Melchisedech,
2942 4629 2991 4684 id
3023 4640 3123 4692 est,
3156 4632 3225 4696 ab
3251 4648 3316 4688 eo
3341 4634 3576 4690 decimas
3604 4640 3829 4707 accepit.

2240 4719 2317 4771 Ac
2347 4733 2441 4787 per
2468 4719 2569 4774 hoc
2599 4719 2871 4776 Christum
2893 4765 2906 4789 ,
2940 4723 3025 4776 cui
3055 4722 3257 4779 dictum
3280 4734 3383 4791 est,
3418 4725 3493 4779 Tu
3518 4744 3570 4782 es
3595 4733 3835 4784 sacerdos

2235 4808 2288 4862 in
2313 4820 2554 4865 internum
2578 4813 2851 4867 secundant
2873 4816 3097 4868 ordinem
3126 4816 3490 4873 Melchisedech
3516 4818 3693 4889 (Psal.
3723 4838 3835 4887 Ctx,

2237 4901 2316 4966 4),
2347 4916 2453 4955 ηοη
2478 4902 2590 4957 vult
2610 4904 2829 4975 intelligi
2859 4904 3178 4961 decimatmn
3203 4925 3216 4967 ;
3251 4916 3308 4963 ut
3329 4909 3563 4965 Levitico
3584 4913 3840 4968 sacerdo-

2240 4991 2311 5043 tio
2333 4993 2522 5047 merito
2547 4993 2859 5063 pra-feratur
2879 4995 3078 5066 (Ilazbr.
3106 4998 3200 5070 vn)
3230 5016 3242 5053 :
3276 5000 3666 5058 Melchisedech
3690 5004 3840 5059 enim

2238 5082 2521 5140 decimavit
2543 5087 2811 5142 Abraham
2826 5091 2869 5156 ⁸,
2899 5104 3003 5144 non
3034 5090 3329 5146 decimatus
3344 5102 3445 5161 est,
3469 5096 3606 5150 sicut
3625 5094 3756 5151 Levi
3786 5098 3836 5151 in

2239 5173 2526 5229 Abraham.
2560 5175 2618 5231 Si
2641 5186 2818 5234 autem
2846 5182 3127 5249 qumritur,
3159 5183 3429 5251 quomodo
3457 5185 3701 5241 Christus
3729 5204 3837 5243 non

2239 5261 2396 5318 fuerit
2427 5264 2744 5332 decimatas,
2786 5282 2909 5324 cum
2945 5270 3104 5325 etiam
3134 5272 3265 5341 ipse,
3306 5255 3447 5343 quod
3493 5275 3838 5341 manifestum

2238 5364 2349 5417 est,
2413 5356 2711 5413 secundum
2763 5360 3020 5430 originem
3084 5365 3260 5418 carnis
3313 5362 3474 5420 fuerit
3528 5366 3579 5419 in
3636 5367 3835 5421 lumbis

2237 5445 2484 5513 Abrahze,
2525 5449 2737 5520 quando
2761 5464 2791 5504 a
2820 5450 3206 5511 Melchisedech
3239 5463 3392 5525 pater
3421 5456 3510 5512 ille
3536 5456 3838 5513 decimatas

2299 5667 2328 5743 ί,
2351 5669 2564 5743 εἰρηῃεε.
2589 5672 2725 5743 Editi
2750 5682 2947 5743 au_tem,_
2970 5682 3019 5726 et
3057 5678 3246 5741 auferat
3277 5676 3574 5743 iniquitatem
3603 5692 3637 5729 α
3661 5678 3827 5742 Iacob,

2234 5735 2279 5778 et
2310 5729 2397 5779 hoc
2420 5729 2517 5782 illis
2539 5746 2569 5781 a
2598 5747 2672 5784 me
2711 5729 3046 5788 testimonium.

2299 5792 2478 5870 "Duos
2499 5794 2577 5870 hic
2593 5809 2779 5870 versus,
2807 5811 2987 5870 nempe
3008 5813 3039 5850 a
3070 5800 3265 5863 verbis,
3291 5814 3386 5870 non
3420 5802 3554 5862 vult,
3586 5817 3745 5870 usque
3772 5803 3833 5853 ω

2239 5853 2460 5906 verbum.
2498 5855 2732 5907 .-:braham
2749 5853 2775 5914 .’
2791 5853 3074 5912 auctoritate
3096 5869 3202 5913 ltus.
3227 5853 3541 5915 restituimus.‘
