4150 6498
380 404 515 463 155³

377 531 491 585 est;
508 519 634 575 nihil
647 520 899 586 occurrit,
915 520 1046 576 nisi‘
1064 518 1206 591 quod
1223 518 1383 574 Maria
1405 516 1626 588 quidem
1640 528 1809 574 mater
1823 519 1962 589 ejus,

376 613 443 668 de
458 627 559 682 qua
576 626 787 667 carnem
800 613 1046 681 sumpsit,
1057 610 1124 666 de
1133 608 1333 665 carnali
1344 608 1769 677 concupiscentia
1788 623 1967 677 paren-

375 715 486 761 tum
514 714 640 760 nata
668 713 784 770 est;
807 720 912 760 non
939 713 1117 759 autem
1146 702 1412 759 Christum
1447 703 1526 758 sic
1552 701 1666 769 ipsa
1695 701 1960 770 concepit,

373 812 534 868 quem
579 812 686 852 non
730 796 798 851 de
844 795 983 850 virili
1026 796 1252 859 semine,
1300 792 1394 848 sed
1432 792 1500 847 de
1540 792 1739 861 Spiritu
1780 800 1964 845 saneto

374 890 694 961 procreavit.
753 889 870 944 Non
911 904 1041 957 ergo
1088 888 1342 957 pertinuit
1391 885 1458 939 ad
1501 884 1763 939 rationem
1793 882 1963 938 virilis

373 983 617 1048 seminis,
664 998 764 1052 per
798 997 957 1053 quam
998 982 1210 1035 luerunt
1239 980 1293 1034 in
1322 978 1517 1034 lumbis
1547 976 1796 1040 Abrahre,
1826 990 1961 1045 quos

375 1073 428 1128 in
459 1073 551 1127 illo
576 1073 871 1128 decimatas
899 1086 1018 1125 esse
1045 1085 1193 1125 sacra
1231 1069 1508 1139 Scriptura
1539 1076 1784 1122 testatur.
1816 1065 1962 1120 Cou-

362 1163 698 1232 cupiseeutia
727 1178 888 1233 porro
928 1161 1122 1225 carnis,
1157 1175 1252 1230 per
1280 1174 1438 1229 quam
1465 1159 1639 1226 jactus
1666 1156 1961 1211 carnalium

374 1254 638 1331 seminum
681 1260 1016 1323 provocatur,
1065 1259 1157 1305 aut
1202 1250 1341 1303 nulla
1384 1249 1436 1302 in
1483 1247 1651 1301 Adam
1700 1245 1799 1300 l’uit
1838 1256 1964 1301 ante

375 1355 671 1415 peccatum,
717 1353 809 1398 aut
859 1345 910 1398 in
937 1343 1027 1398 illo
1073 1343 1253 1396 vitiata
1294 1349 1376 1394 est
1406 1355 1498 1409 per
1538 1346 1831 1407 peccatum.
1858 1336 1964 1391 Aut

372 1436 514 1491 enim
542 1436 659 1489 sine
692 1435 777 1489 illa
805 1441 1053 1503 poterant
1090 1441 1143 1487 et
1168 1430 1417 1501 genitalia
1452 1437 1810 1499 congruenter
1838 1442 1956 1483 mo-

372 1527 507 1591 veri,
529 1534 585 1582 et
608 1525 849 1595 conjugis
877 1524 1081 1595 gremio
1113 1537 1295 1577 semen
1329 1518 1555 1584 infundi,
1584 1519 1629 1573 si
1658 1518 1799 1580 nulla
1833 1526 1959 1571 tunc

370 1618 490 1686 fuit,
535 1626 629 1673 aut
662 1616 731 1672 ad
773 1623 959 1671 nutum
1002 1614 1289 1670 voluntatis
1331 1612 1489 1667 etiam
1522 1610 1634 1680 ipsa
1662 1610 1884 1673 servire,
1916 1610 1959 1662 si

372 1710 488 1769 (uit.
518 1709 671 1767 Nunc
697 1719 874 1765 autem
904 1708 949 1763 si
982 1708 1101 1762 talis
1131 1714 1294 1772 esset,
1325 1718 1596 1774 nunquam
1622 1716 1747 1757 caro
1775 1711 1959 1756 contra

366 1802 615 1874 spiritum
644 1801 1069 1871 concupisceret.
1118 1799 1223 1851 Aut
1243 1811 1372 1865 ergo
1404 1795 1518 1865 ipsa
1544 1794 1725 1847 vitium
1758 1800 1860 1858 est,
1916 1792 1959 1845 si

372 1895 514 1952 nulla
543 1892 642 1949 fuit
667 1903 792 1948 ante
823 1899 1098 1963 peccatum
1122 1907 1136 1954 ;
1169 1896 1264 1944 aut
1303 1888 1413 1957 ipsa
1440 1886 1556 1942 sine
1584 1884 1747 1939 dubio
1771 1892 1853 1939 est
1877 1883 1960 1937 vi-

372 1984 498 2043 tiata
528 1992 781 2053 peccato;
810 1990 862 2037 et
893 1981 1012 2037 ideo
1032 1995 1102 2036 ex
1129 1978 1220 2033 illa
1244 1977 1474 2033 trahitur
1500 1974 1757 2043 originale
1782 1987 1960 2043 pecca-

373 2086 506 2133 tum.
521 2074 641 2130 Fuit
655 2089 782 2144 ergo
798 2074 850 2128 in
869 2072 1044 2127 Mariae
1063 2085 1288 2140 corpore
1314 2067 1542 2121 carnalis
1560 2067 1801 2130 materia,
1822 2064 1960 2117 unde

368 2182 587 2228 carnem
640 2165 868 2236 sumpsit
909 2163 1152 2219 Christus
1178 2178 1191 2215 :
1216 2159 1309 2214 sed
1351 2173 1454 2213 non
1499 2158 1550 2211 in
1593 2172 1654 2210 ea
1688 2155 1957 2210 Christum

369 2258 597 2316 carnalis
616 2255 1042 2327 concupiscentia
1067 2250 1367 2307 seminavit.
1396 2248 1548 2305 Unde
1584 2247 1671 2301 ille
1702 2254 1855 2301 natus
1879 2253 1961 2300 est

373 2369 442 2408 ex
489 2367 651 2409 carne
684 2365 807 2407 cum
855 2362 1036 2412 carne,
1090 2346 1142 2400 in
1190 2341 1532 2398 similitudine
1559 2349 1731 2394 tamen
1787 2338 1960 2394 carnis

371 2445 610 2515 peccati,
658 2458 766 2498 non
823 2441 961 2496 sicut
1005 2439 1094 2499 alii
1136 2437 1380 2492 homines
1424 2435 1477 2489 in
1525 2447 1685 2487 carne
1714 2430 1955 2502 peccati:

371 2546 652 2607 propterea
721 2532 979 2604 originale
1044 2537 1319 2601 peccatum
1380 2526 1437 2581 in
1496 2525 1615 2578 aliis
1674 2536 1958 2592 regenera-

371 2627 515 2689 tione
538 2625 803 2692 dissolvit,
844 2638 950 2679 non
995 2623 1107 2691 ipse
1136 2618 1477 2691 generatione
1523 2614 1805 2670 contraxit.
1838 2611 1960 2667 ldeo

370 2718 551 2772 Adam
568 2717 773 2787 primus
818 2715 931 2782 ille,
975 2712 1241 2768 secundus
1270 2710 1407 2773 iste;
1461 2708 1584 2779 quia
1628 2707 1745 2762 sine
1781 2703 1960 2760 carnis

370 2807 799 2877 concupiscentia
825 2804 995 2861 factus
1012 2803 1121 2870 ille,
1148 2810 1304 2856 natus
1327 2808 1411 2855 est
1430 2799 1530 2853 iste
1556 2817 1568 2851 :
1598 2796 1693 2853 sed
1715 2796 1805 2850 ille
1838 2805 1956 2850 tan-

372 2909 483 2953 tum
504 2899 688 2964 homo,
719 2897 821 2953 iste
847 2910 976 2951 vero
1002 2902 1059 2949 et
1100 2894 1244 2947 Deus
1280 2900 1335 2945 et
1360 2890 1522 2944 homo
1561 2906 1574 2941 :
1616 2896 1672 2942 et
1720 2886 1842 2941 ideo
1870 2885 1959 2940 ille

373 2990 544 3061 putuit
568 3004 671 3042 non
699 3000 940 3057 peccare,
968 2998 1075 3038 non
1101 2983 1239 3037 sicut
1260 2981 1360 3034 iste
1386 2993 1608 3049 peccare
1637 2992 1742 3032 non
1764 2978 1957 3046 potuit.

373 3079 589 3135 Frustra
650 3091 779 3148 ergo
832 3082 1054 3148 peccato
1102 3072 1249 3127 illius
1292 3076 1506 3139 peccata
1566 3067 1791 3123 liliorum
1841 3065 1958 3136 ejus

370 3170 665 3243 quamlibet
690 3183 883 3240 magna
907 3175 962 3222 et
993 3162 1278 3228 horrenda,
1312 3161 1394 3216 vel
1422 3175 1654 3229 aequare,
1685 3157 1769 3213 vel
1796 3158 1954 3219 etiam

371 3262 628 3333 praeferre
649 3260 880 3317 conaris.
908 3257 1054 3315 Illius
1076 3264 1263 3311 natura
1290 3262 1491 3325 quanto
1520 3250 1689 3321 magis
1715 3249 1957 3305 sublimi.-

372 3364 455 3411 ter
482 3353 676 3419 stabat,
705 3359 852 3407 tanto
879 3348 1045 3420 magis
1080 3346 1315 3418 graviter
1340 3342 1592 3399 concidit.
1628 3339 1827 3395 Natura
1870 3339 1956 3393 illa

371 3443 490 3499 talis
513 3442 627 3507 fuit,
664 3448 722 3496 ut
746 3455 847 3498 nec
886 3437 1023 3493 mori
1061 3443 1267 3507 posset,
1308 3433 1352 3488 si
1383 3445 1605 3502 peccare
1649 3429 1909 3484 noluisset
1940 3446 1953 3483 :

369 3542 557 3591 natura
599 3531 691 3587 illa
730 3530 855 3585 talis,
879 3527 996 3594 fuit,
1035 3536 1095 3582 ut
1128 3529 1178 3580 in
1209 3539 1269 3585 se
1309 3523 1633 3587 discordiam
1677 3521 1873 3589 carnis,
1904 3529 1959 3576 et

365 3626 585 3697 spiritus
612 3639 720 3680 non
746 3622 968 3678 haberet
999 3638 1013 3675 :
1044 3628 1233 3674 natura
1266 3617 1355 3671 illa
1394 3615 1512 3671 talis
1540 3613 1658 3680 fuit,
1689 3621 1745 3668 ut
1769 3621 1955 3669 contra

371 3716 500 3771 vitia
553 3730 647 3770 sua
691 3713 835 3769 nulla
871 3720 1137 3776 certaret;
1183 3724 1289 3763 non
1316 3704 1459 3777 quod
1499 3705 1549 3760 ei
1584 3703 1827 3768 cedebat,
1860 3702 1956 3759 sed

368 3806 510 3878 quod
554 3806 606 3860 in
654 3819 720 3860 eo
762 3802 905 3858 nulla
946 3810 1117 3857 erant.
1169 3798 1318 3861 Tunc
1359 3810 1487 3866 ergo
1527 3794 1693 3850 debes
1742 3803 1957 3864 peccata

377 3907 714 3970 posterorum
749 3896 1111 3967 ejuspeccalo
1135 3891 1251 3961 ejus
1270 3894 1504 3960 iequare,
1536 3888 1579 3942 si
1607 3888 1799 3954 talem;
1833 3895 1958 3942 tunc

373 4005 501 4044 vero
530 3996 585 4044 et
611 3986 814 4056 majora
856 3999 920 4040 ea
945 3983 1145 4049 dicere,
1186 3982 1231 4037 si
1262 3980 1541 4036 meliorem
1590 3986 1833 4032 naturam
1863 3990 1959 4046 po-

372 4083 536 4137 tueris
560 4081 819 4138 invenire.
846 4077 1051 4135 Natura
1089 4076 1285 4146 quippe
1328 4071 1610 4128 rationalis
1648 4078 1848 4141 quanto
1874 4079 1959 4124 est

375 4173 491 4243 ipsa
533 4172 794 4243 superior,
840 4177 989 4227 tanto
1037 4167 1186 4222 ruina
1245 4165 1359 4236 ejus
1384 4162 1641 4235 pejor,,et
1681 4171 1957 4232 peccatum

369 4264 487 4334 ejus
510 4271 707 4334 quanto
730 4259 1112 4326 incredibilius,
1147 4266 1292 4312 tanto
1320 4264 1405 4312 est
1426 4253 1799 4314 damnabilius.
1833 4253 1958 4308 ldeo

371 4354 595 4425 angelus
635 4350 1053 4423 irreparabilitcr
1087 4348 1296 4413 cecidit,
1326 4347 1577 4417 quoniam
1605 4344 1688 4399 cui
1718 4344 1838 4414 plus
1859 4342 1957 4398 da-

376 4455 481 4510 tur,
530 4445 648 4514 plus
688 4444 919 4514 exigitur
945 4442 1013 4497 ab
1032 4457 1098 4496 eo
1127 4440 1281 4511 (Luc.
1310 4455 1402 4505 xu,
1435 4434 1525 4509 48)
1562 4456 1575 4492 :
1605 4446 1751 4491 tanto
1781 4436 1959 4506 itaque

370 4537 489 4608 plus
508 4536 737 4591 debebat
764 4534 1080 4588 obedientite
1107 4531 1438 4596 voluntariae,
1467 4537 1666 4598 quanto
1701 4528 1818 4597 plus
1860 4528 1959 4597 Ira-

373 4626 536 4681 hcbat
577 4625 627 4679 in
657 4623 896 4679 bonitate
930 4631 1133 4676 natura:
1166 4638 1178 4674 :
1227 4618 1365 4673 unde
1393 4619 1470 4672 sic
1500 4617 1714 4686 punitus
1742 4627 1825 4672 est
1854 4633 1959 4672 non

371 4714 615 4773 faciendo
642 4712 785 4785 quod
813 4712 1016 4778 debuit,
1046 4720 1103 4766 ut
1140 4725 1242 4765 nec
1271 4708 1407 4762 velle
1432 4708 1541 4778 jam
1583 4707 1773 4777 possit,
1805 4714 1961 4761 mter-

371 4809 455 4863 nis
498 4806 659 4863 etiam
687 4802 1011 4860 cruciatibus
1058 4800 1370 4855 destinatus.
1404 4798 1573 4852 Adam
1609 4811 1740 4852 vero
1765 4796 1818 4850 in
1852 4806 1957 4854 tam

373 4898 556 4954 multis
580 4896 811 4968 posteris
833 4894 947 4956 suis
967 4934 983 4960 ,
1012 4902 1071 4948 ut
1099 4907 1192 4947 eos
1222 4891 1362 4947 ullus
1387 4903 1671 4944 numerare
1701 4903 1804 4942 non
1832 4902 1959 4958 pos-

374 4991 462 5059 sit,
485 4989 654 5061 gratia
679 4987 773 5044 Dei
798 5003 894 5061 per
914 4986 1095 5042 Jesum
1116 4982 1388 5040 Christum
1414 4981 1696 5036 Dominum
1719 4987 1959 5035 nostrum

374 5098 404 5137 a
428 5083 758 5153 sempiterno
784 5079 1044 5151 supplicio
1072 5077 1351 5139 liberatur,
1384 5083 1438 5128 et
1463 5073 1516 5128 in
1546 5088 1606 5128 se
1636 5073 1750 5141 ipso
1776 5086 1963 5142 quam-

373 5175 458 5228 vis
480 5189 507 5226 a
540 5188 633 5228 sua
662 5180 831 5230 morte
870 5179 991 5243 post
1014 5182 1279 5224 annorum
1303 5164 1506 5235 aliquot
1531 5162 1714 5229 millia,
1748 5159 1961 5231 quando

376 5263 622 5318 Christus
649 5276 747 5332 pro
788 5261 940 5316 nobis
965 5267 1213 5315 mortuus.
1234 5255 1300 5311 ad
1330 5255 1447 5311 loca
1477 5264 1829 5317 mortuorum,
1855 5268 1961 5305 non

380 5354 724 5417 necessitate,
756 5350 850 5407 sed
878 5357 1142 5425 potestate
1160 5347 1456 5412 descendit,
1484 5356 1539 5402 et
1566 5345 1778 5400 dolores
1805 5343 1963 5399 solvit

380 5442 573 5498 inferni
598 5442 733 5514 (Act.
764 5456 820 5505 ll,
848 5439 963 5510 24).
993 5439 1081 5494 Sic
1111 5439 1252 5495 enim
1273 5453 1394 5494 eum
1425 5435 1763 5506 intelligenda
1807 5444 1888 5489 est
1931 5449 1962 5489 a

377 5531 573 5587 delicto
619 5546 716 5587 suo
746 5528 995 5584 eduxisse
1020 5527 1289 5598 Sapientia
1333 5526 1488 5599 (Sap.
1518 5542 1574 5591 ι,
1604 5525 1683 5597 2),
1714 5526 1838 5595 quia
1870 5540 1964 5594 per

380 5642 600 5684 carnem
624 5633 861 5680 sanctam
890 5621 1031 5676 unici
1062 5620 1153 5675 lilii
1195 5620 1290 5674 Dei
1318 5622 1339 5652 ⁸
1385 5635 1542 5690 quam
1571 5617 1962 5690 progeneravit,

442 5719 461 5751 ⁸
495 5725 592 5767 Hoc
614 5716 759 5767 etiam
782 5714 888 5765 loco
926 5726 988 5763 ex
1014 5712 1109 5762 (ide
1134 5717 1241 5763 Mss.
1270 5712 1459 5763 additur
1481 5750 1495 5773 ,
1537 5711 1663 5775 nisi;
1699 5722 1755 5762 ac
1776 5712 1823 5761 in
1850 5724 1964 5774 pro-

376 5784 510 5833 xtme
530 5778 757 5840 sequenti
780 5789 944 5832 versu,

441 5843 462 5874 ⁸
498 5835 646 5890 vetus
667 5839 819 5890 codex
849 5835 977 5892 star;
997 5836 1090 5903 ﬁlii
1108 5836 1184 5890 sui
1208 5835 1312 5890 Dei.

1731 402 1930 458 LIBER
1970 401 2256 459 SEXTUS.

3515 409 3655 465 13.55

2076 527 2279 589 patrem
2310 519 2526 590 generis
2546 521 2784 589 humani,
2828 538 2891 579 ac
2914 524 2990 577 sic
3022 525 3179 578 etiam
3209 532 3411 593 patrem
3440 522 3654 592 Christi,

2073 610 2163 681 qui
2189 626 2286 681 pro
2309 612 2479 667 salute
2500 612 2775 670 hominum
2801 614 2973 671 factus
2993 625 3077 672 est
3106 615 3290 683 homo,
3318 617 3386 670 ab
3411 617 3515 671 illis
3540 617 3660 671 vin-

2072 701 2208 757 culis
2251 712 2375 759 tunc
2423 704 2673 771 solutum,
2707 722 2814 761 non
2859 707 3049 762 merito
3087 722 3205 771 suo,
3246 706 3340 762 sed
3371 708 3537 777 gratia
3568 709 3660 764 Dei

2074 809 2168 864 per
2190 793 2373 849 .Iesum
2397 794 2666 851 Christum
2698 797 2978 853 Dominum
3006 807 3267 863 nostrum,
3301 814 3406 852 non
3436 799 3663 853 inaniter

2071 883 2241 939 credit
2263 885 2521 940 Ecclesia.
2556 886 2668 947 Hoc
2695 904 2823 958 ergo
2841 888 3120 959 imputavit
3141 889 3192 942 in
3220 898 3497 957 peccatum
3522 890 3660 943 Deus

2073 975 2250 1043 primo
2281 976 2443 1037 Adae,
2494 977 2635 1032 unde
2682 979 2952 1034 abstinere
2999 979 3072 1034 illi
3127 980 3347 1034 liberum
3395 980 3490 1033 fuit
3522 998 3535 1033 :
3568 982 3658 1034 sed

2071 1064 2187 1134 ipse
2214 1065 2422 1135 primus
2443 1067 2613 1122 Adam
2642 1078 2848 1124 naturae
2879 1082 2984 1124 tam
3015 1070 3327 1127 excellentis
3358 1070 3475 1136 fuit,
3529 1087 3654 1141 quo-

2074 1157 2216 1211 niam
2264 1158 2447 1212 vitiata
2480 1176 2585 1213 non
2632 1160 2748 1224 fuit,
2790 1169 2850 1215 ut
2880 1170 3149 1229 peccatum
3194 1162 3311 1231 ejus
3354 1172 3459 1216 tam
3508 1163 3660 1227 longe

2070 1249 2242 1317 majus
2291 1258 2606 1305 cmterorum
2641 1253 2873 1320 peccatis
2899 1262 3065 1319 esset,
3091 1268 3248 1322 quant
3288 1253 3443 1322 longe
3474 1255 3659 1306 melior

2072 1338 2187 1408 ipse
2211 1340 2423 1394 caeteris
2450 1340 2546 1394 iuit
2574 1341 2764 1396 runde
2794 1351 2847 1396 et
2888 1356 3042 1412 pmna
3070 1343 3206 1411 ejus,
3236 1358 3353 1412 qum
3387 1352 3657 1411 peccatum

2069 1427 2464 1497 ejuscoutinuo
2507 1430 2789 1486 subsecuta
2810 1441 2913 1499 est,
2939 1441 3047 1486 tam
3069 1433 3286 1503 grandis
3307 1435 3572 1503 apparuit,
3605 1443 3657 1485 ut

2069 1520 2325 1574 continuo
2350 1522 2512 1575 etiam
2553 1531 2824 1587 teneretur
2854 1525 3173 1579 necessitate
3200 1525 3481 1587 moriendi,
3508 1527 3659 1593 cujus

2066 1614 2257 1675 eratin
2292 1622 2555 1682 potestate
2590 1632 2696 1671 non
2726 1618 2893 1684 mori;
2926 1618 3071 1674 etde
3096 1618 3213 1675 loco
3240 1628 3401 1675 tanta:
3432 1620 3657 1675 fclicita-

2070 1707 2139 1761 tis
2164 1707 2305 1763 l'nras
2334 1711 2587 1765 continuo
2633 1713 2953 1775 mitteretur,
2987 1721 3043 1767 et
3068 1727 3099 1767 a
3142 1713 3285 1783 ligno
3310 1715 3434 1769 vitae
3482 1715 3693 1769 conti-'

2066 1813 2177 1851 nuo
2220 1808 2507 1853 vetaretur.
2556 1801 2667 1856 llnc
2704 1810 2880 1857 autem
2924 1803 3136 1873 quando
3186 1805 3380 1859 factum
3433 1814 3544 1867 cst,
3603 1804 3651 1858 in

2066 1888 2261 1945 lumbis
2293 1892 2410 1961 ejus
2455 1902 2571 1947 erat
2610 1908 2780 1963 genus
2830 1895 3139 1949 humanum.
3186 1895 3337 1950 Unde
3365 1895 3652 1949 secundum

2066 1981 2176 2047 illa,
2229 1998 2348 2053 qua:
2378 1984 2648 2052 praelocuti
2694 2001 2877 2041 sumus
2896 2027 2911 2052 ,
2937 1986 3095 2040 nimis
3116 1987 3322 2040 occulta
3352 1995 3406 2041 et
3430 1987 3649 2042 multum

2066 2073 2295 2129 valentia
2324 2077 2581 2130 naturalia
2605 2076 2725 2146 jura
2759 2077 3081 2147 propaginis,
3110 2092 3446 2147 consequens
3468 2087 3582 2132 erat
3601 2088 3647 2131 ιιι

2066 2163 2155 2233 qui
2183 2165 2411 2219 erantin
2448 2165 2640 2221 lumbis
2666 2167 2782 2236 ejus
2825 2182 2921 2238 per
2961 2170 3446 2238 concupiscentiam
3478 2170 3653 2224 carnis

2069 2255 2280 2311 venturi
2304 2256 2354 2311 in
2403 2258 2504 2313 hoc
2541 2260 2817 2327 sarculum,
2847 2260 3003 2313 simul
3046 2259 3459 2327 damnarentur;
3518 2261 3653 2315 sicut

2066 2362 2399 2420 consequens
2425 2360 2541 2406 erat
2580 2362 2636 2405 ut
2665 2353 2754 2422 qui
2785 2367 2850 2406 co
2874 2352 2995 2423 jure
3034 2353 3339 2423 propaginis
3364 2361 3419 2408 et
3446 2354 3654 2409 ratione

2066 2440 2288 2494 seminis
2304 2450 2454 2496 erant
2482 2442 2531 2495 in
2556 2442 2753 2497 lumbis
2780 2442 3034 2509 Abrahm,
3059 2444 3214 2498 simul
3234 2443 3652 2500 decimarentur.

2066 2531 2264 2587 Omnes
2290 2533 2468 2602 itaque
2500 2533 2589 2588 lilii
2618 2534 2747 2588 Adm
2770 2534 2824 2588 in
2843 2535 2934 2589 illo
2960 2535 3161 2605 aspersi
3190 2543 3314 2589 sunt
3337 2534 3654 2606 contagione

2066 2623 2267 2691 peccati
2314 2633 2368 2677 et
2414 2624 2603 2679 mortis
2640 2625 2949 2680 conditione
3002 2625 3253 2680 devincti.
3306 2628 3386 2681 Ac
3431 2641 3527 2696 per
3554 2625 3655 2683 hoc

2065 2714 2309 2782 quamvis
2337 2714 2444 2769 sint
2472 2715 2694 2785 parvuli,
2726 2723 2782 2771 et
2806 2715 3000 2771 bonum
3028 2716 3315 2787 quidquam
3341 2718 3424 2772 vel
3456 2717 3652 2772 malum

2068 2819 2175 2858 non
2202 2814 2363 2876 agant
2385 2805 2694 2871 voluntate;
2727 2815 2907 2862 tamen
2937 2809 3056 2879 quia
3086 2807 3255 2862 induti
3284 2817 3409 2863 sunt
3434 2809 3546 2875 illo,
3565 2809 3653 2879 qui

2066 2898 2343 2953 voluntate
2386 2900 2645 2968 peccavit,
2690 2899 2907 2954 trahunt
2948 2899 3017 2955 ab
3063 2899 3154 2954 illo
3193 2900 3394 2969 peccati
3424 2910 3652 2966 reatum,

2066 2988 2361 3058 mortisque
2386 2989 2706 3058 supplicium
2741 3005 2754 3040 :
2789 2989 2927 3042 sicut
2956 2989 3162 3058 parvuli
3203 2990 3292 3059 qui
3332 2988 3544 3044 Christo
3572 2989 3655 3042 in—

2064 3078 2318 3145 duuntur,
2349 3080 2591 3150 quamvis
2637 3079 2769 3134 nihil
2797 3080 2920 3134 boni
2962 3079 3183 3134 fecerint
3218 3095 3314 3133 sua
3359 3079 3653 3143 voluntate,

2064 3178 2280 3223 sumunt
2303 3169 2372 3224 ab
2400 3169 2494 3224 illo
2525 3170 2984 3240 participationem
3009 3169 3250 3238 justitire,
3282 3178 3336 3223 et
3365 3170 3490 3223 vitm
3521 3185 3658 3239 pra:-

2067 3259 2230 3313 Iuium
2261 3259 2621 3329 sempiternae.
2646 3258 2720 3313 Ita
2748 3260 2911 3313 forma
2948 3258 3106 3313 futuri
3129 3274 3159 3312 a
3187 3259 3455 3313 contrario
3495 3258 3655 3313 Chri-

2064 3358 2181 3404 stus
2197 3349 2517 3416 ostenditur,
2538 3361 2756 3421 propter
2773 3349 2915 3419 quod
2942 3350 3017 3404 ait
3037 3350 3175 3405 idem
3199 3349 3473 3420 apostolus
3497 3367 3510 3401 :
3541 3350 3658 3404 Sic-

2064 3449 2121 3495 ut
2154 3440 2409 3494 induimus
2460 3441 2732 3512 imaginem
2761 3442 2962 3507 terreni,
2996 3441 3266 3495 induanzus
3295 3451 3340 3495 et
3385 3442 3658 3512 imaginem

2064 3532 2173 3601 ejus
2195 3531 2281 3600 qui
2301 3530 2362 3584 de
2383 3531 2508 3586 caelo
2548 3541 2621 3586 est
2651 3530 2693 3603 (l
2720 3529 2839 3586 Cor.
2863 3547 2953 3599 xv,
2980 3532 3094 3602 49).
3126 3531 3254 3600 Qum
3276 3516 3497 3586 cum'ita
3528 3531 3655 3593 sint,

2065 3624 2155 3680 ille
2182 3625 2345 3691 dicat,
2378 3633 2598 3694 peccato
2639 3633 2694 3680 et
2740 3634 2913 3680 morte
2944 3625 3100 3695 primi
3149 3624 3316 3678 Adam
3361 3640 3468 3678 ncn
3511 3624 3657 3678 indui

2066 3717 2156 3788 qui
2184 3725 2497 3782 nascuntur,
2534 3716 2779 3787 quisquis
2802 3716 2982 3772 dicere
3010 3715 3205 3781 audet,
3235 3716 3439 3785 justitia
3468 3726 3524 3770 et
3553 3716 3656 3768 vita

2064 3810 2237 3865 Adam
2273 3809 2494 3866 secundi
2527 3825 2633 3863 non
2679 3808 2820 3864 indui
2847 3810 2936 3880 qui
2986 3818 3340 3863 renascuntur
3369 3826 3383 3861 :
3414 3808 3661 3878 quamvis

2065 3917 2166 3958 nec
2194 3902 2270 3957 illi
2293 3910 2569 3972 peccatum
2597 3901 2817 3956 fecerint
2847 3900 2988 3955 unde
3008 3900 3237 3954 liberum
3257 3908 3338 3954 est
3364 3898 3658 3965 abstinere,

2066 4009 2167 4050 nec
2193 3994 2277 4049 isti
2302 3994 2565 4058 justitiam
2597 4009 2754 4067 quam
2781 3992 3006 4046 liberum
3032 3998 3115 4045 est
3138 3989 3338 4045 facere.

2137 4086 2328 4143 XXIII.
2359 4085 2482 4142 λιιι..
2539 4102 2558 4136 ι
2599 4083 2731 4139 Illud
2770 4098 2899 4154 ergo
2941 4090 3250 4152 peccatum,
3299 4079 3443 4152 quod
3487 4081 3661 4151 ipsum

2068 4179 2339 4234 hominem
2385 4178 2442 4233 in
2481 4176 2731 4248 paradiso
2757 4176 2811 4231 in
2855 4175 3003 4246 pejus
3032 4174 3287 4240 mutavit,
3326 4172 3448 4243 quia
3496 4172 3663 4225 multo

2067 4279 2149 4326 est
2177 4269 2433 4341 grandius
2476 4283 2633 4339 quam
2664 4266 2906 4338 judicare
2948 4280 3049 4320 nos
3071 4277 3385 4335 possumus,
3413 4261 3480 4315 ab
3518 4261 3663 4317 omni

2067 4369 2320 4417 nascente
2366 4359 2595 4414 trahitur
2634 4377 2653 4411 ι
2703 4357 2806 4428 (De
2857 4356 3068 4427 Nuptiis
3110 4365 3158 4410 et
3203 4353 3617 4425 Concupiscentia
3645 4393 3663 4416 ,

2068 4450 2155 4504 lib.
2183 4450 2259 4516 2,
2331 4467 2383 4503 η.
2424 4448 2535 4520 58).
2585 4448 2714 4517 Quis
2770 4447 2865 4503 tibi
2913 4447 3047 4501 dixit
3089 4446 3339 4516 quoniam
3385 4453 3662 4514 peccatum

2069 4540 2199 4596 Adae
2225 4541 2392 4596 multo
2422 4541 2581 4596 fuerit
2622 4538 2873 4610 grandius
2903 4553 3060 4607 quam
3086 4535 3260 4590 Cain?
3303 4535 3471 4589 multo
3496 4534 3657 4589 etiam

2070 4647 2229 4702 quam
2248 4631 2642 4687 Sodomitarum
2664 4631 2688 4683 ?
2707 4630 2876 4684 multo
2897 4637 3169 4698 postremo
3191 4628 3477 4681 immanius
3503 4642 3661 4696 quam

2070 4730 2217 4776 tuum
2244 4731 2405 4792 atque
2448 4719 2768 4775 Manichtei?
2809 4721 2967 4775 Certe
3011 4720 3061 4773 in
3093 4718 3311 4772 historia
3336 4718 3479 4772 nulla
3511 4718 3659 4772 istius

2068 4812 2316 4867 vanitatis
2363 4815 2628 4866 invenitur
2654 4812 2885 4867 occasio.
2917 4810 3131 4865 Jussum
3176 4808 3346 4863 fuerat
3386 4819 3443 4863 ut
3486 4809 3660 4864 edulio

2072 4905 2227 4958 unius
2256 4902 2466 4961 arboris
2488 4903 2781 4967 abstineret
2810 4921 2825 4957 :
2854 4902 3030 4967 rudis,
3060 4901 3365 4970 imperitus,
3395 4902 3657 4966 incautus,

2071 4997 2188 5050 sine
2236 4995 2602 5065 experimento
2656 4994 2897 5061 timoris,
2949 4994 3063 5047 sine
3114 4991 3361 5062 exemplo
3409 4992 3659 5061 justitiae,

2071 5094 2320 5156 suggestu
2350 5085 2591 5139 mulieris
2613 5084 2889 5153 usurpavit
2916 5098 3091 5137 eseam
3116 5123 3130 5144 ,
3163 5081 3315 5151 cujus
3342 5083 3587 5137 illexerat
3612 5098 3662 5139 et

2069 5177 2337 5243 suavitas,
2387 5186 2440 5230 et
2483 5182 2753 5229 venustas.
2800 5174 2932 5228 Vide
2985 5174 3002 5203 ¹
3050 5172 3138 5228 hic
3190 5174 3661 5243 transgressionem

2072 5267 2234 5323 fuisse
2263 5266 2519 5327 mandati.
2552 5266 2799 5320 Admissa
2826 5274 2910 5321 est
2940 5264 3305 5334 praevaricatio
3334 5280 3438 5321 una
3464 5266 3531 5322 de
3560 5282 3666 5320 cm.

2072 5359 2221 5422 teris,
2271 5372 2403 5429 quas
2457 5357 2680 5413 diversis
2726 5356 3051 5425 temporibus
3104 5356 3436 5424 peccantium
3488 5362 3661 5411 studia

2073 5456 2446 5519 perpetrarunt
2471 5463 2485 5501 :
2515 5462 2622 5502 non
2664 5446 2761 5501 fuit
2783 5446 3039 5517 amplius,
3068 5461 3226 5516 quam
3272 5461 3395 5501 cum
3437 5446 3661 5516 pepulns

2078 5539 2290 5596 lsraelis
2338 5539 2636 5594 interdictis
2681 5538 2927 5594 utebatur
2953 5538 3289 5594 animalibus.
3320 5539 3489 5595 Causa
3517 5539 3659 5594 enim

2066 5629 2274 5704 peccati
2301 5627 2440 5684 haud
2463 5630 2516 5683 in
2547 5629 2801 5698 qualitate
2826 5632 2968 5700 pomi
2998 5637 3135 5695 erat,
3162 5626 3255 5683 sed
3285 5628 3339 5682 in
3369 5636 3655 5698 transgres-

2074 5720 2223 5777 sione
2251 5717 2506 5774 mandati.
2534 5718 2670 5788 Quid
2699 5736 2827 5794 ergo
2866 5722 2970 5778 tale
2995 5719 3122 5779 fecit
3146 5720 3334 5785 Adam,
3371 5727 3428 5774 ut
3466 5733 3655 5788 pecca-

2138 5831 2156 5865 ι
2186 5831 2348 5881 Codex
2370 5838 2523 5886 ιτοη..
2539 5830 2691 5884 video.
