4150 6502
516 404 658 462 1555

508 529 623 572 tum
645 514 762 588 ejus
779 512 1048 572 exstitisse
1073 526 1234 584 supra
1257 511 1662 568 aestimationem
1687 505 1963 562 hominum
1991 502 2099 559 cri-

516 604 781 664 mineris?
820 603 932 661 Nisi
959 601 1098 659 forte
1123 612 1177 660 ct
1195 602 1302 658 hoc
1325 599 1620 658 secundum
1645 595 1900 670 mysteria
1929 593 2100 651 Mani-

515 699 650 755 ehmi
672 740 687 762 ,
704 698 848 769 quia
868 695 1214 767 decerptione
1235 708 1512 766 pomorum
1540 700 1596 748 et
1616 691 1856 747 omnium
1881 702 2105 744 nascen-

513 791 649 844 tium
675 803 867 844 manus
891 787 1124 852 cohibet,
1153 801 1220 842 ne
1241 794 1443 857 partem
1474 784 1566 838 Dei
1595 783 1676 838 sui
1706 782 1921 846 laceret,
1945 793 2104 851 quam

515 882 809 937 corticibus
827 890 880 936 et
902 879 1230 952 graminibus
1247 877 1494 949 opinatur
1517 876 1795 941 inclusam,
1822 882 1878 929 tu
1896 886 2108 944 quoque

521 972 690 1028 Adam
715 971 950 1044 graviter
973 969 1277 1040 deliquisse,
1301 968 1429 1040 quia
1446 983 1568 1023 cum
1589 983 1684 1022 esu
1713 965 1877 1037 pomi,
1906 965 2000 1020 Dei
2032 962 2108 1017 tui

522 1062 872 1120 substantiam
894 1062 1226 1124 laeeraverit.
1245 1059 1542 1116 arbitraris.
1563 1059 1610 1114 υ
1628 1058 1890 1112 furorem!
1925 1073 1949 1107 ι
1975 1055 2110 1124 Quia

520 1153 690 1208 multo
713 1162 796 1208 est
816 1151 1069 1224 grandius
1095 1151 1222 1206 illud
1245 1158 1542 1222 peccatum,
1565 1158 1725 1220 quam
1745 1147 1986 1218 judicare
2011 1159 2111 1200 nos

519 1257 837 1312 possumus,
860 1241 929 1297 ab
958 1242 1125 1308 omni,
1162 1259 1181 1294 ι
1209 1241 1410 1312 inquit,
1447 1259 1466 1293 ι
1499 1247 1750 1295 nascente
1801 1238 2047 1293 trahitur.
2085 1254 2107 1290 ι

519 1332 688 1404 Majas
720 1348 856 1404 ergo
882 1334 978 1388 fuit
1005 1334 1214 1389 crimen
1240 1348 1456 1404 pomum
1480 1332 1672 1397 edere,
1699 1347 1818 1385 etim
1851 1347 1956 1384 non
1983 1329 2113 1384 lice-

518 1437 598 1481 ret
615 1469 628 1492 ,
660 1442 820 1497 quam
840 1435 1084 1481 sanctum
1112 1425 1245 1480 Abel
1272 1423 1572 1496 parricidali
1609 1423 1782 1478 livore
1802 1419 2111 1486 confodere,

517 1534 678 1588 quam
708 1519 974 1589 hoSpitum
1019 1519 1071 1573 in
1099 1516 1350 1573 Sodomis
1378 1525 1432 1572 et
1474 1530 1696 1571 sexuum
1737 1513 1856 1584 jura
1884 1511 2112 1576 violare,

517 1626 684 1681 quam
711 1609 846 1667 filios
886 1625 1014 1665 suos
1051 1610 1160 1680 jam
1191 1609 1290 1664 sub
1319 1609 1434 1679 lege
1481 1606 1760 1664 daemoniis
1803 1604 2112 1670 immolare,

519 1718 680 1772 quam
713 1703 1026 1758 innocentes
1054 1713 1326 1774 postremo
1353 1701 1549 1756 nullius
1586 1699 1832 1755 conscios
1861 1698 2115 1752 volunta-

521 1798 588 1852 tis
607 1838 623 1863 ,
649 1812 836 1852 recens
861 1812 998 1867 opus
1022 1796 1150 1864 Dei,
1178 1795 1376 1850 diaboli
1398 1809 1565 1865 regno
1583 1792 1816 1848 subdere
1836 1831 1853 1858 ,
1885 1789 2119 1846 meritis-

519 1904 624 1959 que
668 1889 1026 1958 conjungere,
1077 1902 1237 1957 quam
1301 1885 1468 1940 Deum
1517 1882 1811 1954 iniquitatis
1855 1894 2102 1951 arguere,

517 1996 678 2050 quam
708 1979 1051 2035 honorabiles
1081 1979 1294 2049 nuptias
1323 1977 1662 2033 tenebrarum
1693 1974 1920 2048 principi
1949 1974 2118 2045 depu-

519 2085 669 2139 tare,
699 2083 974 2145 postremo
1019 2073 1305 2144 parvulos,
1351 2072 1472 2144 quia
1518 2079 1806 2127 nascantur
1832 2085 1926 2140 per
1950 2083 2117 2139 gene-

450 2189 463 2217 ,ι
520 2167 754 2224 rantium
784 2166 1116 2236 voluptatem
1139 2207 1155 2233 ,
1187 2165 1436 2222 omnibus
1459 2163 1725 2235 profanis,
1756 2161 2010 2218 omnibus
2033 2161 2116 2230 pi-

521 2257 649 2311 ratis
679 2257 890 2328 pejorcs
923 2257 1151 2327 putare?
1188 2255 1340 2326 Quod
1371 2270 1475 2311 non
1522 2255 1695 2326 fingo,
1741 2252 1840 2309 sed.
1875 2252 2113 2323 colligo:

521 2355 579 2402 tu
600 2349 798 2418 quippe
823 2348 952 2402 illud
982 2358 1257 2419 peccatum
1280 2349 1348 2402 ita
1378 2347 1640 2402 universis
1665 2345 1978 2401 criminibus
1999 2360 2115 2401 ma-

516 2439 606 2508 jus
652 2438 1015 2509 grandiusque
1040 2438 1252 2505 dixisti,
1293 2447 1350 2492 ut
1397 2437 1543 2492 nullo
1591 2437 1759 2507 possit
1797 2434 2113 2506 arquiparari

523 2539 694 2583 reatu.
726 2528 895 2598 llnjus
921 2539 1098 2584 autem
1143 2539 1249 2582 tam
1287 2529 1410 2582 mali
1461 2528 1660 2598 magni,
1683 2527 1825 2598 quod
1869 2527 2118 2582 omnibus

522 2619 667 2673 vitiis
694 2619 1066 2690 prmponderat
1086 2660 1100 2685 ,
1131 2620 1318 2690 plenos
1343 2619 1596 2675 advenire
1627 2618 1874 2689 parvulos
1899 2632 2118 2674 asseve-

523 2726 630 2766 ras.
665 2711 811 2767 Bene
839 2713 1018 2782 itaque
1044 2712 1435 2780 intelleximus,
1481 2712 1623 2783 quod
1669 2718 1869 2782 quanto
1900 2711 2118 2782 majoris

525 2805 728 2872 peccati
760 2805 1044 2875 participes
1072 2815 1224 2871 sunt,
1259 2815 1405 2860 tanto
1439 2805 1492 2861 iu
1517 2805 1966 2861 mndeinnatione
1995 2820 2116 2861 sce-

519 2896 672 2952 lestis
696 2897 950 2952 omnibus
978 2897 1349 2969 pra‘fcranlut‘.

594 2990 730 3044 Aac.
753 2987 978 3058 Propter
996 2988 1154 3044 verba
1178 3003 1318 3055 mea,
1341 3004 1460 3059 quae
1485 2987 1709 3060 posuisti
1728 2987 1797 3044 de
1817 2986 1952 3044 libro
1971 3002 2118 3057 meo,

518 3079 664 3133 velut
689 3078 1001 3146 refellenda,
1047 3080 1092 3136 si
1125 3094 1309 3149 posses
1329 3123 1345 3147 ,
1376 3080 1466 3135 ubi
1492 3080 1602 3135 dixi
1628 3122 1644 3147 ,
1678 3078 1821 3134 Illud
1847 3096 1967 3152 ergo
1995 3096 2116 3150 pec-

520 3183 690 3227 catum
709 3173 846 3244 quod
876 3174 928 3227 in
967 3174 1206 3245 paradiso
1231 3174 1398 3244 ipsum
1423 3174 1676 3228 hominem
1702 3173 1912 3228 mutavit
1939 3174 1994 3228 in
2025 3189 2117 3242 pe-

510 3267 598 3338 jus
618 3307 634 3332 ,
677 3265 797 3334 quia
822 3266 982 3319 multo
1005 3275 1077 3319 est
1102 3265 1348 3336 grandius
1374 3282 1528 3337 quam
1551 3265 1789 3338 judicare
1811 3281 1905 3320 nos
1933 3279 2119 3334 ποίαις

518 3373 652 3420 mus,
683 3355 750 3411 ab
770 3356 912 3410 omni
933 3365 1168 3411 nascente
1196 3356 1415 3410 trahitur
1433 3355 1660 3428 :qumris
1679 3371 1708 3410 a
1733 3370 1822 3412 me
1841 3355 1960 3427 quis
1984 3354 2116 3410 mihi

521 3449 752 3513 dixerit,
785 3447 928 3519 quod
971 3459 1242 3518 peceatum
1277 3448 1408 3504 Atla:
1453 3450 1620 3504 multo
1654 3447 1816 3505 fuerit
1865 3448 2118 3519 grandius

518 3557 678 3610 quam
717 3540 884 3608 Cain,
914 3542 1084 3597 multo
1115 3542 1276 3597 etiam
1317 3557 1477 3612 quam
1506 3540 1922 3598 Sodomitarum.
1963 3539 2120 3608 Quod

515 3648 616 3701 ego
637 3631 851 3703 quidem
870 3647 974 3688 non
992 3633 1231 3703 expressi
1254 3631 1431 3687 verbis
1461 3633 1614 3698 meis,
1637 3631 1733 3689 sed
1758 3647 1821 3687 ea
1849 3640 1904 3686 tu
1930 3631 2008 3687 sic
2037 3633 2118 3688 in-

517 3726 768 3782 tellexisti
793 3741 926 3796 :ego
954 3727 1096 3782 enim
1119 3725 1228 3780 dixi
1262 3725 1516 3796 grandius
1541 3741 1702 3797 quam
1736 3723 1978 3794 judicare
2018 3739 2119 3780 nos

521 3832 806 3887 possumus
825 3815 954 3870 illud
971 3832 1090 3871 esse
1113 3825 1386 3886 peccatum
1407 3832 1422 3880 ;
1443 3831 1546 3870 nou
1565 3815 1672 3870 dixi
1689 3813 1942 3886 grandius
1957 3829 2116 3885 quam

517 3910 653 3963 Cain
683 3909 765 3962 vel
795 3908 1216 3964 Sodomitarum.
1255 3907 1518 3962 Prohibiti
1548 3908 1690 3962 enim
1721 3907 1863 3976 pomi
1894 3921 2118 3976 usurpa-

522 4005 616 4065 tio,
648 4003 901 4072 quoniam
934 4003 1013 4058 sic
1038 4001 1303 4056 vindicata
1325 4010 1429 4068 est,
1454 4009 1513 4056 ut
1537 4009 1729 4056 natura
1746 4016 1864 4072 qua:
1885 4008 2121 4072 potesta-

527 4103 634 4148 tem
665 4108 770 4149 non
797 4092 1060 4152 moriendi
1091 4092 1353 4160 habebat,
1385 4091 1606 4147 haberet
1634 4092 1898 4148 moriendi
1928 4105 2119 4148 neces-

520 4187 755 4252 sitatem,
786 4185 970 4257 procul
995 4184 1160 4240 dubio
1183 4184 1380 4256 judicia
1407 4193 1594 4241 cuncta
1620 4184 1833 4240 excedit
1861 4184 2113 4240 humana.

522 4280 746 4335 l’omum
775 4280 972 4351 quippe
989 4279 1106 4350 lege
1126 4278 1224 4336 Dei
1245 4280 1463 4336 vetitum
1489 4279 1840 4349 manducare,
1882 4281 2000 4336 leve
2036 4281 2118 4336 vi-

521 4370 740 4424 deretur
765 4385 888 4426 esse
904 4377 1180 4440 peccatum
1200 4387 1214 4423 :
1233 4369 1327 4426 sed
1345 4371 1526 4442 quanti
1546 4370 1644 4425 hoc
1666 4371 2011 4426 aestimaverit
2026 4372 2117 4442 qui

524 4479 628 4517 non
651 4473 824 4533 potest
845 4462 979 4530 falli,
996 4463 1125 4518 satis
1140 4471 1359 4534 apparet
1378 4463 1676 4536 granditate
1696 4464 1963 4535 supplicii.
1984 4462 2117 4518 Cain

521 4571 651 4611 vero
693 4554 979 4610 fratricida:
1005 4564 1226 4626 apparet
1252 4555 1500 4610 omnibus
1532 4555 1765 4610 immane
1793 4563 2067 4626 peccatum
2098 4596 2114 4622 ,

521 4657 576 4704 et
601 4648 776 4704 scelus
803 4662 924 4705 esse
953 4655 1162 4703 constat
1193 4645 1520 4703 horrendum
1569 4663 1584 4700 :
1638 4646 1780 4718 quod
1827 4647 1910 4714 si,
1954 4655 2017 4702 ut
2059 4655 2118 4701 tu

522 4742 653 4797 facis
674 4784 688 4807 ,
735 4757 894 4812 pomo
924 4731 1108 4796 illicito
1133 4739 1387 4810 decerpto
1406 4781 1420 4806 ,
1454 4755 1552 4810 per
1579 4737 1867 4794 humanum
1899 4753 2118 4809 compa-

521 4844 671 4888 retur
697 4848 955 4898 examen,
1005 4831 1226 4890 ridicula
1271 4831 1601 4903 comparatio
1625 4831 1981 4902 judicabitur;
2024 4831 2118 4902 qui

523 4937 701 4981 tamen
773 4925 1074 4990 fratricida,
1127 4925 1370 4996 quamvis
1428 4925 1747 4996 quandoque
1794 4925 2114 4990 moriturus,

525 5031 625 5069 nec
655 5025 826 5070 morte
868 5017 1084 5085 punitus
1126 5024 1241 5077 est,
1286 5020 1388 5085 qua
1418 5016 1594 5070 solent
1622 5015 1869 5068 humanis
1901 5014 2118 5084 judiciis

526 5105 651 5158 talia
683 5106 908 5160 crimina
939 5105 1219 5160 vindicari.
1254 5105 1338 5159 Ait
1366 5105 1563 5175 quippe
1593 5105 1669 5160 illi
1698 5105 1839 5159 Deus
1871 5122 1885 5159 :
1921 5105 2118 5176 Opera-

523 5195 654 5248 bcris
694 5204 898 5260 terram,
926 5205 974 5248 et
998 5212 1097 5249 non
1125 5195 1329 5264 adjiciat
1371 5196 1600 5248 virtutem
1639 5211 1786 5248 suam
1833 5195 1958 5250 dare
1993 5197 2119 5264 tibi;

526 5302 728 5354 gemens
756 5294 802 5338 et
831 5295 1045 5340 h‘ernens
1068 5286 1167 5340 eris
1186 5303 1339 5358 super
1365 5295 1570 5340 terram.
1619 5286 1688 5341 Et
1711 5301 1833 5342 cum
1883 5287 1972 5344 ille
2019 5304 2119 5344 au-

528 5379 682 5431 diens
713 5385 908 5430 terram
948 5391 1054 5431 non
1102 5376 1202 5432 sibi
1251 5375 1496 5431 daturam
1545 5375 1774 5432 fructum
1821 5379 2116 5435 secundum

531 5469 766 5523 laborem
795 5481 950 5522 suum
969 5508 983 5531 ,
1014 5475 1069 5522 et
1096 5481 1259 5537 super
1287 5481 1404 5522 eam
1427 5481 1547 5522 eum
1575 5468 1778 5538 gemitu
1804 5478 1858 5525 et
1886 5479 2118 5526 tremore

529 5561 783 5613 miserum
811 5557 870 5614 se
895 5557 1172 5624 futurum,
1201 5557 1372 5630 magis
1397 5559 1586 5614 mortis
1616 5558 1899 5617 formidine
1927 5571 2116 5633 quate-

525 5663 695 5719 retur,
729 5651 795 5707 ne
840 5649 959 5722 quis
1006 5649 1055 5704 ei
1087 5648 1318 5716 faceret,
1367 5649 1509 5720 quod
1558 5651 1673 5722 ipse
1702 5651 1901 5708 fecerat
1929 5653 2113 5717 fratri;

529 5745 700 5812 posuit
728 5744 778 5800 ei
829 5744 965 5798 Deus
992 5742 1233 5812 signum,
1267 5757 1335 5798 nc
1363 5742 1647 5813 quisquam
1669 5760 1827 5809 eum,
1875 5761 1995 5801 eum
2029 5746 2113 5800 in-

529 5837 788 5903 venisset,
823 5833 1089 5892 occiderct
1135 5833 1284 5906 (Gen.
1317 5851 1386 5904 tv,
1440 5834 1504 5891 l9.
1537 5867 1558 5877 -
1595 5837 1714 5909 15),.
1776 5835 1870 5892 llic
1925 5852 2110 5895 rursus

1191 399 1441 458 OPERIS
1477 393 1889 454 IMPERFECTI
1923 388 2196 448 CONTRA
2234 380 2600 456 JULIANUM,
2641 386 2701 444 S.
2741 385 3113 446 AUGUSTI!“

3657 387 3806 447 i556

2215 500 2404 573 ingens
2448 501 2645 572 culpa,
2677 508 2732 556 et
2783 501 2919 558 levis
2965 516 3123 572 ptena
3155 519 3169 556 :
3201 501 3295 557 sed
3343 501 3622 556 hominum
3667 504 3817 573 judi-

2213 593 2310 649 ciis
2350 592 2453 649 hoe
2490 592 2719 661 videtur,
2740 594 2830 664 qui
2870 611 2971 651 nec
3011 594 3263 666 mysteria
3300 595 3400 649 ista
3440 605 3819 664 cognoscunt,

2214 695 2270 742 et
2294 685 2570 741 hominum
2599 686 2785 757 culpas
2814 696 2921 742 tam
2967 687 3170 758 liquido
3214 695 3374 758 atque
3424 687 3634 756 integro
3676 682 3816 741 (xa-

2214 779 2391 843 mine,
2419 794 2576 850 quam
2628 779 2772 835 Deus
2819 795 3044 850 pensare
3086 795 3194 835 non
3244 788 3484 850 possunt.
3516 778 3822 835 Sodomita

2214 887 2344 928 sane
2368 874 2490 944 igne
2540 887 2704 944 super
2757 873 2899 928 illam
2950 882 3148 929 terram
3200 873 3448 929 veniente
3519 872 3589 928 de
3634 873 3824 941 calo,

2216 979 2374 1035 paena
2431 965 2544 1020 suis
2593 964 2747 1020 factis
2774 974 3101 1036 congruente
3121 1007 3137 1032 ,
3171 973 3294 1019 sunt
3319 965 3620 1035 consumpti
3652 963 3812 1035 (Gen.

2219 1072 2335 1123 xix,
2390 1055 2548 1127 1-9.5)
2579 1073 2592 1110 :
2623 1055 2718 1111 sed
2765 1055 2836 1111 ibi
2881 1064 3036 1110 erant
3078 1066 3133 1110 et
3187 1056 3412 1126 parvuli,
3455 1064 3506 1111 te
3560 1065 3814 1126 patrono,

2218 1148 2339 1221 puri
2401 1159 2457 1206 et
2503 1149 2656 1206 liberi
2708 1149 2778 1205 ab
2828 1149 2977 1204 otnni
3025 1149 3345 1219 contagione
3403 1148 3651 1218 peccati,
3715 1163 3826 1204 nee

2219 1249 2397 1297 tamen
2419 1241 2599 1312 justus
2629 1249 2685 1297 et
2711 1239 3018 1296 misericors
3045 1239 3186 1296 Deus
3216 1249 3293 1295 tot
3316 1241 3628 1296 innocentes
3672 1239 3821 1294 ima-

2218 1337 2371 1408 gines
2396 1351 2521 1392 suas
2548 1352 2646 1407 per
2672 1335 3001 1408 Angelorum
3051 1330 3430 1402 ministerium,
3457 1333 3598 1405 quod
3645 1334 3696 1389 ei
3727 1332 3826 1388 fa-

2219 1430 2476 1486 cillimum
2503 1429 2624 1498 fuit,
2654 1439 2780 1485 ante
2824 1429 3000 1500 rapuit
3025 1427 3092 1483 de
3139 1427 3387 1484 incendio
3432 1425 3820 1494 Sodomorum,

2219 1530 2311 1575 aut
2335 1521 2473 1576 sicut
2496 1519 2666 1574 tribus
2685 1519 2793 1574 illis
2818 1519 2870 1574 iu
2898 1518 3108 1574 camino
3128 1519 3256 1573 viris
3283 1517 3444 1590 (Dan.
3472 1533 3546 1583 ιιι,
3575 1513 3664 1582 49,
3696 1517 3820 1588 50),

2222 1612 2464 1668 innoxias
2492 1612 2570 1668 eis
2597 1611 2839 1667 flammas
2862 1653 2877 1677 ,
2903 1611 3098 1683 quibus
3121 1621 3366 1682 parentes
3392 1626 3575 1666 eorum
3601 1625 3819 1666 crema-

2222 1707 2436 1775 bantur,
2464 1706 2806 1778 omnipotens
2833 1707 3083 1778 praebuit.
3114 1706 3219 1762 lsta
3247 1705 3526 1761 considera
3553 1747 3567 1771 ,
3594 1705 3694 1761 ista
3725 1704 3817 1760 di-

2221 1799 2448 1871 ligentcr
2476 1808 2530 1856 et
2557 1801 2644 1871 pie
2669 1801 2878 1872 cogita;
2908 1809 2964 1857 et
2991 1800 3177 1855 videns
3203 1800 3254 1855 in
3286 1799 3388 1855 hoc
3416 1800 3616 1855 szeculo
3641 1798 3818 1870 pusil-

2220 1891 2302 1947 los
2325 1907 2446 1947 cum
2474 1892 2678 1963 magnis
2696 1933 2713 1958 ,
2762 1892 2961 1963 pariter
2983 1891 3178 1948 talibus
3220 1891 3450 1948 miseriis
3497 1891 3780 1961 subjacere
3797 1933 3822 1956 ,

2220 1984 2404 2054 quales
2425 1983 2572 2040 nullo
2599 1984 2758 2039 modo
2782 1992 3003 2056 possent
3032 1984 3084 2039 in
3116 1983 3209 2039 Dei
3239 1983 3487 2056 paradiso
3506 2025 3526 2049 ,
3563 1983 3610 2038 si
3653 1998 3825 2038 nemo

2222 2082 2532 2143 peccasset,
2563 2075 2826 2139 existere;
2858 2089 3090 2146 agnosce
3115 2074 3374 2144 originale
3414 2082 3690 2144 peccatum
3711 2115 3727 2138 ,
3761 2082 3822 2130 et

2215 2164 2418 2235 justum
2459 2180 2620 2236 grave
2655 2164 2841 2236 jugum
2887 2181 3050 2235 super
3078 2165 3214 2220 filios
3242 2164 3411 2220 Adam
3442 2180 3473 2220 a
3510 2163 3601 2220 die
3639 2163 3821 2219 exitus

2220 2255 2288 2312 de
2315 2265 2500 2312 ventre
2530 2257 2714 2312 matris
2759 2270 2946 2312 eorum
2977 2255 3161 2328 (Ecclr‘.
3209 2271 3296 2325 ιι,
3345 2254 3399 2328 1)
3429 2273 3444 2310 :
3475 2263 3529 2311 et
3573 2254 3679 2310 noli
3721 2268 3824 2311 eos

2223 2358 2311 2405 tua
2337 2349 2648 2406 defensione
2689 2350 2918 2420 amplius
2947 2363 3268 2420 aggravare,
3313 2348 3529 2418 aegrotis
3553 2347 3638 2401 vel
3665 2361 3820 2402 mor-

2223 2442 2327 2496 tuis
2371 2443 2690 2498 Salvatorem
2719 2453 2773 2498 et
2800 2442 3182 2498 vivificatorem
3223 2439 3495 2512 denegans
3519 2439 3821 2495 Christum.

2219 2531 2353 2587 Nam
2381 2533 2424 2588 si
2452 2531 2648 2604 quieris
2671 2576 2685 2599 ,
2713 2533 2835 2605 quis
2858 2533 2989 2588 mihi
3017 2532 3215 2589 dixerit
3234 2547 3392 2603 quam
3419 2546 3666 2602 magnum
3690 2545 3818 2600 pec-

2220 2635 2396 2680 catum
2427 2625 2593 2680 Adam
2625 2627 2978 2697 perpetu-rit,
3013 2626 3126 2697 ipse
3153 2634 3236 2682 est
3257 2626 3346 2696 qui
3391 2625 3525 2681 dixit
3564 2634 3620 2682 et
3669 2623 3764 2679 tibi
3796 2641 3816 2678 :

2220 2714 2315 2770 sed
2354 2715 2399 2770 si
2431 2715 2598 2772 habes
2644 2731 2802 2772 aures
2842 2715 3122 2782 audiendi,
3169 2717 3353 2772 audies
3397 2732 3549 2783 eum;
3593 2717 3821 2772 habebis

2221 2817 2396 2861 autem
2422 2823 2546 2874 eas,
2574 2808 2617 2864 si
2650 2825 2756 2863 non
2787 2809 2908 2866 illas
2950 2818 3068 2864 tuas
3106 2810 3328 2865 arbitrio
3359 2810 3590 2876 tribuas,
3623 2809 3718 2865 sed
3747 2810 3821 2866 ab

2221 2899 2314 2954 illo
2341 2900 2571 2969 accipias
2599 2900 2688 2971 qui
2714 2900 2876 2969 dixit,
2906 2899 3053 2957 Dabo
3090 2902 3162 2956 eis
3200 2918 3289 2956 cor
3313 2902 3646 2973 cognoscendi
3690 2919 3773 2956 me
3793 2944 3815 2971 ,

2219 2997 2266 3043 et
2290 3004 2438 3044 aures
2479 2990 2740 3046 audientes
2769 2990 3020 3064 (Baruclt.
3061 3007 3131 3060 ιι,
3182 2991 3296 3065 3i).
3341 2991 3471 3061 Quis
3505 2992 3681 3058 enim,
3711 2993 3823 3049 nisi

2220 3082 2309 3152 qui
2334 3081 2527 3137 talibus
2555 3083 2773 3139 auribus
2795 3093 2973 3150 caret,
3018 3099 3124 3138 non
3168 3083 3318 3139 audit
3342 3083 3670 3154 Scripturam
3697 3083 3820 3140 sine

2222 3173 2329 3230 ulla
2355 3173 2682 3232 obscuritate
2707 3176 2793 3232 vel
2809 3176 3154 3247 ambiguitate
3174 3175 3439 3231 dicentem
3469 3174 3670 3231 homini
3702 3175 3818 3245 pri-

2221 3279 2310 3319 mo
2335 3265 2602 3336 peceatori
2621 3307 2637 3333 ,
2662 3265 2818 3320 Terra
2839 3282 2919 3334 es,
2945 3275 2993 3321 et
3012 3267 3066 3320 in
3088 3275 3274 3320 terram
3294 3265 3389 3321 ibis
3413 3265 3565 3338 (Gen.
3592 3265 3820 3336 111,19)?

2221 3353 2324 3412 Ubi
2347 3355 2624 3413 evidenter
2653 3357 2973 3423 ostenditur,
3003 3373 3108 3412 non
3158 3373 3281 3413 eum
3326 3357 3492 3413 fuisse
3519 3358 3604 3413 vel
3649 3371 3817 3413 carne

2222 3447 2562 3515 moriturum,
2592 3447 2644 3504 id
2665 3456 2767 3515 est,
2799 3449 2851 3504 in
2881 3458 3108 3514 terram,
3139 3448 3281 3504 unde
3305 3463 3432 3504 caro
3458 3448 3574 3519 ejus
3602 3456 3821 3519 sumpta

2222 3537 2423 3606 fuerat,
2456 3549 2632 3596 morte
2658 3540 2822 3610 ipsius
2847 3541 3025 3596 carnis
3052 3542 3247 3596 iturum
3265 3583 3280 3607 ,
3313 3541 3414 3596 nisi
3444 3551 3660 3612 propter
3685 3557 3820 3612 pec-

2221 3629 2528 3700 catumhoc
2551 3631 2736 3687 audire
2763 3632 3075 3703 perpetique
3102 3633 3424 3698 meruisset,
3449 3631 3590 3687 unde
3625 3642 3818 3703 postea

2222 3722 2356 3778 dixit
2382 3723 2933 3796 Apostolus,Corpus.
2951 3725 3154 3796 quidem
3197 3735 3452 3780 mortuum
3497 3735 3568 3781 est
3610 3735 3820 3796 prapter

2223 3823 2484 3883 peccatum
2532 3812 2705 3886 (Rom.
2744 3831 2851 3883 Vll,
2885 3815 2998 3888 10).
3029 3815 3160 3884 Quis
3209 3831 3315 3871 non
3343 3816 3553 3883 audiat,
3586 3815 3687 3871 nisi
3726 3817 3825 3886 qui

2225 3906 2357 3962 tales
2378 3922 2536 3963 aures
2565 3923 2670 3964 non
2697 3907 2878 3975 habet,
2900 3908 3166 3966 dicentem
3195 3910 3362 3965 Deum
3384 3909 3454 3966 de
3481 3910 3594 3980 ipso
3620 3909 3816 3976 Adam,

2224 3996 2310 4051 Ne
2335 3996 2611 4070 aliquando
2637 4000 2880 4054 extendat
2900 4017 3107 4055 manum
3131 4017 3296 4066 suam,
3324 4011 3370 4056 et
3403 4012 3567 4056 sumat
3588 4001 3653 4056 de
3677 4002 3818 4073 ligno

2223 4090 2356 4155 uitat,
2386 4098 2432 4144 et
2456 4091 2591 4164 edat,
2619 4099 2665 4145 et
2683 4091 2822 4145 uiuat
2845 4092 2898 4145 in
2921 4101 3203 4158 wtemum;
3232 4102 3279 4147 et
3305 4092 3501 4147 dimisit
3538 4093 3683 4149 illum
3710 4091 3820 4146 Do—

2223 4184 2390 4238 minus
2418 4183 2481 4238 de
2516 4185 2755 4256 paradiso
2780 4185 3056 4257 uoluptatis
3089 4185 3240 4258 (Gen.
3286 4201 3364 4254 ιιι,
3409 4185 3502 4253 22,
3532 4186 3667 4257 23)?
3714 4184 3827 4242 Ubi-

2225 4276 2406 4345 utique
2434 4276 2550 4331 sine
2577 4276 2760 4334 labore
2786 4287 2840 4333 et
2867 4277 3054 4334 dolore
3077 4279 3189 4334 ullo
3218 4279 3419 4334 viveret
3450 4281 3502 4334 in
3528 4287 3812 4334 mternum.

2228 4369 2481 4439 Voluptas
2505 4370 2704 4442 quippe
2752 4371 2840 4426 illa
2868 4371 3096 4440 paradisi
3125 4412 3140 4435 ,
3187 4371 3328 4444 quod
3375 4386 3595 4429 necesse
3626 4380 3710 4427 est
3741 4371 3822 4427 fa-

2225 4461 2464 4526 teamini,
2493 4461 2535 4516 si
2566 4461 2581 4493 ¹
2609 4460 2961 4518 christianum
2995 4478 3189 4518 nomen
3223 4463 3456 4518 nondum
3479 4462 3608 4518 estis
3637 4462 3826 4526 obliti,

2224 4570 2330 4609 non
2359 4553 2702 4625 turpitudinis
2720 4597 2735 4622 ,
2765 4551 2861 4611 sed
2891 4555 3231 4611 beatitudinis
3256 4555 3537 4627 cogitanda
3563 4564 3664 4611 est.
3690 4555 3829 4612 Rrec

2224 4662 2352 4718 ergo
2389 4663 2542 4718 paena
2567 4688 2583 4716 ,
2615 4663 2774 4719 quam
2819 4649 3013 4704 meruit
3039 4648 3230 4717 Adam,
3263 4666 3330 4706 ne
3354 4651 3557 4706 viveret
3581 4651 3634 4706 in
3659 4661 3821 4706 teter-

2224 4755 2373 4805 num,
2404 4747 2460 4794 et
2489 4738 2608 4795 ideo
2635 4738 2886 4795 dimissus
2911 4748 2995 4796 est
3017 4739 3084 4795 de
3109 4741 3226 4796 loco
3253 4749 3411 4796 tanta:
3454 4740 3820 4806 beatitudinis,

2226 4832 2313 4888 ubi
2340 4832 2383 4886 si
2410 4840 2589 4898 esset,
2623 4846 2797 4902 neque
2842 4840 3149 4901 peccasset,
3182 4831 3365 4902 procul
3408 4831 3572 4887 dubio
3614 4831 3822 4887 viveret

2225 4929 2279 4984 in
2314 4938 2575 4982 :eternum
2598 4967 2612 4989 ,
2645 4941 2802 4992 quam
2849 4941 3039 4995 magna
3069 4939 3226 4994 pmna
3255 4934 3371 4990 est,
3417 4933 3521 4979 tam
3567 4939 3820 4995 magnum

2223 5019 2483 5076 debemus
2513 5017 2808 5088 intelligere
2839 5026 3116 5086 peccatum
3135 5058 3150 5084 ,
3173 5016 3314 5088 quod
3335 5032 3398 5072 ea
3423 5032 3578 5087 pruna
3600 5015 3822 5087 dignum

2223 5111 2397 5166 fuerat
2425 5109 2702 5165 vindicari.
2752 5109 2888 5178 Quid
2936 5109 3092 5180 igitur
3119 5109 3232 5181 agis
3255 5152 3271 5177 ,
3315 5110 3541 5165 obsecro
3567 5119 3655 5175 te,
3696 5126 3820 5165 cum

2224 5210 2501 5272 peccatum
2542 5201 2674 5256 Δάαι
2722 5209 2866 5256 tanta
2910 5209 3202 5257 extenuare
3260 5201 3473 5257 conaris
3527 5203 3814 5266 instantia,

2225 5294 2329 5350 nisi
2360 5295 2524 5350 Deum
2553 5293 2733 5366 arguis
2755 5294 3002 5349 immanis
3033 5292 3419 5365 horrendrcque
3445 5293 3667 5349 smvitiae
3687 5336 3702 5358 ,
3727 5293 3829 5364 qui

2225 5388 2330 5444 hoc
2359 5396 2501 5442 tanta
2527 5430 2542 5454 ,
2583 5401 2689 5443 non
2721 5387 2843 5444 dico
2869 5386 3185 5454 severitate,
3230 5386 3326 5443 sed
3369 5386 3690 5443 crudelitate
3719 5401 3823 5456 [tu-

2224 5479 2357 5534 nivit
2377 5478 2401 5531 ἲ
2425 5477 2577 5545 Quod
2605 5477 2672 5533 de
2700 5477 2842 5544 Deo,
2873 5479 2918 5534 si
2969 5477 3119 5534 nefas
3144 5487 3230 5534 est
3276 5478 3482 5534 sentire
3505 5518 3521 5541 ,
3570 5491 3668 5532 cur
3710 5491 3828 5531 non

2222 5571 2570 5643 quantitatem
2611 5570 2802 5641 culpae,
2848 5569 2916 5625 de
2963 5585 3067 5641 qua
3128 5569 3373 5625 homines
3409 5569 3653 5640 judicare
3713 5585 3826 5624 non

2223 5671 2468 5735 possunt,
2503 5662 2778 5734 judicante
2815 5663 2998 5734 judice
3027 5663 3516 5733 incomparabiliter
3539 5662 3714 5733 justo,
3749 5661 3829 5717 de

2225 5772 2398 5829 patum
2424 5757 2722 5828 granditate
2746 5757 2973 5823 metiris,
2998 5765 3054 5813 et
3081 5765 3224 5812 tuam
3249 5757 3480 5829 linguam
3501 5771 3532 5813 a
3555 5755 3824 5828 sacrilega

2292 5873 2305 5902 ¹
2347 5872 2495 5934 \‘ign.,
2526 5869 2635 5923 nisi.
2661 5868 2829 5922 Melius
2848 5869 3004 5923 codex
3026 5876 3176 5928 t‘ort..
3205 5868 3264 5922 si.
