4150 6470
380 379 520 439 I557

378 489 698 564 loquacitate
755 486 1097 560 compescis?
1144 486 1253 557 Ego
1295 493 1474 540 autem
1522 482 1812 555 iniquitatis
1858 501 1964 541 non

379 599 545 656 arguo
574 582 783 649 Deum,
807 580 961 650 cujus
1000 577 1123 634 dico
1146 577 1348 648 justum
1387 575 1575 648 jngum
1623 590 1785 645 super
1830 576 1969 632 filios

380 676 549 731 Adam
588 689 619 728 ει
644 672 735 729 die
762 671 936 727 exitus
964 670 1034 725 de
1080 676 1267 724 ventre
1306 667 1492 722 matris
1519 681 1707 722 eorum
1742 683 1755 719 :
1789 665 1882 721 sed
1915 676 1971 721 tu

381 767 555 839 potius
580 766 818 836 iniquum
842 762 973 819 facis
1002 761 1167 816 Deum
1193 800 1209 824 ,
1231 759 1320 830 qui
1347 768 1501 830 putas
1520 772 1613 814 eos
1639 757 1740 813 hoc
1765 756 1970 828 perpeti

381 862 495 916 sine
526 858 633 913 ullo
677 857 866 911 merito
912 853 1317 925 qualiscumque
1348 850 1568 922 peccati.
1615 848 1725 905 Nec
1752 856 1973 921 propter

379 967 518 1023 opus
546 948 686 1021 quod
710 948 834 1003 fecit
860 947 997 1001 Deus
1016 985 1033 1012 ,
1062 942 1159 1000 sed
1191 952 1409 1014 propter
1437 941 1625 997 vitium
1654 938 1796 1011 quod
1829 938 1973 994 inse-

379 1046 455 1099 vit
501 1041 768 1107 inimicus,
815 1055 908 1095 eos
953 1039 1053 1095 sub
1097 1037 1286 1093 eodem
1318 1036 1533 1092 inimico
1562 1049 1683 1092 esse
1707 1034 1850 1101 dico,
1883 1034 1972 1104 qui

380 1151 449 1192 ex
478 1134 650 1204 primo
676 1131 890 1186 homine
916 1137 1229 1195 nascuntur,
1258 1128 1303 1183 si
1342 1128 1395 1182 in
1416 1125 1653 1183 secundo
1679 1140 1785 1181 non
1812 1140 1973 1181 rena-

378 1233 601 1280 scuntur
629 1223 669 1276 ι.
704 1221 761 1277 ln
793 1220 985 1292 quibus
1011 1230 1066 1275 tu
1098 1218 1393 1274 Ecclesiam
1414 1215 1729 1273 catholicam
1753 1214 1975 1271 crimine

380 1316 677 1388 tnajcstatis
704 1327 925 1370 accusas
945 1354 960 1379 ,
989 1312 1071 1380 si,
1101 1320 1160 1366 ut
1183 1310 1349 1379 dicis,
1373 1323 1481 1365 non
1501 1314 1759 1365 eruuntur
1781 1306 1849 1361 de
1875 1320 1975 1376 po-

386 1416 580 1465 testate
608 1406 947 1463 tenebrarum
965 1445 982 1471 ,
1008 1420 1131 1460 cum
1156 1403 1494 1474 baptizantur
1520 1398 1759 1471 parvuli,
1784 1406 1839 1454 et
1864 1397 1974 1465 illa,

381 1499 687 1572 priusquam
714 1496 1070 1568 baptizentur,
1095 1494 1367 1552 exorcizat
1392 1503 1447 1550 et
1470 1489 1721 1548 exsufﬂat
1740 1498 1818 1545 tot
1839 1489 1975 1544 ima-

378 1593 531 1665 gines
576 1590 691 1646 Dei.
720 1588 831 1644 Nec
868 1586 1209 1643 honorabiles
1252 1583 1464 1654 nuptias
1506 1582 1705 1653 deputo
1750 1578 1977 1651 principi

385 1684 761 1747 tenebrarum,
792 1696 925 1752 quas
950 1693 1119 1752 purgo
1146 1679 1216 1734 ab
1254 1677 1403 1733 omni
1451 1690 1589 1731 noxa
1635 1673 1899 1740 libidinis,
1932 1673 1975 1727 si

377 1794 441 1835 ea
460 1779 597 1835 bene
618 1785 836 1833 utuntur
856 1775 1152 1831 intentione
1173 1771 1500 1845 propaginis.
1522 1769 1603 1825 Tu
1628 1784 1758 1825 vero
1778 1767 1975 1823 malum

379 1886 488 1943 quo
516 1886 644 1927 caro
667 1869 1001 1941 concupiscit
1040 1866 1299 1922 adversus
1328 1865 1607 1937 spiritum,
1648 1862 1978 1918 constituere

382 1964 435 2018 in
463 1963 711 2034 paradiso
740 1976 848 2016 non
876 1958 1269 2031 perhorrescis,
1297 1955 1400 2011 hoc
1424 1966 1535 2021 est,
1567 1954 1619 2009 in
1649 1953 1770 2009 loco
1818 1960 1978 2007 tantre

381 2056 565 2127 pacis,
596 2063 756 2111 tantm
785 2053 979 2125 quietis
1001 2094 1018 2121 ,
1051 2059 1211 2107 tanta:
1242 2049 1574 2113 honestatis,
1604 2055 1768 2102 tantm
1804 2044 1973 2100 felici-

382 2149 526 2205 tatis.
556 2147 668 2203 Nec
697 2145 946 2217 parvulos
976 2159 1086 2200 non
1134 2142 1395 2198 habentes
1422 2139 1522 2195 nisi
1564 2136 1821 2209 originale
1845 2150 1977 2207 peo-

380 2250 559 2298 catum
579 2278 596 2305 ,
624 2237 877 2293 omnibus
906 2234 1183 2307 ﬂagitiosis
1212 2242 1269 2289 et
1292 2230 1566 2289 sceleratis
1579 2270 1601 2298 ,ν
1621 2239 1678 2284 ut
1697 2227 1979 2285 calumnia-

380 2332 488 2399 ris,
517 2331 700 2402 judico
726 2345 851 2386 esse
881 2328 1115 2401 pejores.
1144 2324 1303 2382 Aliud
1330 2335 1412 2380 est
1436 2323 1579 2381 enim
1609 2328 1828 2393 peccato
1856 2334 1887 2374 a
1917 2331 1978 2374 se

386 2426 679 2482 commisso
705 2423 951 2496 gravari,
971 2421 1115 2477 aliud
1145 2419 1303 2476 alieni
1328 2416 1620 2489 quamlibet
1647 2413 1823 2485 magni
1851 2428 1981 2469 con-

381 2516 596 2587 tagione
643 2515 902 2586 respergi.
932 2513 1162 2584 PrOpter
1187 2509 1329 2583 quod
1358 2507 1566 2581 parvuli
1605 2505 1672 2561 ad
1702 2505 1979 2561 remissio-

382 2622 509 2663 nem
551 2614 932 2677 peccatorum,
985 2603 1123 2660 sicut
1168 2601 1246 2657 ait
1287 2600 1516 2664 Pmnus,
1565 2612 1724 2669 paena
1768 2604 1976 2661 vestra,

379 2697 678 2770 Cyprianus
700 2738 716 2765 ,
742 2697 847 2753 hoc
875 2697 994 2767 ipso
1031 2694 1241 2750 facilius
1265 2690 1563 2757 accedunt,
1596 2687 1739 2761 quod
1767 2688 1846 2743 eis
1888 2702 1979 2742 rc-

381 2791 669 2847 mittuntur
693 2804 798 2843 non
821 2788 1035 2859 propria
1058 2826 1073 2853 ,
1095 2784 1191 2841 sed
1212 2784 1385 2840 aliena
1415 2791 1633 2854 peccata
1660 2779 1856 2852 (Epist.
1885 2778 1977 2844 θι,

380 2881 452 2934 ad
482 2877 714 2952 Fidum).
747 2878 826 2937 Tu
877 2887 1090 2944 autem,
1133 2891 1255 2932 cum
1293 2875 1580 2947 parvulos,
1623 2890 1729 2929 non
1771 2873 1977 2938 solum,

382 2971 527 3042 quod
556 2980 612 3026 et
639 2984 738 3026 nos
779 2969 1039 3038 dicimus,
1083 2968 1288 3023 nullum
1337 2982 1408 3022 ex
1452 2966 1664 3036 prepria
1708 2965 1981 3020 voluntate

383 3061 609 3130 fecisse,
638 3077 823 3117 verum
849 3060 1011 3115 etiam
1037 3058 1245 3114 nullum
1274 3057 1411 3113 dicis
1429 3072 1494 3113 ex
1525 3056 1730 3127 origine
1753 3056 1980 3111 traxisse

383 3161 681 3228 peccatum,
714 3152 965 3223 injustam
996 3149 1185 3222 procul
1220 3148 1385 3205 dubio
1426 3148 1558 3207 facis
1596 3147 1798 3215 Deum,
1838 3146 1981 3219 quod

387 3244 482 3299 tibi
526 3244 637 3314 jam
684 3258 832 3317 saepe
883 3242 1127 3308 dictum,
1177 3240 1479 3312 stepiusque
1528 3237 1812 3293 dicendum
1860 3245 1977 3305 est,

383 3336 482 3412 qui
502 3337 583 3392 eis
625 3336 879 3408 imposuit
903 3350 1065 3406 grave
1100 3334 1287 3406 jugum
1314 3347 1345 3387 a
1371 3331 1461 3387 die
1486 3330 1660 3387 exitus
1703 3330 1769 3386 de
1795 3337 1981 3384 ventre

383 3430 572 3486 matris
600 3430 833 3485 illorum.
878 3428 1022 3484 Sane
1048 3435 1106 3483 ut
1156 3426 1426 3496 intelligas
1460 3421 1730 3495 quomodo
1775 3421 1979 3494 parvuli

384 3535 452 3576 ex
485 3518 653 3574 Adam
676 3521 782 3574 nati
805 3559 819 3584 ,
852 3526 907 3573 et
932 3516 1340 3588 participatione
1362 3513 1564 3584 peccati
1586 3513 1728 3567 illius
1749 3509 1982 3567 hominis

385 3610 718 3682 obligentur,
749 3618 805 3666 et
836 3618 1013 3665 tamen
1042 3607 1209 3679 ipsius
1233 3606 1404 3663 reatui
1432 3620 1536 3660 non
1566 3611 1865 3675 mqnentur,
1895 3610 1979 3657 at-

386 3702 547 3758 tende
588 3701 898 3769 Christum,
943 3714 1102 3771 quem
1147 3696 1321 3769 legisti
1369 3710 1491 3751 esse
1542 3693 1770 3749 formam
1819 3692 1980 3748 futuri

388 3794 567 3867 (Rom.
598 3810 650 3860 v,
680 3795 809 3865 li);
837 3803 892 3850 et
916 3792 1039 3849 vide
1064 3789 1515 3863 quemadmodum
1544 3788 1748 3860 parvuli
1791 3787 1844 3842 in
1892 3786 1982 3842 illo

388 3885 582 3953 renati,
611 3895 667 3942 et
692 3886 809 3956 ejus
831 3884 1123 3959 participes
1144 3881 1366 3952 justitia:
1393 3879 1553 3944 fiant,
1581 3887 1636 3934 et
1663 3879 1783 3949 ejus
1815 3877 1979 3933 meri-

387 3979 458 4034 tis
474 3996 577 4033 non
597 3978 797 4034 audeas
816 3992 910 4033 eos
925 3990 1258 4047 comparare.
1278 3973 1359 4029 'l'u
1380 3988 1592 4044 quoque
1615 3971 1668 4026 in
1692 3971 1849 4041 hujus
1862 3986 1983 4041 ope-

388 4070 462 4125 ris
491 4070 565 4125 tui
622 4069 758 4124 libro
801 4067 1038 4124 secundo
1082 4066 1305 4137 (Supra,
1353 4080 1504 4135 capp.
1564 4060 1901 4134 l89,-l90),
1928 4061 1983 4117 in

388 4161 559 4217 Adam
586 4160 791 4234 peccati
821 4159 1049 4216 formam
1066 4200 1085 4227 ,
1116 4158 1240 4230 quia
1264 4156 1408 4227 prior
1433 4154 1673 4226 peccavit
1691 4153 1802 4209 Eva
1824 4195 1839 4218 ,
1878 4167 1983 4207 non

389 4257 616 4326 primam
646 4254 827 4311 dixisti
852 4268 1007 4319 esse,
1042 4251 1138 4309 sed
1168 4250 1487 4315 maximam;
1528 4248 1666 4303 sicut
1693 4247 1744 4301 in
1771 4245 1984 4301 Christo

386 4348 607 4418 justitia:
644 4346 873 4403 formam
901 4361 1008 4402 non
1060 4344 1288 4415 primam
1317 4356 1466 4409 esse,
1518 4339 1615 4396 sed
1665 4338 1983 4404 maximam,

390 4440 515 4508 quia
545 4436 760 4493 fuerunt
780 4436 912 4507 justi
939 4446 994 4495 et
1033 4446 1159 4493 ante
1196 4436 1371 4507 ipsum
1400 4451 1416 4488 :
1447 4432 1589 4504 quod
1613 4448 1644 4487 a
1693 4441 1745 4488 te
1785 4431 1983 4487 dictum

390 4528 441 4589 si
466 4528 662 4591 oblitus
706 4544 812 4583 non
844 4527 1076 4595 fuisses,
1105 4540 1212 4582 non
1240 4526 1327 4581 hic
1364 4524 1496 4579 Adze
1524 4535 1802 4595 peccatum
1832 4534 1985 4579 exte-

394 4633 625 4685 nuares,
651 4617 704 4673 in
747 4628 854 4688 quo
881 4616 1170 4672 maximam
1210 4614 1436 4671 formam
1477 4613 1687 4685 peccati
1715 4614 1987 4668 exstitisse

392 4709 672 4767 confessus
698 4724 758 4764 es
783 4711 820 4770 ².

464 4803 658 4869 XXIV.
686 4802 806 4865 Jun.
836 4799 944 4858 Sed
970 4813 1067 4857 cur
1092 4799 1187 4861 tibi
1216 4798 1285 4857 de
1323 4796 1614 4855 inimicitiis
1660 4798 1984 4854 innocentia:

394 4904 794 4955 commoveatur
834 4892 1054 4961 invidia,
1097 4907 1220 4947 eum
1248 4890 1545 4963 petulantia
1579 4898 1636 4946 et
1662 4891 1840 4947 rabies
1874 4892 1986 4946 oris

346 5032 351 5039 .
394 4990 615 5047 obsceni
665 5003 768 5049 nec
816 4985 1114 5044 divinitatis
1167 4984 1373 5041 honore
1438 4982 1987 5039 freneturiAccusas

394 5082 538 5142 enim
565 5080 837 5152 parvulos,
864 5077 958 5135 sed
986 5092 1108 5134 cum
1158 5076 1308 5143 Deo;
1342 5074 1563 5130 incessis
1604 5073 1985 5142 innocentiam,

395 5172 491 5228 sed
515 5187 637 5228 cum
657 5171 920 5243 aequitatis
941 5169 1173 5240 injuria;
1210 5166 1465 5223 inliciaris
1482 5166 1716 5235 veritati,
1747 5165 1843 5223 sed
1867 5181 1988 5222 cum

397 5264 515 5334 ejus
541 5262 914 5320 criminatione
956 5276 1114 5332 quem
1164 5260 1335 5316 Deum
1365 5267 1517 5319 tuum
1560 5258 1764 5317 fateris.
1796 5258 1874 5314 Ae
1896 5273 1991 5329 per

399 5353 526 5420 hoc,
550 5354 652 5408 etsi
677 5367 777 5409 nos
791 5350 1151 5409 deficeremus
1172 5349 1395 5407 rationis
1411 5348 1631 5415 auxilio,
1663 5348 1873 5407 abunde
1905 5356 1988 5404 ta-

400 5462 525 5502 men
566 5445 756 5501 tradux
796 5443 1001 5515 peccati
1026 5451 1356 5501 assertorum
1403 5457 1621 5499 suorum
1651 5439 1991 5498 deformitate

399 5547 698 5601 corrueret.

464 5626 848 5681 ‘Itxlssﬁde
877 5624 1556 5692 adjecimus,siinse¢undo
1591 5639 1687 5678 non
1729 5639 1993 5680 renascun—

399 5697 680 5875 nggg‘odex
702 5758 857 5815 Part,
873 5751 1079 5817 formam
1097 5749 1283 5818 peccati
1302 5750 1544 5817 confessus
1563 5762 1616 5803 es
1633 5762 1655 5816 ,°
1675 5751 1881 5816 omisso,
1907 5765 1994 5804 ea:-

1767 370 1971 429 LIBER
2007 370 2301 431 SEXTUS.

2148 488 2282 543 Anc.
2311 483 2423 550 Tua
2439 485 2740 544 conviciosa
2768 485 3060 559 loquacitas
3082 488 3284 547 rabiem
3308 489 3440 548 mihi
3469 492 3669 562 objceit

2074 578 2186 634 oris
2206 578 2446 635 obsceni.
2473 577 2739 651 Numquid
2766 595 2868 652 ego
2898 597 3013 637 sum
3034 581 3287 640 defensor
3316 583 3669 657 laudatorque

2076 667 2634 741 libidinisiNumquid
2677 685 2778 741 ego
2820 687 2981 727 ausus
3015 689 3134 729 sum
3185 674 3671 744 concupiscentiam

2075 762 2273 827 carnis,
2304 776 2406 831 qua
2434 776 2561 817 caro
2587 763 2916 833 concupiscit
2937 764 3194 819 adversus
3210 765 3476 834 spiritum,
3511 782 3670 836 pam-

2077 852 2179 910 disi
2208 854 2366 909 etiam
2410 856 2752 926 possessione
2789 856 3005 912 ditare?
3029 855 3089 913 ln
3129 872 3292 929 quem
3331 858 3508 914 locum
3538 860 3671 914 tanti

2076 944 2288 1003 decoris
2325 952 2379 1001 et
2404 944 2570 1016 pacis,
2597 946 2755 1002 simul
2802 946 3139 1005 introduxisti
3184 957 3277 1004 aut
3301 947 3525 1015 bellum,
3568 962 3677 1018 quo

2077 1036 2147 1093 ad
2190 1035 2517 1107 peccandum
2570 1036 2867 1107 impellenti
2930 1037 3268 1094 laudabiliter
3306 1047 3634 1109 repugnatur
3662 1079 3677 1104 ,

2078 1137 2173 1184 aut
2194 1127 2445 1194 dedecus,
2475 1143 2584 1199 quo
2625 1128 2854 1199 turpiter
2900 1129 2953 1185 ei
2984 1128 3214 1186 ceditur.
3246 1128 3357 1186 Cur
3382 1145 3513 1201 ergo
3559 1140 3668 1186 tam

2078 1219 2467 1275 contumeliose
2504 1220 2733 1292 insurgis
2776 1221 2830 1279 in
2859 1236 2977 1289 me,
3007 1236 3107 1277 nec
3138 1222 3360 1292 respicis
3402 1222 3500 1279 te?
3540 1220 3673 1278 Nam

2080 1324 2180 1381 ego
2204 1326 2309 1365 non
2337 1324 2531 1365 accuso
2557 1311 2723 1366 Deum
2750 1326 2767 1377 ;
2790 1311 2886 1366 sed
2913 1319 2990 1377 tu,
3016 1311 3252 1383 quidicis
3274 1312 3523 1383 parvulos
3551 1312 3674 1368 nul-

2081 1399 2190 1457 lum
2218 1416 2285 1458 ex
2327 1401 2533 1473 origine
2571 1401 2782 1459 trahere
2812 1410 3108 1474 peccatum,
3154 1403 3350 1474 quibus
3377 1403 3469 1459 ille
3496 1403 3677 1474 impo-

2079 1496 2187 1551 suit
2236 1510 2399 1567 grave
2445 1494 2653 1567 jugum.
2685 1494 2796 1552 Nec
2847 1496 3060 1552 incessu
3124 1496 3488 1552 innocentiam
3553 1511 3675 1551 cum

2081 1587 2346 1659 mquitatis
2376 1587 2605 1659 injuria:
2635 1587 2730 1645 sed
2759 1596 2816 1644 tu
2851 1586 3089 1659 mquitati
3117 1585 3249 1643 facis
3284 1586 3556 1658 injuriam,
3585 1585 3677 1657 qui

2082 1688 2283 1736 tantam
2312 1680 2447 1737 dicis
2498 1680 2700 1738 habere
2745 1682 2996 1752 parvulos
3044 1681 3441 1746 innocentiam;
3480 1695 3618 1752 quos
3650 1682 3665 1712 ¹

2082 1780 2284 1832 tamen.
2307 1772 2354 1827 si
2389 1771 2531 1842 quod
2575 1772 2687 1842 ipse
2716 1773 2879 1842 sapis,
2910 1787 3093 1827 verum
3142 1786 3263 1827 esse
3304 1770 3485 1836 sciret,
3529 1771 3675 1841 gravi

2078 1863 2207 1935 iugo
2237 1864 2462 1935 aequitas
2515 1880 2621 1919 non
2675 1864 2905 1934 puniret.
2932 1862 3043 1919 Nec
3071 1863 3277 1918 inlicior
3328 1860 3681 1923 veritati.nee

2084 1955 2247 2011 Deum
2276 1955 2700 2021 criminor;sed
2755 1963 2812 2009 tu
2866 1955 3063 2025 potius.
3098 1953 3296 2011 Verum
3342 1954 3485 2009 enim
3539 1953 3677 2009 dixit

2081 2046 2370 2116 Apostolus
2396 2088 2412 2112 ,
2457 2045 2653 2118 Corpus
2714 2054 2971 2101 mortuum
3017 2054 3091 2099 est
3163 2054 3371 2116 propter
3419 2053 3677 2116 peccatum

2082 2136 2258 2207 (Rom.
2290 2152 2405 2204 vm,
2436 2136 2541 2208 l0)
2565 2136 2741 2208 :qnod
2771 2146 2825 2192 tu
2848 2152 3031 2209 negas.
3050 2137 3217 2193 Deum
3246 2152 3375 2193 vero
3402 2135 3674 2207 quomodo

2083 2244 2188 2283 non
2209 2228 2534 2297 criminaris,
2561 2229 2647 2284 cui
2678 2230 2941 2297 miserias,
2967 2245 3099 2300 quas
3129 2245 3327 2300 negare
3357 2246 3461 2284 non
3492 2236 3668 2301 potes,

2082 2321 2314 2390 imputas
2356 2322 2724 2390 parvulorum,
2752 2323 2959 2378 nullum
2989 2323 3296 2379 habentium
3322 2323 3539 2379 miseria
3582 2322 3676 2379 di—

2080 2429 2242 2482 gnum
2263 2414 2524 2484 originale
2546 2424 2820 2484 peccatum
2841 2416 2864 2447 ³
2890 2415 3011 2469 iAc
3036 2429 3132 2485 per
3152 2413 3255 2469 hoc
3276 2415 3548 2470 conclusio
3561 2422 3673 2478 tua,

2082 2520 2201 2576 qua:
2230 2504 2625 2560 deformitatem
2664 2504 2820 2562 nobis
2848 2505 3063 2577 ingerit,
3091 2505 3292 2561 nullius
3320 2504 3543 2563 rationis
3571 2521 3660 2563 se-

2081 2596 2264 2666 quitur
2283 2595 2587 2651 veritatem.

2155 2685 2321 2741 XXV.
2345 2686 2467 2742 Jun.
2498 2687 2693 2743 Verum
2742 2686 2870 2759 quid
2924 2703 3025 2746 nos
3053 2698 3161 2746 tam
3186 2689 3397 2761 obstipo
3440 2690 3680 2747 veritatis

2082 2776 2249 2831 solius
2276 2777 2536 2832 rationem
2586 2777 2913 2849 sequendam
2961 2788 3211 2849 putamus
3239 2795 3257 2847 ;
3284 2796 3407 2836 eum
3436 2781 3681 2837 inimico-

2082 2881 2200 2920 rum
2231 2875 2538 2921 nostrorum
2572 2867 2802 2938 phalanx
2833 2868 2965 2939 ipsis
2991 2870 3253 2925 innitatur
3304 2886 3485 2928 rerum
3538 2872 3681 2943 peri-

2082 2956 2238 3023 culis,
2267 2965 2322 3011 et
2351 2958 2588 3027 insurgat
2614 2956 2670 3012 in
2697 2972 2794 3012 nos
2818 2972 3178 3015 aerumnarum
3200 2959 3403 3015 munita
3436 2961 3459 2994 ³
3484 2962 3680 3018 suifra-

2081 3045 2221 3117 giisl
2245 3045 2368 3102 Vult
2395 3047 2591 3118 quippe
2610 3047 2819 3119 pudore
2857 3050 3122 3118 coeuntis,
3165 3050 3348 3106 dolore
3385 3052 3671 3122 parientis,

2083 3136 2280 3192 sudore
2314 3137 2628 3206 laborantis,
2680 3139 3137 3195 trausmissionem
3167 3140 3444 3212 culparum
3475 3151 3530 3199 et
3556 3159 3675 3213 pat-

2084 3243 2273 3282 narum
2300 3228 2352 3283 in
2378 3228 2583 3284 semina
2604 3230 2995 3301 comprobare;
3019 3239 3076 3286 ut
3102 3231 3187 3287 his
3204 3231 3453 3288 videlicet
3479 3233 3672 3304 signis,

2082 3319 2378 3375 difﬁcilium
2411 3330 2655 3392 pertuum
2678 3363 2695 3390 ,
2722 3321 3074 3393 agricolarum
3127 3324 3453 3389 sudautium.
3500 3336 3556 3382 ct
3583 3326 3683 3381 du-

2082 3426 2355 3466 mosorum
2380 3412 2669 3480 novalium,
2698 3413 2900 3469 crimen
2945 3415 3189 3471 naturale
3220 3414 3490 3483 credatur,
3521 3417 3676 3487 cujus

2084 3500 2279 3557 merito
2305 3516 2403 3573 per
2450 3510 2528 3558 tot
2556 3502 2894 3560 incommoda
2918 3519 3089 3576 genus
3124 3517 3438 3562 exerceatur
3481 3508 3677 3564 huma-

2084 3608 2213 3648 num
2235 3610 2249 3646 :
2272 3593 2416 3666 quod
2442 3594 2657 3666 quidam
2675 3611 2770 3666 per
2803 3595 2932 3651 Adae
2976 3605 3273 3667 peccatum,
3306 3600 3535 3657 mortale
3558 3601 3677 3671 Opi-

2084 3694 2281 3742 nantur
2306 3687 2573 3744 effectum.
2593 3686 2719 3744 ideo
2741 3698 2919 3744 autem
2940 3689 3073 3757 dixi,
3106 3690 3353 3759 Quidam,
3374 3693 3497 3763 quia
3528 3694 3678 3763 prin-

2085 3792 2212 3848 ceps
2255 3793 2442 3835 eorum
2482 3779 2810 3851 Augustinus
2841 3780 2941 3836 hoc
2985 3781 3201 3852 quidem
3230 3783 3443 3838 erubuit
3470 3783 3675 3840 dicere.

2086 3869 2327 3941 Denique
2343 3870 2531 3926 scribit
2570 3871 2639 3929 ad
2664 3871 3055 3941 Marcellinum,
3085 3875 3368 3930 mortalem
3395 3875 3565 3930 Adam
3596 3875 3675 3931 fa-

2086 3973 2230 4018 ctum
2260 3962 2427 4018 videri
2456 3982 2471 4019 :
2499 3964 2596 4020 sed
2619 3965 2882 4036 elegantia
2920 3965 3078 4023 solita
3106 3966 3306 4033 subdit,
3338 3976 3564 4025 mortem
3583 3970 3681 4024 sti-

2088 4055 2339 4126 pendium
2367 4055 2660 4127 iniquitatis
2680 4055 2847 4113 fuisse
2876 4074 2889 4112 :
2918 4067 2975 4112 et
3025 4073 3186 4127 quem
3229 4057 3425 4114 fatetur
3471 4071 3675 4115 morta-

2088 4145 2211 4201 liter
2235 4146 2533 4201 institutum
2560 4147 2855 4203 secundum
2885 4156 3149 4212 naturam,
3172 4149 3308 4204 mori
3335 4164 3442 4205 non
3468 4152 3673 4220 potuis-

2087 4253 2148 4295 se
2174 4240 2504 4310 pronuntiat.
2540 4239 2648 4295 Illa:
2688 4255 2818 4312 ergo
2838 4241 3097 4298 adversus
3122 4259 3241 4310 nos,
3274 4261 3394 4314 qua:
3427 4245 3679 4316 leguntur

2089 4332 2142 4386 in
2193 4330 2412 4400 Genesi,
2452 4333 2734 4388 sententiae
2765 4332 2991 4403 proferri
3031 4335 3226 4403 solent,
3273 4335 3467 4407 quibus
3509 4339 3675 4395 Adam

2089 4432 2250 4495 atque
2287 4423 2399 4479 Eva
2437 4433 2716 4491 vexantur,
2747 4424 2816 4480 de
2855 4424 3050 4495 quibus
3095 4425 3395 4483 disserendi
3442 4428 3552 4500 jam
3602 4445 3678 4485 esx

2090 4525 2322 4590 tempus.
2352 4515 2517 4584 Dixit,
2549 4518 2741 4587 inquit,
2770 4516 3021 4573 Dominus
3069 4517 3209 4573 Deus
3260 4516 3485 4592 serpenti
3504 4536 3523 4575 :
3552 4521 3671 4586 Quit

2090 4608 2253 4678 fecisti
2280 4609 2397 4675 hoc,
2454 4608 2752 4663 maledictus
2780 4618 2835 4662 tu
2882 4611 2947 4664 ab
2972 4610 3205 4664 omnibus
3232 4613 3519 4681 pecoribus,
3548 4622 3594 4666 et
3619 4614 3679 4667 ab

2090 4699 2320 4755 omnibus
2363 4699 2531 4753 bestiis
2557 4715 2672 4771 qua:
2696 4708 2815 4753 sunt
2867 4715 3024 4770 super
3073 4710 3258 4753 terram
3285 4717 3305 4755 :
3330 4718 3484 4772 super
3514 4711 3679 4771 pectus

2090 4799 2138 4844 et
2162 4798 2380 4843 ventrem
2425 4788 2727 4855 ambulabis,
2753 4798 2799 4843 et
2842 4797 3029 4844 terram
3076 4792 3406 4847 manducabis
3455 4796 3685 4850 omnibus

2092 4879 2268 4935 diebus
2310 4880 2427 4935 vita:
2468 4889 2569 4934 tua:
2590 4897 2609 4945 ;
2634 4889 2682 4934 et
2726 4880 3014 4937 inimicitias
3063 4898 3255 4952 ponam
3280 4885 3412 4940 inter
3434 4896 3482 4940 te
3504 4898 3548 4941 et
3575 4905 3687 4943 mu-

2093 4971 2284 5037 lierem,
2314 4979 2361 5025 et
2383 4972 2515 5026 inter
2539 4987 2708 5026 semen
2738 4980 2881 5026 tuum
2922 4982 2971 5028 et
3017 4990 3185 5029 semen
3214 4976 3342 5046 ejus.
3390 4976 3516 5048 Ipsa
3543 4990 3688 5035 tuum

2093 5059 2546 5135 captabit‘caput,
2599 5072 2646 5118 et
2672 5073 2728 5118 tu
2755 5063 2895 5118 illius
2948 5064 3180 5136 captabis
3217 5068 3531 5124 calcaneum.
3562 5069 3687 5125 Mu-

2095 5154 2208 5214 lieri
2248 5172 2364 5211 vero
2415 5157 2544 5211 dixit
2574 5171 2595 5212 :
2635 5154 2987 5228 Multiplicans
3047 5158 3395 5229 multiplicabo
3452 5162 3688 5219 tristitias

2094 5256 2207 5301 tuas
2230 5259 2275 5303 et
2312 5249 2552 5320 gemitum
2578 5257 2721 5302 tuum
2742 5264 2765 5314 ;
2792 5249 2846 5303 in
2896 5250 3104 5304 tristitia
3153 5253 3322 5321 paries
3347 5254 3505 5324 filios,
3536 5265 3585 5311 et
3608 5260 3678 5311 ad

2094 5340 2258 5394 virum
2274 5350 2416 5394 tuum
2438 5339 2697 5397 conversio
2724 5348 2832 5407 tua,
2867 5351 2915 5395 et
2943 5341 3053 5411 ipse
3072 5344 3148 5398 tui
3171 5342 3533 5402 dominabitur.
3559 5349 3690 5404 Ade

2096 5439 2265 5485 autem
2329 5430 2459 5485 dicit
2485 5445 2507 5485 :
2536 5430 2789 5497 Quoniam
2840 5432 3031 5488 audisti
3077 5450 3244 5490 vocem
3296 5439 3523 5495 mulieris
3564 5448 3681 5506 tua,

2161 5565 2180 5629 ε
2214 5565 2505 5629 “enim
2520 5569 2671 5629 ειεᾉι
2687 5573 2815 5629 Missa
2838 5578 2971 5629 W08-

2162 5628 2183 5659 ²
2216 5624 2315 5699 Hoc
2336 5626 2445 5676 loco
2464 5624 2691 5699 {nullum
2718 5624 2992 5699 habentium
3023 5628 3221 5682 miseria
3237 5629 3438 5696 dignum
3455 5631 3689 5698 originale

2101 5695 2368 5761 peccetur.
2393 5695 2703 5761 restituens.
2718 5702 2781 5760 8.x
2807 5696 2915 5761 vss-

2166 5752 2188 5784 ³
2218 5751 2291 5801 sic
2309 5757 2418 5801 Mss.
2444 5757 2500 5800 Al.
2518 5750 2665 5811 editi,
2684 5749 2898 5803 inimica.

2176 5816 2195 5846 ⁵
2210 5815 2348 5877 Editi,
2371 5810 2574 5867 calcabit
2587 5824 2606 5876 ,‘
2636 5813 3024 5878 repugnantibus
3043 5819 3152 5867 las.
