4150 6494
543 400 677 456 1559

527 528 570 569 et
598 510 922 568 manducaui
959 510 1023 566 de
1048 510 1205 581 ligno,
1233 509 1296 564 de
1335 523 1435 577 quo
1479 519 1816 576 prince-peram
1844 500 1931 555 tibi
1974 497 2036 552 de
2059 515 2116 552 eo

526 606 632 660 solo
663 619 727 659 ne
754 602 1089 657 artanducores
1113 617 1177 655 ea:
1201 615 1278 664 eo,
1330 597 1601 652 maledicto
1632 605 1765 649 terra
1811 593 1864 647 in
1885 591 2118 662 aperibus

526 696 668 760 tuis;
694 695 747 748 in
770 693 977 748 tristitia
1020 688 1350 745 manducabis
1399 704 1509 742 eam
1558 686 1793 741 omnibus
1837 683 2012 737 diebus
2039 681 2116 735 vi-

430 800 439 805 ‘
526 798 591 839 tu:
618 796 720 840 tute
740 799 759 850 ;
778 785 959 854 spinas
986 792 1033 837 et
1054 781 1266 839 tribulos
1293 779 1405 834 edet
1445 779 1554 845 tibi,
1581 787 1627 831 et
1664 775 1781 831 edes
1812 775 1984 845 fenum
2009 772 2121 843 agri

526 873 600 926 tui
625 889 642 925 :
671 873 727 925 in
769 870 956 925 sudore
997 867 1146 940 faciei
1208 875 1311 921 tua
1353 865 1468 919 edes
1520 879 1701 933 partem
1748 870 1927 925 tuum,
1960 858 2120 911 donec

525 961 834 1017 converteris
869 953 933 1014 in
982 968 1168 1013 terram
1215 956 1279 1010 de
1323 972 1424 1026 qua
1470 962 1704 1025 sumplus
1752 968 1803 1007 es
1835 968 1851 1015 ;
1882 949 2121 1021 quoniam

527 1066 664 1109 terra
691 1070 765 1123 es,
811 1061 857 1108 et
884 1052 937 1106 in
961 1060 1145 1106 terram
1171 1049 1268 1103 ibis
1298 1046 1450 1119 (Gen.
1485 1061 1565 1112 ιιι,
1593 1042 1817 1112 lit-19).
1862 1041 1971 1096 Has
1990 1054 2121 1111 ergo

529 1145 823 1203 sententias
849 1143 916 1200 ad
944 1141 1307 1199 testimonium
1351 1137 1602 1209 ingenitze
1628 1133 1925 1206 iniquitatis
1957 1147 2118 1188 assu-

528 1232 711 1305 mitis,‘
738 1229 1240 1304 concinnaminique
1284 1246 1392 1286 non
1423 1230 1587 1284 fuisse
1619 1226 1672 1281 in
1703 1225 1960 1296 pariendo
1992 1225 2009 1256 ι
2042 1222 2127 1279 fe-

530 1332 704 1385 minas
730 1321 1010 1393 dolitu’ras,
1029 1326 1131 1381 nisi
1158 1324 1227 1380 ad
1243 1326 1336 1379 eas
1350 1330 1469 1377 cuiu
1494 1327 1713 1390 peccato
1742 1318 1865 1373 Eva:
1886 1315 2124 1371 fecundi-

530 1426 659 1479 tatis
684 1410 1093 1478 illius‘mrumna
1114 1416 1410 1472 transisset.
1446 1414 1623 1483 Ipsum
1650 1424 1778 1481 ergo
1805 1408 2122 1479 supplicium

532 1516 693 1571 vultis
735 1504 860 1571 ease
887 1511 1094 1584 peccati
1139 1508 1414 1572 indicium,
1448 1503 1660 1576 utquod
1691 1503 1862 1575 prima
1894 1499 2123 1555 femina-

530 1625 653 1665 rum
699 1606 894 1663 meruit
944 1619 1043 1675 per
1069 1602 1346 1666 delictum,
1389 1599 1530 1653 nulla
1551 1608 1764 1667 quoque
1791 1590 1910 1649 sine
1937 1591 2125 1647 eadem

535 1698 785 1756 credatur
813 1696 1094 1767 iniquitate
1114 1693 1339 1749 sentire.
1360 1689 1477 1746 Non
1521 1688 1663 1742 enim
1684 1696 1848 1749 esset,
1879 1683 2123 1755 inquitis,

533 1791 690 1846 dolor
735 1790 788 1844 in
825 1788 1085 1859 pariente,
1118 1784 1220 1839 nisi
1260 1784 1313 1838 in
1351 1790 1604 1837 nascente
1632 1785 1778 1834 esset
1827 1784 2124 1846 peceatum.

504 1882 629 1938 “llis
651 1872 780 1954 ergo
799 1895 957 1953 quam
972 1877 1226 1934 attonitus
1238 1888 1534 1936 occurram,
1557 1869 1697 1926 haud
1721 1868 1875 1924 facile
1891 1868 2084 1923 metior
2104 1865 2129 1920 ?

535 1980 737 2028 tantum
755 1973 899 2028 enim
938 1969 1277 2026 stimulorum
1306 1965 1547 2021 admovit
1576 1965 1627 2018 in
1656 1963 1758 2018 hoc
1801 1961 1921 2017 loco
1950 1968 2129 2016 vestra

535 2065 737 2136 opinio,
766 2072 827 2118 ut
862 2063 949 2118 vix
976 2062 1165 2133 digner
1207 2059 1275 2115 ad
1309 2055 1658 2115 certationem
1702 2055 1944 2120 moveri;
1976 2054 2130 2125 plura

533 2157 730 2226 quippe
761 2155 815 2209 in
857 2154 941 2209 his
982 2150 1373 2224 objectio'nibus
1407 2148 1767 2220 intelligentia:
1791 2153 1915 2202 sunt
1943 2159 2132 2215 pecca-

543 2258 593 2303 ta
622 2263 782 2319 quam
811 2246 1053 2318 syllaba).

611 2342 747 2396 Asc.
801 2338 1089 2396 Erumnas
1131 2338 1343 2407 generis
1397 2334 1617 2391 humani
1646 2333 1940 2404 quamlibet
1968 2330 2126 2387 dicax

538 2446 592 2490 ('t
623 2436 826 2491 facetus
864 2424 1107 2498 irridens,
1135 2433 1218 2489 vel
1263 2431 1490 2488 irridere
1521 2440 1572 2485 te
1601 2431 1791 2500 ﬁngas,
1830 2428 1961 2498 ipsa:
1992 2435 2043 2481 te
2069 2426 2122 2480 in

539 2527 815 2595 angustias
838 2525 935 2579 has
976 2523 1322 2594 impulerunt,
1361 2530 1418 2576 ut
1444 2520 1745 2590 paradisum
1781 2517 1899 2584 Dei,
1924 2516 2134 2572 etiamsi

543 2635 701 2675 nemo
729 2625 1023 2689 peccasset,
1051 2629 1409 2671 :nrumnosum
1439 2613 1671 2667 futurum
1704 2612 1867 2667 fuisse
1895 2609 2134 2664 affirma-

543 2728 603 2768 re
657 2707 1075 2782 cogaris:quod
1133 2707 1188 2763 si-
1228 2705 1616 2762 verecundatus
1665 2704 1898 2759 nolueris
1938 2702 2132 2763 facere.

543 2814 601 2858 ut
654 2790 818 2857 facias
856 2810 949 2857 tuo
1001 2800 1252 2872 dogmate
1296 2798 1609 2869 urgeberis;
1637 2796 1779 2868 quod
1810 2795 2000 2866 dogma
2034 2794 2134 2849 nisi

540 2901 818 2949 correctus
842 2891 1102 2963 abieceris
1118 2932 1133 2957 ,
1161 2889 1293 2944 istas
1319 2899 1621 2960 prementes
1646 2896 1701 2943 et
1726 2887 1778 2941 in
1812 2885 2136 2942 horrendum

543 2984 893 3057 praecipitium
971 2982 1355 3040 contendentes
1406 2980 1678 3052 angustias
1730 2996 1836 3035 non
1892 2979 2131 3051 effugies.

540 3077 809 3148 Qumritur
833 3076 975 3133 enim
1002 3091 1030 3130 a
1055 3084 1128 3141 te,
1149 3074 1244 3131 has
1269 3089 1558 3139 :nrumuas,
1594 3088 1728 3144 quas
1755 3081 1811 3127 et
1835 3071 1890 3127 in
1917 3072 2136 3143 majori-

544 3173 646 3228 bus
670 3179 725 3226 et
760 3171 813 3226 in
836 3170 1066 3241 parvulis
1094 3184 1217 3226 esse
1253 3168 1647 3238 conspicimus;
1680 3165 1825 3223 unde
1854 3166 2134 3222 exiStitnes

541 3279 812 3319 emanare.
842 3260 1158 3331 Respondes
1174 3277 1239 3317 ex
1271 3268 1363 3316 tuo
1403 3260 1672 3330 dogmate,
1715 3258 2010 3313 humanum
2039 3273 2134 3328 ge-

541 3369 643 3409 nus
661 3354 743 3409 sic
765 3368 886 3408 esse
904 3352 972 3408 ab
1000 3350 1221 3408 exordio
1250 3350 1331 3406 sui
1363 3349 1620 3404 divinitus
1682 3348 2005 3403 institutum.
2027 3348 2136 3402 lle-

543 3444 814 3513 ferturque
862 3441 1199 3512 responsioni
1242 3449 1365 3494 tum.
1399 3438 1539 3509 Ergo
1574 3447 1629 3493 et
1673 3437 1730 3493 in
1759 3436 2011 3507 paradiso
2051 3437 2137 3491 fu-

545 3547 681 3592 turae
709 3535 940 3602 fuerant,
968 3534 1014 3589 si
1054 3534 1258 3589 nullum
1287 3533 1357 3589 ibi
1384 3539 1661 3604 peccatum
1690 3538 1834 3587 esset
1867 3539 2136 3585 exortum.

547 3628 646 3683 llic
675 3636 731 3683 tu
782 3634 876 3682 aut
925 3640 1168 3699 przeceps
1212 3625 1334 3689 ibis,
1381 3633 1473 3678 aut
1508 3622 1701 3695 dogma
1748 3621 1998 3688 mutabis,
2047 3630 2142 3677 aut

542 3721 720 3777 fronte
746 3719 1003 3790 perditus,
1030 3728 1123 3773 aut
1148 3725 1327 3772 mente
1349 3723 1646 3772 correctus.
1689 3714 1795 3770 Ant
1817 3713 1961 3769 enim
1999 3729 2142 3768 teru-

546 3827 733 3868 muosa
759 3812 865 3866 vita
905 3811 1081 3866 locum
1112 3810 1483 3866 famosissima:
1512 3812 1533 3841 ²
1566 3807 1832 3865 felicitatis
1864 3806 2134 3877 implebis,

543 3910 603 3957 et
622 3917 730 3956 non
757 3900 999 3957 invenies
1028 3900 1212 3956 oculos
1241 3899 1433 3969 quibus
1457 3899 1874 3969 qualescumque
1899 3896 2141 3968 aspicere

450 4000 464 4012 ‘
544 3992 744 4048 audeas
784 3991 1158 4055 Christianos;
1188 3998 1281 4046 aut
1308 3991 1359 4045 in
1390 3990 1611 4059 abrupta
1655 3990 1994 4045 horribiliora
2037 3989 2136 4045 de-

544 4086 741 4155 jectns,
772 4084 963 4139 aliena:
1008 4083 1163 4138 mala:
1187 4092 1389 4137 natura:
1415 4080 1712 4153 nobisque'
1740 4081 2015 4152 permixtae
2042 4080 2140 4137 has

549 4190 817 4232 :erumnas
867 4175 1098 4232 hominis
1134 4174 1457 4244 imputabis,
1494 4182 1549 4230 et
1576 4173 1855 4229 Manichtei
1909 4182 2135 4229 tartarea

545 4268 903 4339 profunditale
949 4267 1254 4324 serbeberis
1285 4284 1299 4323 :
1328 4275 1420 4322 aut
1455 4265 1524 4323 de
1571 4275 1759 4322 natura
1788 4266 1965 4321 vitiata
2000 4265 2139 4321 hanc

544 4375 906 4416 terumuarum
943 4374 1155 4429 pugnam
1208 4357 1413 4429 judicio
1464 4358 1557 4414 Dei
1608 4358 1874 4427 punientis
1901 4358 2135 4414 existere

545 4451 933 4518 confiteberis,
987 4458 1043 4505 et
1098 4450 1151 4505 in
1204 4465 1389 4505 auram
1443 4448 1763 4505 catholicam
1818 4449 2132 4518 respirabis.

544 4543 685 4611 Quin
719 4530 887 4598 etiam
934 4540 1089 4607 dicis,
1120 4539 1262 4612 quod
1312 4539 1523 4610 quidam
1548 4556 1707 4612 genus
1735 4539 2017 4593 Immanunt
2046 4555 2137 4608 per

553 4635 672 4690 ddo:
689 4632 1184 4706 peecatummortate
1230 4632 1508 4704 opinantur
1557 4630 1790 4700 e/i'ectum
1818 4647 1838 4685 :
1878 4639 1931 4685 et
1955 4629 2133 4695 addis,

540 4724 664 4781 ideo
695 4734 745 4781 te
772 4725 992 4793 dixis-te,
1027 4723 1271 4793 Quidant,
1301 4723 1420 4794 quia
1445 4739 1537 4794 ego
1566 4723 1802 4793 princeps
1818 4737 1997 4777 eorum
2042 4722 2138 4776 hoc

536 4816 828 4870 erubuerint
852 4815 1020 4870 dicere
1043 4830 1062 4879 ;
1085 4814 1175 4869 sed
1209 4814 1277 4868 ad
1305 4813 1664 4868 Marcellinum
1691 4813 1982 4883 scripserim
2007 4829 2139 4867 mor-

543 4906 693 4960 talem
724 4906 888 4960 Adnm
935 4907 1127 4975 factum
1154 4905 1330 4959 videri.
1378 4904 1481 4973 Qui
1520 4905 1635 4960 tunc
1661 4912 1749 4959 tua
1779 4914 1834 4959 et
1880 4905 1967 4960 illa
2018 4919 2135 4959 mea

544 4996 791 5064 legerunt
819 4996 901 5050 vel
921 4994 1171 5066 "lcgunt,
1197 4996 1240 5050 si
1282 4995 1548 5066 Pelagiani
1574 5010 1679 5050 non
1713 5003 1860 5062 sunt,
1893 4994 2135 5065 profecto

543 5083 727 5139 vident
751 5084 1203 5153 quemadmodum
1250 5083 1427 5155 lingua
1455 5094 1542 5140 tua
1570 5084 1816 5154 amplexa
1847 5085 1917 5139 sit
1944 5084 2138 5140 dolosi-

547 5179 729 5229 tatetn.
770 5173 1052 5245 Nunquam
1091 5177 1238 5231 enim
1263 5190 1365 5247 ego
1391 5174 1555 5238 sensi,
1600 5182 1871 5244 nunquam
1901 5175 2122 5232 omnino

541 5264 678 5330 dixi,
702 5265 839 5320 sicut
865 5281 960 5321 vos
1006 5266 1202 5334 dicitis,
1251 5267 1533 5322 mortalem
1568 5265 1740 5321 Adam
1788 5265 2006 5332 factum,
2041 5268 2133 5338 qui

542 5360 658 5416 sive
674 5358 1071 5431 peccaret,sive’
1084 5368 1193 5413 non
1216 5370 1482 5429 peccaret,
1514 5359 1803 5414 moriturus
1823 5368 1987 5416 esset.
2011 5359 2135 5417 Haec

614 5544 624 5607 ξ
658 5539 735 5607 sic
754 5545 857 5607 bss;
880 5535 1001 5606 mliti
1020 5546 1203 5607 autem,
1226 5536 1276 5607 in
1300 5536 1545 5607 paradiso.

614 5605 627 5669 ξ
660 5600 795 5669 Ι-ῖιΙίιί,
826 5599 1177 5669 ριῃιοθίςδὲιιιῳ.
1209 5599 1507 5669 castigantur
1543 5611 1621 5669 ex
1641 5603 1747 5647 Mss.
1820 5661 1828 5669 .

603 5665 623 5695 ³
659 5658 1012 5723 \ign..'afieme
1042 5661 1185 5710 rnatu:
1205 5658 1392 5711 natufw
1413 5658 1701 5723 permittie;
1737 5661 1912 5710 omisso
1933 5700 1945 5721 ,
1972 5660 2126 5714 nobis-

575 5738 648 5773 ην.
673 5723 800 5773 quod
836 5731 995 5773 (natat
1026 5723 1072 5772 iu
1099 5729 1201 5770 Mss.

541 5737 648 5785 qur,
673 5737 800 5795 quon
836 5737 995 5795 exstat
1026 5737 1072 5772 tu
1099 5737 1201 5770 .nss.
1687 5786 1695 5794 .
1736 5786 1744 5793 '

541 5786 628 5896 ma.
660 5795 809 5849 ngn.,
842 5794 886 5836 et
909 5782 995 5836 tllrt
1019 5797 1122 5836 mea
1147 5783 1326 5848 tegunt.
1371 5788 1435 5835 Ex
1593 5784 1855 5835 addidimus
1873 5820 1885 5843 ,
1914 5783 2155 5850 (egerunt,

538 5856 628 5896 δα.

1198 394 1446 452 OPERIS
1484 386 1904 450 DlPEltFECTI‘
1936 386 2209 444 CON'lRA
2252 385 2614 454 JULIANUM,
2655 388 2711 445 S.
2754 386 3119 445 AUGUSTINI

3690 389 3839 449 I560

2233 514 2450 568 prorsus
2470 499 2629 554 verba
2644 500 2852 570 objecta
2882 509 3008 555 sunt
3032 498 3280 556 lecstio
3302 501 3355 555 in
3368 501 3671 573 episcopali
3682 502 3841 569 judi-

2229 591 2314 645 cio
2366 591 2791 661 Carthaginensi.
2846 592 2969 646 llzec
3020 592 3225 662 objecta
3292 601 3421 647 sunt
3482 601 3539 647 et
3614 592 3843 665 Pelagio

2231 682 2282 737 in
2335 682 2619 754 episcopali
2658 683 2859 754 judicio
2915 683 3347 755 Palaestiuo(De
3377 683 3549 740 Gestis
3602 684 3833 757 Peiagir',

2229 791 2317 828 nn.
2341 774 2430 839 23,
2465 775 2555 843 60,
2583 784 2629 830 et
2675 776 2738 829 de
2781 775 2997 830 Peccato
3047 775 3321 848 Originali,
3345 794 3437 831 nn.
3467 779 3524 842 '5,
3556 779 3591 833 4
3618 777 3660 850 ).
3692 778 3830 834 Haec

2230 868 2425 938 quippe
2461 868 2528 924 de
2570 868 2671 923 hac
2719 884 2778 924 re
2807 869 2947 924 inter
2990 883 3088 924 nos
3113 878 3167 925 et
3190 884 3284 925 vos
3314 872 3547 926 vertitur
3572 868 3828 941 qud-stin,

2229 968 2405 1014 utrum
2426 958 2614 1024 Adam,
2644 960 2759 1014 siVe
2791 968 3055 1030 peccaret,
3072 961 3184 1016 sive
3212 976 3317 1016 non
3359 972 3631 1033 peccaret,
3663 965 3834 1017 mori-

2229 1059 2381 1106 turus
2410 1060 2570 1107 esset.
2602 1051 2733 1105 Nam
2782 1052 2902 1122 quis
2951 1052 3177 1121 ignorat,
3222 1054 3344 1124 quia
3397 1054 3695 1109 secundum
3726 1054 3837 1109 dc-

2231 1142 2551 1209 finitiouem,
2587 1159 2693 1214 qua
2724 1140 3040 1198 immortalis
3063 1144 3258 1200 dicitur
3285 1145 3374 1201 ille
3399 1146 3491 1217 qui
3514 1162 3619 1201 non
3643 1155 3839 1217 potest

2230 1234 2389 1302 mori,
2434 1234 2676 1289 mortalis
2700 1244 2877 1290 autem
2926 1234 3014 1305 qui
3045 1246 3220 1305 poteSt
3263 1236 3423 1302 mori,
3452 1236 3625 1292 Adam
3652 1237 3841 1308 potuit

2231 1325 2387 1390 mori,
2419 1327 2541 1396 quia
2567 1327 2737 1396 potuit
2781 1341 3005 1396 peccare
3032 1342 3047 1393 ;
3076 1336 3133 1382 et
3158 1326 3278 1383 ideo
3306 1329 3443 1383 mori
3471 1330 3664 1384 merito
3707 1330 3838 1384 cul-

2231 1431 2335 1486 pat,
2382 1432 2490 1471 non
2537 1402 2855 1472 necessitate
2884 1418 3134 1472 naturas?
3165 1417 3471 1475 Secundum
3522 1419 3667 1475 illam
3698 1435 3838 1475 vero

2231 1509 2616 1578 deﬁnitionem,
2639 1527 2741 1582 qua
2771 1521 2826 1567 et
2869 1512 2959 1567 ille
2992 1511 3308 1569 immortalis
3336 1513 3532 1569 dicitur
3559 1514 3716 1584 cujus
3745 1524 3839 1570 est

2234 1601 2285 1657 in
2319 1611 2578 1672 potestate
2599 1618 2703 1657 non
2734 1603 2893 1668 mori,
2940 1604 3059 1673 quis
3087 1613 3244 1674 neget
3290 1592 3463 1659 Adam
3490 1619 3611 1660 esse
3636 1604 3838 1660 condi-

2235 1700 2345 1749 tum
2369 1693 2527 1765 hujus
2551 1693 2870 1764 potestatis?
2901 1694 3165 1762 Quoniam
3188 1695 3277 1765 qui
3322 1694 3550 1750 habebat
3586 1705 3837 1766 potesta-

2235 1792 2343 1839 tem
2369 1798 2639 1855 nunquam
2665 1784 2944 1854 peccandi,
2977 1784 3220 1855 profecto
3250 1784 3482 1840 habebat
3505 1794 3834 1856 potestatem

2234 1893 2505 1948 nunquam
2548 1877 2831 1933 moriendi.
2887 1877 3021 1934 Illud
3050 1893 3180 1949 ergo
3226 1888 3309 1933 est
3337 1877 3479 1947 quod
3504 1886 3694 1935 contra
3718 1894 3825 1935 vos

2235 1969 2446 2035 dicitur,
2472 1970 2576 2024 hoc
2614 1969 2805 2041 dogma
2835 1979 3095 2034 vestrum,
3122 1985 3226 2041 quo
3249 1971 3448 2040 putatis
3488 1971 3679 2036 Adam,
3715 1973 3841 2027 sive

2236 2069 2502 2131 peccaret,
2526 2061 2638 2116 sive
2659 2077 2768 2116 non
2795 2070 3060 2132 peccaret,
3089 2062 3253 2118 fuisse
3278 2064 3616 2127 moriturum,
3646 2063 3839 2118 omni-

2235 2166 2308 2207 no
2331 2167 2451 2209 esse
2476 2151 2841 2208 falsissimum.
2892 2153 3023 2221 Quae
3069 2169 3189 2210 cum
3248 2155 3320 2209 ita
3352 2154 3483 2223 sint,
3539 2169 3647 2225 quo
3673 2164 3839 2224 pacto

2237 2259 2336 2316 ego
2365 2244 2621 2310 dicerem,
2643 2244 2786 2316 quod
2818 2260 2903 2301 me
2926 2245 3125 2301 dixisse
3143 2246 3406 2311 mentiris,
3440 2246 3611 2301 Adam
3638 2261 3842 2301 secun-

2238 2333 2364 2390 dum
2386 2344 2626 2390 naturam
2655 2336 2951 2392 mortaliter
2995 2336 3314 2399 institutum,
3345 2338 3497 2408 quasi
3548 2348 3842 2407 urgeretur

2240 2428 2561 2482 necessitate
2605 2426 2899 2491 moriendi;
2939 2428 3060 2482 cum
3110 2427 3162 2481 in
3194 2436 3421 2483 morteut
3472 2428 3573 2482 nisi
3616 2437 3842 2498 propter

2238 2528 2513 2588 peccaturo
2556 2536 2660 2574 non
2694 2519 2710 2552 ¹
2758 2530 2939 2589 posset
2980 2520 3209 2591 urgeri?
3235 2520 3343 2576 Aut
3388 2521 3660 2591 quomodo
3710 2538 3843 2577 eum

2239 2613 2374 2667 mori
2402 2627 2505 2667 non
2536 2614 2775 2682 potuisse
2823 2614 3129 2683 pronuntio,
3180 2628 3301 2670 cum
3351 2630 3472 2671 esse
3520 2619 3841 2670 tnurtuttm’

2241 2704 2406 2759 sciam
2432 2721 2446 2766 ;
2471 2713 2526 2759 et
2547 2704 2729 2774 utique
2758 2705 2803 2759 si
2831 2706 2965 2759 mori
2993 2720 3098 2760 non
3147 2705 3428 2775 potuisset,
3461 2715 3707 2761 mortuus
3728 2721 3842 2761 non

2239 2797 2425 2852 esset?
2446 2797 2551 2853 Sed
2571 2797 2726 2869 plane
2752 2796 2901 2852 illum
2929 2814 3033 2852 non
3061 2798 3194 2853 mori
3245 2798 3482 2869 potuisse
3520 2800 3837 2871 pronuntio.

2240 2887 2408 2943 Aliud
2439 2896 2523 2944 est
2551 2898 2730 2944 autem
2779 2904 2897 2943 non.
2950 2904 3119 2959 posse
3157 2889 3323 2955 mori,
3353 2888 3501 2944 aliud
3532 2905 3694 2960 posse
3725 2906 3837 2946 non

2240 2981 2379 3037 mori
2408 2997 2428 3037 :
2457 2980 2584 3037 illud
2624 2982 2842 3052 majoris
2861 2991 2941 3038 est
2969 2982 3404 3060 immortalitatis,
3435 2982 3542 3038 hoc
3589 2984 3836 3039 minoris.

2238 3072 2295 3130 Si
2312 3072 2420 3130 duo
2439 3073 2541 3129 ista
2561 3072 2844 3138 discernis,
2895 3073 3104 3144 etquod
3133 3088 3230 3130 vos
3261 3073 3330 3130 de
3353 3073 3525 3129 Adam
3546 3073 3746 3136 dicitis,
3777 3085 3836 3129 et

2240 3168 2383 3237 quod
2413 3182 2513 3223 nos
2542 3175 2729 3223 contra
2759 3182 2854 3222 vos
2879 3166 3124 3232 dicimus,
3155 3165 3353 3222 cernis.
3383 3166 3493 3222 Vos
3530 3168 3674 3223 enim
3702 3168 3840 3223 dici-

2246 3261 2338 3327 tis,
2362 3261 2486 3318 Sive
2507 3268 2772 3332 peccaret,
2800 3258 2913 3315 sive
2933 3275 3037 3315 non
3060 3269 3325 3330 peccaret,
3339 3259 3632 3315 moriturus
3649 3268 3794 3315 esset
3817 3278 3836 3316 :

2240 3369 2341 3409 nos
2366 3363 2544 3409 autem
2569 3353 2819 3419 dicimus,
2863 3351 3127 3421 Quamdiu
3167 3366 3276 3407 non
3318 3360 3579 3422 peccaret,
3606 3353 3838 3407 moritu-

2242 3459 2335 3500 rus
2364 3458 2469 3499 non
2508 3454 2690 3510 esset;
2730 3451 2785 3499 et
2819 3443 2864 3497 si
2915 3456 3188 3514 nunquam
3239 3451 3536 3513 peccasset,
3589 3452 3839 3500 mortuus

2244 3550 2351 3591 non
2371 3544 2534 3592 esset.
2569 3534 2771 3591 Deinde
2821 3548 3217 3590 commemoras
3255 3548 3376 3604 qua:
3417 3541 3605 3588 contra
3640 3548 3738 3588 vos
3765 3533 3840 3590 die

2243 3624 2437 3683 Genesi
2463 3625 2569 3681 dici
2584 3626 2792 3680 soleant
2814 3641 2829 3691 ;
2862 3635 2915 3680 et
2943 3624 3010 3680 de
3045 3623 3231 3680 dolore
3247 3623 3523 3694 parientis,
3546 3639 3650 3695 qua
3676 3639 3841 3694 poma

2245 3719 2392 3789 prior
2415 3717 2521 3773 Eva
2547 3718 2731 3788 punita
2759 3725 2860 3782 est,
2910 3715 3045 3772 dicis
3071 3716 3288 3789 aliquid,
3327 3716 3469 3787 quod
3511 3731 3610 3773 nos
3656 3716 3842 3773 dicere

2243 3812 2325 3867 vis
2350 3812 2546 3882 putari,
2577 3811 2659 3867 vel
2704 3819 2878 3883 putas.
2910 3809 3026 3865 Non
3067 3811 3210 3866 enim
3248 3808 3496 3876 dicimus,
3536 3824 3641 3864 non
3668 3808 3841 3866 fuisse

2245 3907 2299 3961 in
2327 3906 2585 3977 pariendo
2614 3904 2838 3961 feminas
2859 3903 3139 3971 doliturus,
3186 3903 3288 3958 nisi
3329 3902 3396 3958 ad
3442 3918 3536 3958 eas
3564 3918 3684 3957 cum
3719 3917 3841 3972 pec-

2244 4006 2365 4053 cato
2383 3996 2510 4052 Eva:
2538 3996 2875 4052 fecunditatis
2897 3996 3037 4051 illius
3079 4010 3315 4051 terumna
3364 3996 3838 4051 transissetzcum

2243 4089 2310 4145 ad
2376 4092 2491 4145 eas‘
2520 4105 2623 4145 non
2667 4088 3006 4144 fecunditatis
3037 4129 3053 4154 ,
3100 4088 3194 4144 sed
3248 4088 3543 4160 iniquitatis
3587 4103 3837 4144 :nrmnna

2245 4183 2518 4238 transierit
2543 4181 2585 4236 ³.
2610 4181 2724 4237 Etsi
2763 4182 2909 4236 enim
2941 4180 3075 4236 facta
3124 4188 3210 4237 est
3265 4196 3564 4235 azrumnosa
3599 4178 3842 4235 fecundi-

2244 4282 2327 4329 tas
2354 4292 2369 4341 ;
2395 4274 2647 4345 iniquitas
2679 4315 2696 4339 ,
2750 4290 2857 4329 non
2902 4272 3200 4329 fecunditas
3247 4273 3350 4329 hoc
3399 4272 3522 4329 fecit
3552 4290 3566 4326 :
3598 4287 3839 4329 {erumna

2245 4368 2442 4437 quippe
2502 4365 2757 4436 parientis
2792 4381 2855 4421 ex
2903 4366 3180 4438 iniquitate
3231 4364 3487 4433 hominis,
3539 4364 3843 4423 fecunditas

2244 4466 2423 4513 autem
2471 4472 2537 4513 ex
2580 4457 2672 4513 Dei
2705 4457 3077 4513 benedictione
3112 4456 3412 4514 descendit.
3469 4457 3576 4512 Aut
3611 4457 3657 4512 si
3694 4473 3839 4512 tern-

2245 4563 2423 4602 tnnam
2453 4546 2794 4603 fecunditatis
2818 4563 2926 4603 non
2953 4548 3031 4605 sic
3079 4547 3304 4619 intelligi
3326 4548 3562 4613 voluisti,
3586 4555 3840 4619 tanquam

2243 4654 2361 4696 eam
2392 4639 2692 4696 fecunditas
2720 4640 2925 4708 fecerit,
2953 4638 3048 4695 sed
3065 4632 3336 4710 acceperit
3358 4657 3372 4702 ;
3401 4638 3521 4695 haec
3546 4647 3629 4695 est
3654 4647 3833 4697 nostra

2243 4733 2527 4789 sententia.
2556 4733 2752 4788 Verum
2782 4748 2884 4788 nos
2916 4749 3022 4787 non
3044 4733 3274 4789 dicimus
3302 4732 3465 4788 etiam
3503 4732 3556 4786 in
3585 4730 3835 4801 paradiso

2244 4826 2517 4896 parientes
2543 4826 2766 4881 feminas
2801 4825 2965 4880 fuisse
2996 4816 3255 4881 doliturus
3284 4840 3299 4877 :
3332 4824 3442 4880 imo
3482 4822 3607 4877 inde
3633 4823 3838 4894 colligi.

2245 4932 2366 4973 mus
2406 4916 2549 4974 hunc
2586 4917 2825 4973 dolorem
2864 4933 3076 4988 pmnam
3107 4933 3228 4974 esse
3277 4917 3504 4989 peccati,
3533 4916 3654 4989 quia
3682 4917 3737 4972 in
3773 4932 3840 4974 eo

2244 5010 2364 5065 loco
2391 5025 2494 5065 non
2519 5009 2727 5076 fuisset,
2747 5010 2836 5065 ubi
2860 5027 2964 5065 non
3015 5012 3322 5066 sinerentur
3348 5025 3570 5066 manere
3596 5012 3837 5081 quicum-

2239 5118 2346 5173 que
2371 5112 2716 5173 peccassent:
2736 5102 2878 5172 quod
2902 5110 2955 5157 tu
2982 5104 3217 5158 refutare
3255 5116 3361 5157 non
3383 5100 3595 5167 niteris,
3620 5102 3722 5156 nisi
3746 5102 3837 5158 Dei

2244 5194 2568 5261 paradismn,
2596 5209 2756 5248 manu
2805 5193 2965 5249 fronti
3013 5197 3259 5264 Opposita
3287 5201 3342 5248 et
3388 5191 3561 5248 oculis
3614 5191 3836 5256 clausis,

2243 5302 2347 5341 non
2384 5289 2557 5342 solum
2603 5285 2927 5349 libidinibus
2947 5286 3249 5352 hominum,
3283 5299 3467 5341 verum
3515 5284 3676 5338 etiam
3715 5294 3836 5337 eru-

2241 5376 2467 5433 ciatibns
2508 5376 2734 5447 implere
2780 5376 3011 5448 cogaris.
3039 5374 3146 5432 Sed
3186 5373 3310 5445 quid
3360 5374 3601 5430 mirum?
3621 5372 3836 5443 quando

2306 5538 2321 5568 ι
2359 5535 2441 5584 Hie
2479 5540 2743 5599 negantem
2788 5533 3070 5599 particulam
3132 5533 3418 5584 auctoritate
3477 5539 3584 5583 Mss.
3630 5529 3843 5594 supple-

2228 5609 2366 5665 tuus.

2305 5661 2324 5723 ξ
2357 5659 2430 5707 sic
2451 5666 2555 5723 Mss.
2577 5664 2627 5707 In
2651 5658 2809 5723 tigna
2832 5657 3136 5723 moriturum.

2284 5720 2328 5791 ,λδ
2352 5721 2645 5791 {inciderant
2663 5716 2879 5791 impeditis
2900 5721 3005 5769 haec
3033 5722 3180 5791 verba
3199 5755 3213 5777 ,
3235 5730 3347 5791 eunt
3364 5716 3429 5791 ad
3445 5729 3528 5791 eos
3548 5727 3640 5791 non
3664 5716 3838 5791 fecun-

2241 5782 2431 5891 Idftnt‘t's,
2463 5782 2546 5832 scd
2569 5782 2832 5845 iniquitatis
2857 5794 3074 5834 wrtmum
3106 5782 3348 5833 transierit
3390 5785 3585 5830 Exstant
3605 5782 3656 5826 in
3678 5782 3840 5831 omni-

2257 5856 2333 5895 ιιιδ
