4150 6532
371 408 496 464 1561

368 523 592 592 implere
639 520 719 576 vis
750 519 969 574 'illum‘
1030 518 1392 574 memorabilis
1442 514 1711 571 felicitatis
1781 515 1956 569 10011111

342 611 1115 676 “01110111110111110811011111111111,
1138 625 1363 682 quarum
1392 609 1508 663 sine
1545 607 1726 676 aliquo
1751 620 1948 676 corpo-

367 704 442 759 ris
487 704 746 772 cruciatu,
769 704 852 760 vel
898 704 1060 765 nulla,
1084 703 1167 759 vel
1226 716 1359 773 pene
1401 700 1544 756 nulla
1572 700 1853 770 contingit.
1886 696 1953 752 Et

365 809 485 849 eum
516 794 631 850 11100
656 805 901 865 portenta
930 806 981 851 te
1009 794 1189 850 dicere
1221 805 1366 849 tuum
1407 792 1599 862 dogma
1629 790 1954 861 compellat;

365 887 593 956 cos,qui
619 887 735 943 lucc
778 886 916 943 absit
947 898 1000 942 ut
1026 886 1227 950 dicant,
1272 885 1393 955 quia
1445 883 1572 939 illud
1614 882 1789 954 potius
1817 881 1954 935 anti-

364 980 578 1050 quitus’
610 978 865 1035 Ecclesiae
916 979 1008 1034 Dei
1049 979 1298 1034 traditum
1341 985 1543 1042 tenent,
1576 975 1716 1030 unde
1759 974 1959 1029 dictum

366 1080 468 1137 est,
494 1073 537 1125 Α
591 1072 800 1127 muliere
836 1071 1036 1125 initium
1084 1074 1274 1141 [111-111111
1302 1079 1372 1124 est
1421 1067 1630 1137 peccati,
1663 1076 1711 1120 et
1757 1074 1960 1136 propter

366 1162 513 1217 11111111
538 1163 782 1218 morimur
823 1166 1037 1227 omucs(
1070 1161 1230 1215 Eceli.
1260 1175 1395 1225 xxv,
1448 1159 1519 1214 35
1544 1159 1595 1228 );
1625 1156 1960 1212 audcsinsu-

367 1269 465 1326 per
511 1255 749 1322 irridere,
807 1269 1099 1326 eorumque
1162 1270 1248 1309 me
1300 1252 1595 1324 principem
1646 1250 1963 1306 iusullanter

367 1349 603 1418 appellas
640 1357 828 1403 contra
876 1348 1153 1403 scientiam
1211 1355 1266 1402 et
1329 1344 1712 1400 conscientiam
1783 1352 1947 1396 tuam.

366 1439 522 1495 Nullo
550 1439 711 1495 modo
738 1455 967 1510 namque
984 1438 1218 1510 ignoras,
1251 1445 1379 1508 quot
1402 1444 1456 1491 et
1483 1434 1665 1505 quanti
1699 1434 1751 1487 in
1772 1432 1961 1487 Eccle-

368 1524 465 1590 sia”
491 1534 636 1590 docti
693 1534 1053 1604 Ecclesiaeque
1089 1531 1338 1587 doctores
1378 1537 1505 1585 ante
1559 1542 1656 1583 nos
1701 1525 1957 1592 dixerint,

367 1628 447 1684 sic
463 1634 708 1681 naturam
752 1625 984 1681 hominis
1018 1624 1272 1680 divinitus
1319 1622 1641 1684 institutam,
1672 1628 1730 1674 ut
1769 1619 1813 1672 si
1848 1632 1953 1672 non

368 1725 661 1789 peccasset,
690 1716 985 1772 moriturus
1015 1730 1118 1771 non
1146 1721 1310 1770 esset.
1344 1712 1543 1768 Ilorum
1572 1715 1701 1782 ergo
1725 1722 1955 1780 quomo-

365 1810 437 1864 do
462 1809 709 1880 princeps
731 1808 915 1873 vdeor,
953 1821 1087 1878 quos
1127 1820 1232 1861 non
1261 1803 1421 1869 duco,
1461 1803 1557 1859 sed
1601 1817 1799 1873 sequor
1826 1800 1851 1852 ἲ
1878 1799 1957 1856 Te

366 1908 672 1961 autemnon
704 1899 825 1953 dico
863 1892 984 1953 esse
1020 1895 1315 1967 principem
1356 1909 1542 1950 eorum
1585 1893 1673 1964 qui
1707 1898 1956 1948 asserunt

365 1989 444 2046 sie
473 1989 643 2045 Adam
675 1989 954 2044 mortalem
1001 1987 1220 2055 factum,
1254 1994 1312 2041 ut
1351 1985 1465 2040 sive
1517 1992 1785 2055 peccaret,
1837 1984 1952 2038 sive

367 2097 470 2138 non
501 2090 765 2152 peccaret,
796 2082 1084 2136 meriturus
1113 2088 1277 2146 esset,
1310 2087 1468 2149 atque
1493 2078 1564 2132 ita
1595 2077 1616 2108 ³
1645 2075 1953 2145 paradisum

365 2184 568 2231 8111101ίο
607 2174 917 2244 voluptatis,
956 2173 1045 2229 ubi
1093 2181 1236 2227 tanta
1281 2170 1493 2240 requies
1520 2167 1711 2222 animae
1742 2176 1796 2221 et
1829 2180 1953 2221 cor-

364 2266 510 2334 poris
524 2276 658 2331 erat,
692 2264 1029 2320 morientitnn
1048 2261 1393 2326 cruciatibus,
1444 2267 1778 2314 mortuorum
1803 2257 1957 2311 fune-

365 2356 512 2411 ribus
533 2397 549 2422 ,
583 2355 875 2427 lugentium
904 2353 1221 2410 maeroribus
1264 2351 1487 2422 implere
1529 2357 1810 2405 conantur.
1837 2343 1956 2403 Non

363 2461 425 2503 cs
462 2456 516 2501 tu
561 2460 747 2502 eorum
798 2446 1046 2516 princeps
1081 2461 1096 2497 :
1127 2443 1371 2514 Pelagius
1407 2450 1463 2497 et
1507 2439 1790 2496 lecstius
1816 2479 1831 2504 ,
1865 2440 1955 2507 qui

365 2539 572 2607 priores
595 2538 695 2594 ista
720 2537 991 2605 dixerunt,
1022 2545 1205 2593 tenent
1248 2534 1409 2605 hujus
1446 2532 1662 2589 nefandi
1690 2530 1956 2602 dogmatis

364 2630 900 2702 priueipatum;quos
940 2629 1162 2693 utinam,
1192 2629 1331 2683 sient
1388 2640 1495 2680 non
1549 2623 1723 2689 ducis,
1764 2622 1836 2677 ita
1856 2635 1956 2676 nec

362 2721 667 2792 sequereris
690 2721 705 2773 !

431 2810 625 2867 XXVI.
654 2811 773 2867 1111..
814 2810 925 2866 1100
951 2810 1094 2865 0111111
1125 2809 1296 2879 ipsum
1340 2821 1499 2878 quam
1542 2805 1786 2861 insanum
1828 2810 1952 2868 est,

361 2901 505 2973 quod
537 2900 732 2967 dicitis,
766 2902 938 2970 primo
977 2899 1218 2955 dolorem
1258 2896 1498 2967 pariendi
1539 2896 1790 2951 comitem
1833 2907 1954 2949 esse

365 2994 598 3066 peccati,
625 3009 747 3049 cum
793 2993 863 3048 ita
909 2990 1185 3062 perspicue
1212 2989 1281 3045 ad
1325 3003 1548 3070 8081111111
1590 2985 1953 3042 conditionem

363 3085 566 3157 magis,
616 3099 774 3154 quam
815 3082 882 3138 ad
937 3080 1220 3137 criminum
1264 3078 1513 3147 respiciat
1555 3075 1810 3131 ultionem
1837 3113 1854 3140 ,
1896 3082 1955 3127 ut

361 3180 541 3233 omnia
566 3177 811 3232 animalia
841 3175 987 3230 nullo
1015 3171 1275 3228 maculata
1303 3177 1542 3241 peccato,
1575 3168 1672 3223 bos
1700 3178 1950 3236 angores,

364 3272 463 3327 bos
500 3270 731 3343 gemitus
758 3269 811 3323 in
843 3266 1192 3339 parturitionc
1220 3262 1521 3335 patiantur?
1547 3261 1650 3317 Per
1676 3260 1819 3331 quod
1855 3275 1952 3329 ap-

365 3374 537 3436 paret,
581 3372 953 3436 argmnentum
985 3376 1092 3415 non
1122 3373 1243 3415 esse
1270 3356 1512 3429 peccati,
1544 3354 1685 3426 quod
1727 3352 1953 3409 inveniri

361 3459 526 3515 etiam
555 3458 673 3513 sine
703 3464 923 3528 peccato
946 3460 1141 3525 potest.
1170 3450 1372 3507 Deinde
1398 3453 1772 3520 promoventes
1795 3444 1955 3500 alier-

364 3553 433 3607 tis
471 3550 635 3617 aliud,
661 3550 829 3605 nmlto
873 3546 1284 3618 ineptissimum.
1310 3544 1426 3600 Non
1469 3541 1698 3609 doleret,
1738 3540 1949 3611 inquis,

363 3644 582 3710 femina,
621 3642 725 3699 nisi
770 3649 913 3697 esset
955 3639 1240 3696 criminum
1269 3637 1553 3709 particeps.
1582 3635 1779 3691 Verum
1812 3633 1954 3693 illico

361 3736 592 3793 subditis
609 3776 625 3803 ,
651 3734 759 3790 Sed
790 3734 891 3790 boc
918 3741 1192 3804 peceatum
1214 3773 1230 3798 ,
1261 3739 1481 3802 propter
1504 3729 1645 3801 quod
1671 3727 1815 3784 dolet
1835 3743 1955 3782 mu-

361 3827 481 3896 lier,
512 3842 618 3882 non
649 3825 701 3881 in
729 3825 989 3896 pariente,
1020 3832 1270 3880 0011010111
1290 3823 1352 3877 111
1380 3828 1631 3876 nascente
1654 3819 1956 3891 deprehen—

361 3920 525 3975 ditur.
546 3919 679 3975 Nam
709 3917 829 3974 ideo
869 3925 925 3973 et
959 3917 1240 3988 baptizatte
1269 3913 1523 3969 mulieres
1549 3954 1564 3977 ,
1602 3912 1783 3966 liberae
1810 3951 1825 3978 ,
1852 3910 1953 3976 ais,

362 4013 566 4084 agitant
592 4026 623 4065 a
652 4018 871 4081 peccato
891 4007 947 4075 ⁶;
978 4007 1073 4064 8011
1101 4021 1200 4078 pro
1226 4006 1455 4060 ﬁliorum
1489 4003 1788 4073 iniquitate,
1819 4016 1954 4072 quos

362 4103 550 4171 edunt,
574 4100 909 4159 fecunditatis
931 4114 1042 4154 sua:
1068 4095 1466 4152 difﬁcultatibus
1486 4092 1810 4164 afﬂiguntur.
1840 4091 1953 4158 Qua

362 4195 614 4266 opinione
641 4192 828 4247 tradux
869 4188 1074 4262 peccati
1104 4203 1208 4244 non
1249 4187 1362 4258 jam
1385 4201 1415 4241 a
1439 4195 1610 4241 matre
1636 4184 1872 4241 decurrit
1901 4184 1954 4238 in

362 4286 622 4349 sobolem,
654 4283 749 4340 sed
781 4285 833 4338 in
864 4290 1112 4353 parentes
1136 4295 1166 4334 a
1194 4284 1447 4334 nascente
1471 4276 1789 4333 refunditur.
1817 4275 1951 4330 Nam

359 4377 411 4432 si
435 4376 554 4431 ideo
577 4374 771 4430 mulier
793 4373 1055 4444 baptizata
1080 4371 1243 4426 sentit
1264 4369 1481 4425 dolores
1500 4409 1515 4433 ,
1550 4366 1674 4438 quia
1708 4366 1958 4438 iniquita—

364 4475 446 4520 tes
470 4464 813 4519 inveniuntur
831 4463 883 4516 in
910 4462 1165 4532 parvulo;
1191 4460 1380 4529 supina
1401 4458 1588 4526 incipit
1607 4457 1794 4513 tradux
1811 4471 1953 4525 esse,

364 4571 472 4612 non
499 4569 691 4627 prona.
721 4553 792 4609 At
813 4553 836 4586 '
870 4568 976 4608 non
1008 4553 1130 4608 ideo
1149 4552 1439 4617 cruciatur,
1471 4550 1594 4620 quia
1622 4550 1954 4620 iniquitatem

364 4649 506 4705 ﬁlius
535 4646 693 4702 habet
718 4664 730 4698 :
755 4643 848 4699 sed
876 4643 999 4699 ideo
1027 4644 1150 4713 quia
1176 4652 1296 4697 eam
1324 4656 1508 4696 secum
1542 4640 1674 4709 ipsa,
1704 4655 1826 4695 cum
1854 4655 1954 4695 na-

363 4749 623 4803 sceretur,
654 4737 961 4793 advexerat.
992 4734 1194 4790 Verum
1224 4735 1325 4787 hoc
1352 4732 1550 4786 malum
1592 4732 1858 4813 sublatum
1883 4732 1954 4786 ab

338 4826 424 4888 ca
449 4848 545 4904 per
567 4830 790 4901 gratiam
821 4827 1033 4882 dixeras
1057 4843 1070 4877 :
1093 4823 1140 4881 si
1169 4838 1297 4893 ergo
1326 4828 1550 4892 peccato
1575 4820 1734 4876 dolor
1776 4830 1954 4890 partu-

362 4927 553 4984 rientis
582 4922 888 4981 adharrebat
910 4963 925 4986 ,
958 4920 1156 4976 amotio
1185 4918 1388 4989 peccati
1432 4915 1693 4972 cruciatui
1721 4914 1954 4985 parturi-

365 5019 572 5075 tionum
596 5014 783 5071 debuit
822 5010 1048 5068 mederi.
1077 5012 1183 5066 Aut
1208 5009 1251 5063 si
1283 5008 1549 5063 cruciatos
1578 5006 1665 5060 hic
1707 5007 1823 5062 sine
1852 5005 1952 5061 ini-

362 5113 563 5182 quitate
586 5124 707 5167 esse
732 5124 836 5181 non
862 5114 1075 5180 potest,
1106 5103 1197 5176 qui
1223 5113 1402 5159 tamen
1430 5108 1550 5172 post
1590 5102 1865 5172 Baptisma
1892 5101 1950 5158 in

364 5186 576 5259 feminis
601 5200 900 5267 invenitur;
929 5198 1181 5270 iniquitas
1208 5209 1420 5268 quoque
1446 5194 1526 5251 eis
1551 5207 1658 5249 non
1683 5204 1765 5249 est
1789 5192 1949 5248 dem-

368 5505 380 5517 .
428 5445 448 5477 ι
469 5434 1202 5517 _vigni,er.ips,__qumdoquidem
1223 5438 1292 5489 vis
1312 5434 1466 5488 illum.
1513 5441 1569 5486 At
1592 5443 1695 5486 Mss.
1716 5471 1729 5498 ,
1756 5436 1952 5499 quando

361 5500 561 5599 implere
577 5501 646 5552 eis
665 5500 833 5573 illum,
1016 5500 1026 5502 ‘
1051 5557 1063 5569 ι
1135 5558 1146 5570 .

480 5570 553 5615 Sic
574 5571 678 5613 Mss.
705 5568 755 5611 In
777 5570 935 5623 vign.,
959 5565 1221 5623 antiquius.

427 5627 450 5660 ³
482 5626 771 5687 Vignierius,
795 5621 862 5687 iri.
890 5629 945 5671 At
967 5621 1203 5687 Mss.,__i_ta.

425 5687 447 5721 δ
478 5681 712 5739 sic-vetus
731 5685 886 5733 0011011
914 5690 1034 5743 Port.
1062 5681 1147 5735 Α111
1171 5694 1290 5732 vero
1330 5687 1434 5732 Mss.
1475 5695 1581 5733 eum
1607 5682 1748 5735 editis
1765 5718 1779 5745 ,
1806 5682 1952 5735 libere

362 5750 464 5815 ais,
487 5749 714 5815 agitante
729 5753 936 5815 peccato.
1840 5754 1843 5757 -

426 5813 449 5845 ³
480 5808 677 5874 supple,
700 5808 902 5869 inquies.

1746 397 1945 454 LIBER

2059 395 2270 455 :xrus.
2902 416 2905 423 -
3494 408 3658 478 πθ,

2073 523 2163 583 pta
2194 529 2289 585 per
2317 516 2540 588 gratiam
2564 561 2579 586 ,
2627 528 2682 576 et
2720 523 2907 579 eviluit
2952 541 3143 598 pompa
3190 530 3550 604 Baptismatis.
3596 539 3653 595 Si

2065 616 2245 661 autem
2274 607 2327 663 in
2373 608 2455 665 bis
2496 613 2767 684 mysteriis
2792 630 2853 671 ea
2885 633 3049 688 quam
3083 636 3181 676 nos
3222 627 3510 694 credimus,
3545 646 3653 686 non

2065 712 2164 754 vos
2192 699 2424 771 fingitis,
2472 701 2570 758 fuit
2601 705 2770 762 virtus
2808 717 2862 763 et
2907 711 3124 779 veritos,
3156 714 3530 789 sublatumque
3574 733 3653 776 est

2066 804 2228 848 omne
2272 803 2552 863 peceatum
2577 840 2592 863 ,
2623 810 2867 857 remanet
2896 801 3052 858 dolor
3095 814 3270 861 tamen
3292 849 3306 873 ,
3338 810 3429 879 qui
3473 821 3655 881 partus

2069 880 2380 940 diflieultate
2403 896 2725 956 generatur;
2754 891 3091 948 manifestum
3118 904 3201 950 est
3227 896 3374 953 illum
3400 905 3651 970 gemitum

2034 982 2269 1030 naturae
2313 976 2542 1033 indicem
2587 993 2707 1035 esse
2731 1022 2746 1047 ,
2777 997 2882 1036 non
2924 984 3131 1053 culpm;
3160 1001 3317 1056 quem
3363 998 3415 1044 te
3445 1004 3654 1060 quoque

2034 1086 2037 1091 -
2064 1075 2334 1122 annuente
2361 1068 2653 1138 patiuntur,
2683 1087 2817 1141 quas
2841 1088 2868 1125 a
2900 1073 3315 1130 Manielueorum
3343 1091 3563 1148 peccato
3592 1080 3655 1135 li-

2064 1156 2278 1213 beratas
2306 1160 2505 1215 fateris.
2535 1162 2704 1217 Porro
2735 1164 2786 1219 id
2826 1167 3089 1236 exemplis
3117 1183 3293 1223 rerum
3318 1171 3450 1226 solis
3488 1187 3653 1242 appa-

2063 1248 2276 1304 ruitzsi
2304 1266 2438 1307 vero
2463 1252 2810 1322 inspiciamus
2849 1264 2908 1310 01
2949 1258 3116 1327 ipsius
3144 1259 3306 1315 verba
3347 1264 3650 1329 80111011ιί10,

2064 1354 2148 1394 me
2178 1341 2264 1394 illa
2292 1351 2501 1397 vestras
2524 1345 2748 1401 nebulas
2767 1348 3129 1416 splendidiore
3159 1350 3366 1422 fulgore
3404 1354 3534 1407 solis
3563 1370 3651 1408 ra-

2062 1432 2167 1487 diis
2192 1433 2466 1489 dissolvet.
2496 1435 2611 1490 Non
2653 1446 2737 1491 est
2774 1440 2971 1510 quippe
2999 1440 3198 1496 dictum
3237 1443 3304 1497 ad
3348 1445 3650 1509 mulierem,

2032 1521 2313 1578 'Orientur
2337 1525 2390 1580 in
2436 1536 2489 1582 10
2525 1527 2760 1595 dolores,
2787 1539 2898 1595 aut,
2933 1532 3216 1587 Getierabo
3261 1533 3353 1589 tibi
3383 1536 3650 1605 gemitus;

2062 1624 2121 1669 ut
2147 1625 2264 1685 post
2284 1618 2493 1686 culpam
2517 1633 2707 1674 sensus
2729 1635 2914 1675 eorum
2939 1622 3140 1677 institui
3168 1624 3473 1680 viderentur
3497 1644 3512 1681 :
3532 1626 3650 1693 sed,

2063 1706 2432 1779 Multiplicans,
2462 1710 2650 1780 inquit,
2666 1711 3280 1785 nmltiplieabo-tristitias
3306 1725 3437 1771 tuas.
3470 1716 3651 1774 Osten-

2060 1798 2139 1854 dit
2163 1802 2274 1870 jam
2300 1791 2425 1856 esse.
2461 1802 2514 1857 in
2557 1805 2783 1859 naturali
2814 1805 3057 1873 ratione,
3085 1806 3229 1876 quod
3272 1822 3331 1863 se
3360 1808 3415 1862 in
3463 1824 3654 1879 pecca-

2063 1894 2195 1950 trice
2223 1910 2449 1965 persona
2479 1911 2583 1950 non
2608 1897 2840 1952 condere
2858 1940 2873 1964 ,
2902 1898 2997 1953 sed
3040 1898 3397 1969 multiplicare
3421 1901 3647 1971 promit—

2063 1988 2144 2042 tit.
2176 1987 2459 2058 Nunquam
2503 1989 2700 2060 quippe
2740 1990 3155 2061 multiplicantur
3197 1991 3299 2048 nisi
3342 1994 3605 2048 exstantia
3630 2011 3649 2048 :

2059 2089 2311 2134 0011010111
2339 2088 2624 2150 antequam
2654 2081 2779 2145 sint,
2809 2082 2922 2136 ﬁeri
2951 2082 3167 2153 quidem
3192 2082 3407 2154 proprie
3425 2124 3440 2149 ,
3467 2084 3649 2155 augeri

2059 2180 2236 2226 autem
2258 2186 2599 2243 pra'propere
2631 2183 3022 2243 nuncupantur.
3056 2174 3312 2244 Denique,
3337 2189 3407 2229 ne
3431 2173 3532 2230 hoc
3549 2190 3649 2229 no-

2062 2272 2234 2317 strum
2266 2264 2456 2334 magis,
2487 2278 2645 2334 quam
2678 2265 2844 2334 ipsius
2872 2265 3110 2320 veritatis
3134 2280 3255 2320 esse
3277 2265 3538 2332 videatur,
3564 2266 3650 2322 1110

2060 2354 2112 2408 111
2140 2356 2345 2410 00110118
2387 2355 2744 2409 animantibus
2788 2356 3071 2411 verborum
3115 2356 3341 2411 refertur
3378 2356 3511 2411 ordo
3536 2371 3649 2412 ser-

2032 2454 2231 2500 ‘vatus.
2263 2445 2337 2499 De
2377 2445 2594 2501 homine
2630 2460 2845 2517 quoque
2892 2446 3198 2516 priusquam
3244 2445 3397 2503 ﬁeret
3421 2445 3651 2502 11⁷111111-

2060 2555 2172 2592 111118
2191 2580 2205 2603 ,
2238 2539 2409 2609 inquit
2436 2538 2575 2593 Deus
2594 2580 2609 2605 ,
2642 2539 2894 2592 hominem
2923 2538 2993 2592 ad
3019 2539 3293 2611 imaginem
3333 2547 3380 2592 et
3408 2539 3651 2594 similitu-

2059 2628 2229 2682 dinem
2273 2637 2501 2683 nostram
2546 2628 2699 2700 (Gen.
2732 2643 2785 2696 1,
2815 2628 2909 2698 26)
2936 2637 3026 2684 :et
3066 2628 3243 2683 denuo
3271 2628 3340 2684 de
3383 2630 3609 2685 muliere
3631 2671 3651 2696 ,

2060 2720 2225 2784 Dixit,
2257 2721 2447 2791 inquit,
2476 2720 2613 2776 Deus
2633 2762 2648 2786 ,
2679 2719 2802 2775 Non
2829 2731 2902 2775 est
2927 2720 3116 2775 bonum
3148 2735 3254 2776 esse
3295 2720 3461 2775 solum
3485 2720 3651 2774 homi-

2060 2830 2173 2868 nem
2197 2831 2212 2879 ;
2246 2816 2497 2885 faciamus
2538 2816 2584 2868 ei
2611 2814 2924 2886 adjutorium
2954 2813 3116 2868 simile
3155 2814 3239 2868 sui
3263 2815 3281 2883 (
3302 2813 3389 2868 Id.
3417 2830 3489 2882 u,
3517 2812 3648 2885 l8).

2058 2904 2249 2959 Postea
2280 2919 2410 2959 vero
2450 2919 2608 2975 quam
2640 2904 2759 2959 facti
2803 2914 2965 2968 sunt,
2992 2904 3258 2959 Benedimit
3286 2906 3361 2960 eis
3386 2947 3401 2971 ,
3434 2906 3648 2978 inquit,

2057 2994 2265 3058 dicens,
2290 2992 2513 3050 Crescite
2531 3035 2547 3059 ,
2577 3003 2623 3049 et
2658 2995 3071 3064 nmltiplicamini
3088 3034 3103 3061 ,
3135 3004 3183 3049 et
3209 2996 3416 3065 implete
3455 3007 3643 3052 terram

2059 3085 2169 3159 (Id.
2200 3102 2238 3151 1,
2264 3084 2378 3160 28).
2416 3088 2717 3159 Antequam
2758 3086 3100 3152 conderetur,
3130 3102 3235 3142 non
3280 3096 3364 3143 est
3403 3087 3603 3143 dictum
3628 3129 3646 3156 ,

2057 3172 2510 3248 Multiplicentur;
2552 3178 2669 3244 sed,
2697 3177 2817 3233 Fiat
2841 3176 3000 3233 homo
3024 3195 3038 3231 :
3063 3185 3406 3248 posteaquam
3446 3178 3649 3233 exstitit

2057 3269 2149 3339 qui
2190 3270 2457 3340 acciperet
2511 3271 2878 3336 incrementa,
2925 3278 3315 3341 consequenter
3367 3269 3645 3340 adiungit,

2059 3360 2310 3427 Crescite,
2355 3370 2404 3415 et
2449 3361 2895 3432 multiplicamini,
2944 3369 2991 3415 et
3031 3361 3235 3431 implete
3277 3369 3482 3415 terram.
3536 3361 3649 3417 lloc

2057 3451 2237 3522 itaque
2261 3452 2448 3507 ordine
2486 3454 2713 3523 gemitus
2739 3454 3151 3523 parturitionum
3171 3494 3184 3518 ,
3212 3453 3303 3524 qui
3350 3452 3645 3509 secundum

2057 3553 2298 3599 naturam
2325 3543 2522 3611 fuerat,
2552 3544 2623 3599 ita
2654 3561 2707 3600 tn
2740 3545 3014 3599 hominum
3043 3544 3358 3615 corporibus
3380 3586 3396 3610 ,
3426 3544 3564 3599 sicut
3592 3543 3646 3601 in

2058 3635 2339 3705 pecoribus
2368 3635 2672 3700 institutus,
2705 3649 2811 3689 non
2842 3634 3091 3690 conditur
3133 3636 3185 3690 in
3217 3630 3327 3690 Eva
3351 3675 3366 3699 ,
3397 3633 3493 3689 sed
3522 3634 3648 3690 cre-

2058 3727 2191 3793 scit,
2222 3736 2280 3780 ut
2306 3726 2562 3798 peculiari
2590 3726 2890 3797 granditate
2917 3726 3267 3781 excitatorum
3315 3724 3645 3796 affligeretur

2058 3832 2337 3888 augurum.
2363 3816 2473 3872 Nec
2499 3824 2674 3872 tamen
2700 3818 2767 3872 ad
2811 3826 3037 3888 postera:
3065 3818 3238 3873 aetatis
3266 3816 3512 3885 feminas,
3544 3817 3647 3873 nisi

2060 3911 2284 3965 naturali
2313 3909 2683 3966 mediocritate
2708 3918 2758 3966 et
2785 3924 3069 3981 corporum
3096 3911 3355 3966 varietate
3381 3912 3647 3982 pertinge-

2060 4013 2198 4058 rent.
2229 4002 2304 4059 lbi
2335 4018 2483 4075 ergo,
2514 4019 2620 4060 non
2651 4012 2711 4059 ut
2746 4003 2954 4060 doleret
2983 4003 3034 4058 in
3060 4003 3315 4075 pariendo
3344 4003 3557 4068 mulier,
3576 4004 3647 4061 de

2060 4104 2281 4164 peccato
2310 4096 2437 4163 fuit;
2470 4096 2565 4151 sed
2604 4104 2660 4151 ut
2680 4081 2845 4150 nimis
2870 4094 3114 4151 doleret:
3138 4095 3278 4151 sicut
3315 4095 3476 4151 etiam
3509 4103 3648 4150 tem-

2061 4187 2280 4256 poribus
2321 4186 2552 4242 diversis
2594 4186 2896 4242 debilitates
2922 4201 3206 4257 corporum
3249 4201 3349 4256 pro
3378 4187 3648 4257 peccatis,

2061 4277 2376 4348 quibusdam
2408 4277 2633 4348 legimus
2660 4277 2957 4333 accidisse:
2981 4277 3077 4333 sed
3107 4293 3211 4332 non
3256 4277 3346 4331 illa
3375 4276 3650 4347 ampliatio

2066 4369 2404 4424 miseriarum
2437 4369 2818 4439 parcimoniam
2834 4367 2991 4422 ‘modi
3019 4367 3276 4422 naturalis
3303 4366 3513 4422 evertit.
3540 4364 3651 4422 Nec

2064 4469 2240 4517 tamen
2285 4461 2463 4516 omnia
2510 4475 2628 4533 qua:
2674 4461 2727 4517 in
2757 4459 2945 4517 eadem
2978 4458 3241 4515 sententia
3286 4457 3648 4524 continentur,

2062 4552 2536 4609 animadvertentis
2555 4552 2738 4623 vigore
2756 4551 3091 4608 clauduntur.
3112 4548 3377 4606 Cancrum
3403 4544 3649 4618 quaedam

2062 4646 2133 4702 ibi
2167 4661 2289 4716 pars
2317 4646 2517 4702 iudicat
2541 4646 2809 4711 meritum,
2837 4643 3080 4713 quaedam
3107 4642 3354 4712 designat
3389 4639 3647 4695 ofﬁcium.

2063 4737 2436 4808 Multiplicans,
2466 4737 2636 4807 inquit
2655 4778 2670 4801 ,
2700 4735 3049 4806 multiplicabo
3074 4733 3302 4787 tristitias
3330 4741 3446 4786 tuas
3469 4737 3519 4785 et
3560 4745 3650 4801 ge-

2061 4831 2238 4883 mitum
2266 4837 2405 4883 tuum
2427 4844 2448 4894 ;
2477 4830 2529 4882 in
2551 4828 2754 4882 tristitia
2781 4830 2948 4896 paries
2973 4827 3129 4896 ﬁlios.
3155 4824 3270 4880 Huc
3295 4839 3464 4895 usque
3494 4823 3647 4890 ultio,

2060 4935 2218 4992 quam
2250 4936 2357 4975 non
2399 4930 2608 4987 natum,
2651 4918 2745 4974 sed
2775 4932 2999 4989 persona
3034 4915 3346 4989 promeruit.
3377 4914 3494 4971 Jam
3528 4914 3650 4970 binc

2060 5011 2374 5082 simpliciter
2415 5011 2726 5082 posterioris
2773 5025 2935 5065 sexus
2977 5023 3170 5064 munus
3207 5005 3649 5063 ostenditunAd

2063 5106 2245 5173 virum,
2274 5105 2465 5176 inquit,
2497 5114 2639 5160 tuum
2665 5104 2921 5159 conversio
2958 5113 3061 5168 tua,
3093 5110 3140 5156 et
3177 5101 3286 5172 ipse
3310 5100 3384 5155 tui
3408 5099 3646 5154 domina-

2061 5196 2212 5252 bitur.
2244 5196 2358 5255 Hoc
2385 5196 2633 5252 nimirum
2663 5211 2769 5251 non
2797 5202 3000 5265 spectat
3022 5193 3091 5249 ad
3121 5207 3354 5263 pinnam,
3377 5189 3519 5263 quod
3547 5190 3648 5245 nisi

2060 5299 2241 5358 esset,
2273 5297 2539 5360 spectaret
2584 5287 2652 5343 ad
2690 5288 2901 5358 culpam
2926 5303 2940 5340 :
2963 5293 3022 5341 ut
3066 5287 3180 5341 viro
3221 5284 3417 5354 quippe
3454 5281 3650 5338 mulier

2061 5380 2304 5435 modesto
2329 5380 2585 5436 subdatur
2609 5379 2799 5436 aﬁ‘ectu
2829 5421 2844 5447 ,
2873 5377 3005 5433 ordo
3033 5385 3117 5432 est
3142 5419 3158 5444 ,
3187 5376 3505 5447 supplicium
3534 5388 3642 5428 non

2059 5481 2162 5529 081.
2192 5471 2359 5543 Caput
2384 5473 2550 5539 enim,
2583 5471 2876 5527 secundum
2907 5470 3221 5542 Apostolum
3240 5510 3255 5535 ,
3282 5466 3542 5533 mulieris,
3572 5464 3650 5518 vir

2062 5563 2279 5636 (Ephes.
2314 5580 2370 5634 ν,
2411 5564 2694 5637 23):quia
2741 5581 2843 5618 non
2889 5573 2960 5618 est
3005 5572 3203 5618 creatus
3248 5561 3398 5615 homo
3443 5565 3649 5629 propter

2062 5658 2339 5721 mulierem,
2371 5657 2461 5711 sed
2499 5658 2681 5711 mulier
2710 5665 2915 5728 propter
2940 5657 3099 5710 virum
3128 5651 3185 5727 (l
3212 5651 3330 5707 Cor.
3361 5666 3434 5715 Si,
3459 5646 3554 5719 9).
3589 5645 3644 5701 Si

2061 5764 2188 5819 ergo
2214 5758 2374 5819 caput
2411 5764 2566 5804 suum
2595 5762 2832 5819 congruo
2862 5746 3064 5818 pudore
3105 5752 3408 5804 VCDCI'CIUI',
3440 5744 3646 5791 1111111ίὲ

2063 5841 2300 5898 instituta
2327 5842 2596 5911 custodit,
2629 5857 2733 5901 11011
2780 5842 2992 5910 peccati
3019 5848 3281 5898 tormenta
3309 5830 3637 5907 νωῃειὶῐυτά
