  <div class='ocr_page' id='page_1' title='image "/cluster/home/n/w/nwhite01/storage/ocr_20150623/44-45/uc1.31175026792435/791.png"; bbox 0 0 4136 6548; ppageno 0'>
   <div class='ocr_carea' id='block_1_1' title="bbox 551 376 688 438">
    <p class='ocr_par' dir='ltr' id='par_1_1' title="bbox 551 376 688 438">
     <span class='ocr_line' id='line_1_1' title="bbox 551 376 688 438; baseline 0.015 -2"><span class='ocrx_word' id='word_1_1' title='bbox 551 376 688 438; x_wconf 73' lang='lat' dir='ltr'><strong>i565</strong></span> 
     </span>
    </p>
   </div>
   <div class='ocr_carea' id='block_1_2' title="bbox 545 481 2135 554">
    <p class='ocr_par' dir='ltr' id='par_1_2' title="bbox 545 481 2135 554">
     <span class='ocr_line' id='line_1_2' title="bbox 545 481 2135 554; baseline -0.009 -3"><span class='ocrx_word' id='word_1_2' title='bbox 545 496 632 552; x_wconf 90' lang='lat' dir='ltr'><strong>cui</strong></span> <span class='ocrx_word' id='word_1_3' title='bbox 660 492 836 550; x_wconf 84' lang='lat' dir='ltr'><strong>ordini</strong></span> <span class='ocrx_word' id='word_1_4' title='bbox 880 490 927 547; x_wconf 88' lang='lat' dir='ltr'><strong>si</strong></span> <span class='ocrx_word' id='word_1_5' title='bbox 968 488 1330 553; x_wconf 73' lang='lat' dir='ltr'><strong>multaverit,</strong></span> <span class='ocrx_word' id='word_1_6' title='bbox 1376 501 1470 543; x_wconf 87' lang='lat' dir='ltr'><strong>rea</strong></span> <span class='ocrx_word' id='word_1_7' title='bbox 1513 493 1616 542; x_wconf 88' lang='lat' dir='ltr'><strong>est.</strong></span> <span class='ocrx_word' id='word_1_8' title='bbox 1647 483 1764 540; x_wconf 87' lang='lat' dir='ltr'><strong>Non</strong></span> <span class='ocrx_word' id='word_1_9' title='bbox 1806 491 1892 540; x_wconf 88' lang='lat' dir='ltr'><strong>est</strong></span> <span class='ocrx_word' id='word_1_10' title='bbox 1918 497 2050 554; x_wconf 87' lang='lat' dir='ltr'><strong>ergo</strong></span> <span class='ocrx_word' id='word_1_11' title='bbox 2081 481 2135 538; x_wconf 87' lang='lat' dir='ltr'><strong>in</strong></span> 
     </span>
    </p>
   </div>
   <div class='ocr_carea' id='block_1_3' title="bbox 549 579 1983 652">
    <p class='ocr_par' dir='ltr' id='par_1_3' title="bbox 549 579 1983 652">
     <span class='ocr_line' id='line_1_3' title="bbox 549 579 1983 652; baseline -0.009 -9"><span class='ocrx_word' id='word_1_12' title='bbox 549 586 762 644; x_wconf 83' lang='lat' dir='ltr'><strong>miseria</strong></span> <span class='ocrx_word' id='word_1_13' title='bbox 793 583 996 640; x_wconf 85' lang='lat' dir='ltr'><strong>functio</strong></span> <span class='ocrx_word' id='word_1_14' title='bbox 1017 583 1132 650; x_wconf 91' lang='lat' dir='ltr'><strong>rei,</strong></span> <span class='ocrx_word' id='word_1_15' title='bbox 1163 581 1316 652; x_wconf 86' lang='lat' dir='ltr'><strong>cujus</strong></span> <span class='ocrx_word' id='word_1_16' title='bbox 1341 580 1616 649; x_wconf 88' lang='lat' dir='ltr'><strong>neglectus</strong></span> <span class='ocrx_word' id='word_1_17' title='bbox 1639 579 1691 632; x_wconf 93' lang='lat' dir='ltr'><strong>in</strong></span> <span class='ocrx_word' id='word_1_18' title='bbox 1719 592 1856 633; x_wconf 79' lang='lat' dir='ltr'><strong>noxa</strong></span> <span class='ocrx_word' id='word_1_19' title='bbox 1881 584 1983 632; x_wconf 91' lang='lat' dir='ltr'><strong>cst.</strong></span> 
     </span>
    </p>
   </div>
   <div class='ocr_carea' id='block_1_4' title="bbox 618 667 2139 744">
    <p class='ocr_par' dir='ltr' id='par_1_4' title="bbox 618 667 2139 744">
     <span class='ocr_line' id='line_1_4' title="bbox 618 667 2139 744; baseline -0.007 -11"><span class='ocrx_word' id='word_1_20' title='bbox 618 680 760 733; x_wconf 81' lang='lat' dir='ltr'><strong>Aue.</strong></span> <span class='ocrx_word' id='word_1_21' title='bbox 803 675 1053 729; x_wconf 87' lang='lat' dir='ltr'><strong>Dolorem</strong></span> <span class='ocrx_word' id='word_1_22' title='bbox 1079 671 1319 744; x_wconf 89' lang='lat' dir='ltr'><strong>pariendi</strong></span> <span class='ocrx_word' id='word_1_23' title='bbox 1352 685 1564 740; x_wconf 63' lang='lat' dir='ltr'><strong>poenam</strong></span> <span class='ocrx_word' id='word_1_24' title='bbox 1591 667 1822 724; x_wconf 83' lang='lat' dir='ltr'><strong>dicimus</strong></span> <span class='ocrx_word' id='word_1_25' title='bbox 1847 681 1968 723; x_wconf 88' lang='lat' dir='ltr'><strong>esse</strong></span> <span class='ocrx_word' id='word_1_26' title='bbox 2012 681 2139 737; x_wconf 83' lang='lat' dir='ltr'><strong>pec-</strong></span> 
     </span>
    </p>
   </div>
   <div class='ocr_carea' id='block_1_5' title="bbox 545 759 2143 831">
    <p class='ocr_par' dir='ltr' id='par_1_5' title="bbox 545 759 2143 831">
     <span class='ocr_line' id='line_1_5' title="bbox 545 759 2143 831; baseline -0.004 -7"><span class='ocrx_word' id='word_1_27' title='bbox 545 769 670 824; x_wconf 83' lang='lat' dir='ltr'><strong>cati.</strong></span> <span class='ocrx_word' id='word_1_28' title='bbox 701 766 913 822; x_wconf 85' lang='lat' dir='ltr'><strong>Scimus</strong></span> <span class='ocrx_word' id='word_1_29' title='bbox 939 767 1082 822; x_wconf 90' lang='lat' dir='ltr'><strong>enim</strong></span> <span class='ocrx_word' id='word_1_30' title='bbox 1125 763 1228 820; x_wconf 90' lang='lat' dir='ltr'><strong>hoc</strong></span> <span class='ocrx_word' id='word_1_31' title='bbox 1271 763 1438 818; x_wconf 83' lang='lat' dir='ltr'><strong>Deum</strong></span> <span class='ocrx_word' id='word_1_32' title='bbox 1481 762 1599 818; x_wconf 84' lang='lat' dir='ltr'><strong>sine</strong></span> <span class='ocrx_word' id='word_1_33' title='bbox 1643 761 1749 816; x_wconf 87' lang='lat' dir='ltr'><strong>ulla</strong></span> <span class='ocrx_word' id='word_1_34' title='bbox 1791 759 2143 831; x_wconf 75' lang='lat' dir='ltr'><strong>ambiguitate</strong></span> 
     </span>
    </p>
   </div>
   <div class='ocr_carea' id='block_1_6' title="bbox 545 851 2142 925">
    <p class='ocr_par' dir='ltr' id='par_1_6' title="bbox 545 851 2142 925">
     <span class='ocr_line' id='line_1_6' title="bbox 545 851 2142 925; baseline -0.006 -10"><span class='ocrx_word' id='word_1_35' title='bbox 545 861 768 924; x_wconf 81' lang='lat' dir='ltr'><strong>dixisse,</strong></span> <span class='ocrx_word' id='word_1_36' title='bbox 799 873 898 914; x_wconf 90' lang='lat' dir='ltr'><strong>nec</strong></span> <span class='ocrx_word' id='word_1_37' title='bbox 938 855 1139 914; x_wconf 77' lang='lat' dir='ltr'><strong>dixisse</strong></span> <span class='ocrx_word' id='word_1_38' title='bbox 1165 855 1268 911; x_wconf 89' lang='lat' dir='ltr'><strong>nisi</strong></span> <span class='ocrx_word' id='word_1_39' title='bbox 1308 853 1720 925; x_wconf 65' lang='lat' dir='ltr'><strong>praevarimtrici</strong></span> <span class='ocrx_word' id='word_1_40' title='bbox 1747 852 1830 908; x_wconf 91' lang='lat' dir='ltr'><strong>sui</strong></span> <span class='ocrx_word' id='word_1_41' title='bbox 1868 851 2142 918; x_wconf 90' lang='lat' dir='ltr'><strong>mandati,</strong></span> 
     </span>
    </p>
   </div>
   <div class='ocr_carea' id='block_1_7' title="bbox 548 947 2144 1020">
    <p class='ocr_par' dir='ltr' id='par_1_7' title="bbox 548 947 2144 1020">
     <span class='ocr_line' id='line_1_7' title="bbox 548 947 2144 1020; baseline -0.006 -11"><span class='ocrx_word' id='word_1_42' title='bbox 548 969 652 1009; x_wconf 90' lang='lat' dir='ltr'><strong>nec</strong></span> <span class='ocrx_word' id='word_1_43' title='bbox 679 952 751 1008; x_wconf 92' lang='lat' dir='ltr'><strong>ob</strong></span> <span class='ocrx_word' id='word_1_44' title='bbox 773 950 919 1008; x_wconf 84' lang='lat' dir='ltr'><strong>aliud</strong></span> <span class='ocrx_word' id='word_1_45' title='bbox 941 950 1162 1018; x_wconf 73' lang='lat' dir='ltr'><strong>dixisse,</strong></span> <span class='ocrx_word' id='word_1_46' title='bbox 1188 949 1289 1005; x_wconf 88' lang='lat' dir='ltr'><strong>nisi</strong></span> <span class='ocrx_word' id='word_1_47' title='bbox 1313 947 1439 1020; x_wconf 85' lang='lat' dir='ltr'><strong>quia</strong></span> <span class='ocrx_word' id='word_1_48' title='bbox 1467 947 1798 1003; x_wconf 83' lang='lat' dir='ltr'><strong>irascebatur</strong></span> <span class='ocrx_word' id='word_1_49' title='bbox 1819 959 1976 1001; x_wconf 86' lang='lat' dir='ltr'><strong>suum</strong></span> <span class='ocrx_word' id='word_1_50' title='bbox 2001 959 2144 1015; x_wconf 67' lang='lat' dir='ltr'><strong>prie-</strong></span> 
     </span>
    </p>
   </div>
   <div class='ocr_carea' id='block_1_8' title="bbox 549 1037 2145 1100">
    <p class='ocr_par' dir='ltr' id='par_1_8' title="bbox 549 1037 2145 1100">
     <span class='ocr_line' id='line_1_8' title="bbox 549 1037 2145 1100; baseline -0.003 -3"><span class='ocrx_word' id='word_1_51' title='bbox 549 1043 848 1100; x_wconf 86' lang='lat' dir='ltr'><strong>varieatum</strong></span> <span class='ocrx_word' id='word_1_52' title='bbox 874 1056 995 1098; x_wconf 89' lang='lat' dir='ltr'><strong>esse</strong></span> <span class='ocrx_word' id='word_1_53' title='bbox 1033 1040 1364 1096; x_wconf 89' lang='lat' dir='ltr'><strong>mandatum.</strong></span> <span class='ocrx_word' id='word_1_54' title='bbox 1400 1038 1508 1095; x_wconf 88' lang='lat' dir='ltr'><strong>Sed</strong></span> <span class='ocrx_word' id='word_1_55' title='bbox 1548 1037 1686 1094; x_wconf 90' lang='lat' dir='ltr'><strong>hanc</strong></span> <span class='ocrx_word' id='word_1_56' title='bbox 1723 1038 1857 1093; x_wconf 90' lang='lat' dir='ltr'><strong>iram</strong></span> <span class='ocrx_word' id='word_1_57' title='bbox 1886 1037 1980 1092; x_wconf 88' lang='lat' dir='ltr'><strong>Dei</strong></span> <span class='ocrx_word' id='word_1_58' title='bbox 2005 1044 2064 1092; x_wconf 94' lang='lat' dir='ltr'><strong>ut</strong></span> <span class='ocrx_word' id='word_1_59' title='bbox 2088 1045 2145 1093; x_wconf 89' lang='lat' dir='ltr'><strong>tu</strong></span> 
     </span>
    </p>
   </div>
   <div class='ocr_carea' id='block_1_9' title="bbox 547 1130 2143 1203">
    <p class='ocr_par' dir='ltr' id='par_1_9' title="bbox 547 1130 2143 1203">
     <span class='ocr_line' id='line_1_9' title="bbox 547 1130 2143 1203; baseline -0.004 -13"><span class='ocrx_word' id='word_1_60' title='bbox 547 1135 852 1190; x_wconf 77' lang='lat' dir='ltr'><strong>exinanires</strong></span> <span class='ocrx_word' id='word_1_61' title='bbox 893 1143 948 1189; x_wconf 91' lang='lat' dir='ltr'><strong>et</strong></span> <span class='ocrx_word' id='word_1_62' title='bbox 984 1133 1267 1188; x_wconf 88' lang='lat' dir='ltr'><strong>frustrares</strong></span> <span class='ocrx_word' id='word_1_63' title='bbox 1290 1172 1305 1196; x_wconf 94' lang='lat'><strong>,</strong></span> <span class='ocrx_word' id='word_1_64' title='bbox 1335 1131 1517 1187; x_wconf 78' lang='lat' dir='ltr'><strong>dixisti</strong></span> <span class='ocrx_word' id='word_1_65' title='bbox 1562 1145 1731 1202; x_wconf 89' lang='lat' dir='ltr'><strong>usque</strong></span> <span class='ocrx_word' id='word_1_66' title='bbox 1759 1130 1895 1186; x_wconf 89' lang='lat' dir='ltr'><strong>adeo</strong></span> <span class='ocrx_word' id='word_1_67' title='bbox 1927 1144 2143 1203; x_wconf 64' lang='lat' dir='ltr'><strong>poenam</strong></span> 
     </span>
    </p>
   </div>
   <div class='ocr_carea' id='block_1_10' title="bbox 549 1222 2147 1295">
    <p class='ocr_par' dir='ltr' id='par_1_10' title="bbox 549 1222 2147 1295">
     <span class='ocr_line' id='line_1_10' title="bbox 549 1222 2147 1295; baseline -0.001 -15"><span class='ocrx_word' id='word_1_68' title='bbox 549 1225 708 1281; x_wconf 87' lang='lat' dir='ltr'><strong>istam</strong></span> <span class='ocrx_word' id='word_1_69' title='bbox 753 1241 859 1280; x_wconf 89' lang='lat' dir='ltr'><strong>non</strong></span> <span class='ocrx_word' id='word_1_70' title='bbox 905 1238 1026 1281; x_wconf 90' lang='lat' dir='ltr'><strong>esse</strong></span> <span class='ocrx_word' id='word_1_71' title='bbox 1069 1223 1308 1294; x_wconf 85' lang='lat' dir='ltr'><strong>peccati,</strong></span> <span class='ocrx_word' id='word_1_72' title='bbox 1341 1231 1400 1278; x_wconf 92' lang='lat' dir='ltr'><strong>ut</strong></span> <span class='ocrx_word' id='word_1_73' title='bbox 1441 1222 1690 1279; x_wconf 84' lang='lat' dir='ltr'><strong>animalia</strong></span> <span class='ocrx_word' id='word_1_74' title='bbox 1731 1238 1960 1295; x_wconf 91' lang='lat' dir='ltr'><strong>quorum</strong></span> <span class='ocrx_word' id='word_1_75' title='bbox 2002 1223 2147 1279; x_wconf 88' lang='lat' dir='ltr'><strong>nulla</strong></span> 
     </span>
    </p>
   </div>
   <div class='ocr_carea' id='block_1_11' title="bbox 556 1312 2148 1386">
    <p class='ocr_par' dir='ltr' id='par_1_11' title="bbox 556 1312 2148 1386">
     <span class='ocr_line' id='line_1_11' title="bbox 556 1312 2148 1386; baseline -0.001 -16"><span class='ocrx_word' id='word_1_76' title='bbox 556 1322 778 1386; x_wconf 81' lang='lat' dir='ltr'><strong>peccata</strong></span> <span class='ocrx_word' id='word_1_77' title='bbox 808 1323 952 1382; x_wconf 91' lang='lat' dir='ltr'><strong>sunt,</strong></span> <span class='ocrx_word' id='word_1_78' title='bbox 983 1314 1214 1385; x_wconf 92' lang='lat' dir='ltr'><strong>gemitus</strong></span> <span class='ocrx_word' id='word_1_79' title='bbox 1238 1312 1541 1383; x_wconf 88' lang='lat' dir='ltr'><strong>hujusmodi</strong></span> <span class='ocrx_word' id='word_1_80' title='bbox 1568 1313 1619 1368; x_wconf 91' lang='lat' dir='ltr'><strong>in</strong></span> <span class='ocrx_word' id='word_1_81' title='bbox 1645 1324 1797 1383; x_wconf 91' lang='lat' dir='ltr'><strong>partu</strong></span> <span class='ocrx_word' id='word_1_82' title='bbox 1823 1313 2148 1384; x_wconf 82' lang='lat' dir='ltr'><strong>doloresque</strong></span> 
     </span>
    </p>
   </div>
   <div class='ocr_carea' id='block_1_12' title="bbox 554 1403 2145 1475">
    <p class='ocr_par' dir='ltr' id='par_1_12' title="bbox 554 1403 2145 1475">
     <span class='ocr_line' id='line_1_12' title="bbox 554 1403 2145 1475; baseline 0.001 -15"><span class='ocrx_word' id='word_1_83' title='bbox 554 1405 851 1475; x_wconf 90' lang='lat' dir='ltr'><strong>patiantur.</strong></span> <span class='ocrx_word' id='word_1_84' title='bbox 879 1404 997 1461; x_wconf 84' lang='lat' dir='ltr'><strong>Non</strong></span> <span class='ocrx_word' id='word_1_85' title='bbox 1024 1404 1240 1475; x_wconf 89' lang='lat' dir='ltr'><strong>quidem</strong></span> <span class='ocrx_word' id='word_1_86' title='bbox 1265 1403 1360 1460; x_wconf 93' lang='lat' dir='ltr'><strong>tibi</strong></span> <span class='ocrx_word' id='word_1_87' title='bbox 1381 1403 1631 1460; x_wconf 79' lang='lat' dir='ltr'><strong>dixerunt</strong></span> <span class='ocrx_word' id='word_1_88' title='bbox 1652 1404 1901 1460; x_wconf 86' lang='lat' dir='ltr'><strong>animalia</strong></span> <span class='ocrx_word' id='word_1_89' title='bbox 1922 1446 1938 1473; x_wconf 96' lang='lat'><strong>,</strong></span> <span class='ocrx_word' id='word_1_90' title='bbox 1966 1414 2145 1461; x_wconf 90' lang='lat' dir='ltr'><strong>utrum</strong></span> 
     </span>
    </p>
   </div>
   <div class='ocr_carea' id='block_1_13' title="bbox 551 1496 2148 1577">
    <p class='ocr_par' dir='ltr' id='par_1_13' title="bbox 551 1496 2148 1577">
     <span class='ocr_line' id='line_1_13' title="bbox 551 1496 2148 1577; baseline 0.004 -27"><span class='ocrx_word' id='word_1_91' title='bbox 551 1497 643 1552; x_wconf 88' lang='lat' dir='ltr'><strong>ille</strong></span> <span class='ocrx_word' id='word_1_92' title='bbox 681 1497 916 1568; x_wconf 75' lang='lat' dir='ltr'><strong>gemitus</strong></span> <span class='ocrx_word' id='word_1_93' title='bbox 954 1498 1026 1553; x_wconf 86' lang='lat' dir='ltr'><strong>sit</strong></span> <span class='ocrx_word' id='word_1_94' title='bbox 1067 1497 1370 1553; x_wconf 89' lang='lat' dir='ltr'><strong>canentium</strong></span> <span class='ocrx_word' id='word_1_95' title='bbox 1396 1496 1481 1552; x_wconf 90' lang='lat' dir='ltr'><strong>vel</strong></span> <span class='ocrx_word' id='word_1_96' title='bbox 1509 1496 1806 1554; x_wconf 89' lang='lat' dir='ltr'><strong>dolentium</strong></span> <span class='ocrx_word' id='word_1_97' title='bbox 1829 1499 1871 1552; x_wconf 78' lang='grc'><strong>³.</strong></span> <span class='ocrx_word' id='word_1_98' title='bbox 1911 1497 2148 1577; x_wconf 85' lang='lat' dir='ltr'><strong>Gallinas</strong></span> 
     </span>
    </p>
   </div>
   <div class='ocr_carea' id='block_1_14' title="bbox 548 1587 2144 1661">
    <p class='ocr_par' dir='ltr' id='par_1_14' title="bbox 548 1587 2144 1661">
     <span class='ocr_line' id='line_1_14' title="bbox 548 1587 2144 1661; baseline 0.005 -23"><span class='ocrx_word' id='word_1_99' title='bbox 548 1601 680 1642; x_wconf 83' lang='lat' dir='ltr'><strong>sane</strong></span> <span class='ocrx_word' id='word_1_100' title='bbox 712 1589 998 1658; x_wconf 88' lang='lat' dir='ltr'><strong>parituras,</strong></span> <span class='ocrx_word' id='word_1_101' title='bbox 1029 1587 1314 1645; x_wconf 88' lang='lat' dir='ltr'><strong>similiores</strong></span> <span class='ocrx_word' id='word_1_102' title='bbox 1341 1605 1460 1646; x_wconf 83' lang='lat' dir='ltr'><strong>esse</strong></span> <span class='ocrx_word' id='word_1_103' title='bbox 1489 1589 1825 1646; x_wconf 86' lang='lat' dir='ltr'><strong>cantantibus</strong></span> <span class='ocrx_word' id='word_1_104' title='bbox 1854 1605 2016 1661; x_wconf 85' lang='lat' dir='ltr'><strong>quam</strong></span> <span class='ocrx_word' id='word_1_105' title='bbox 2040 1590 2144 1646; x_wconf 89' lang='lat' dir='ltr'><strong>do-</strong></span> 
     </span>
    </p>
   </div>
   <div class='ocr_carea' id='block_1_15' title="bbox 551 1679 2148 1754">
    <p class='ocr_par' dir='ltr' id='par_1_15' title="bbox 551 1679 2148 1754">
     <span class='ocr_line' id='line_1_15' title="bbox 551 1679 2148 1754; baseline 0.005 -22"><span class='ocrx_word' id='word_1_106' title='bbox 551 1679 782 1736; x_wconf 86' lang='lat' dir='ltr'><strong>lentibus</strong></span> <span class='ocrx_word' id='word_1_107' title='bbox 839 1680 1146 1746; x_wconf 88' lang='lat' dir='ltr'><strong>cernimus;</strong></span> <span class='ocrx_word' id='word_1_108' title='bbox 1200 1691 1322 1752; x_wconf 90' lang='lat' dir='ltr'><strong>post</strong></span> <span class='ocrx_word' id='word_1_109' title='bbox 1368 1691 1580 1754; x_wconf 87' lang='lat' dir='ltr'><strong>partum</strong></span> <span class='ocrx_word' id='word_1_110' title='bbox 1631 1697 1761 1738; x_wconf 90' lang='lat' dir='ltr'><strong>vero</strong></span> <span class='ocrx_word' id='word_1_111' title='bbox 1806 1682 1940 1738; x_wconf 88' lang='lat' dir='ltr'><strong>tales</strong></span> <span class='ocrx_word' id='word_1_112' title='bbox 1987 1698 2148 1740; x_wconf 90' lang='lat' dir='ltr'><strong>voces</strong></span> 
     </span>
    </p>
   </div>
   <div class='ocr_carea' id='block_1_16' title="bbox 547 1770 2150 1846">
    <p class='ocr_par' dir='ltr' id='par_1_16' title="bbox 547 1770 2150 1846">
     <span class='ocr_line' id='line_1_16' title="bbox 547 1770 2150 1846; baseline 0.002 -20"><span class='ocrx_word' id='word_1_113' title='bbox 547 1770 736 1838; x_wconf 91' lang='lat' dir='ltr'><strong>edere,</strong></span> <span class='ocrx_word' id='word_1_114' title='bbox 756 1771 943 1842; x_wconf 87' lang='lat' dir='ltr'><strong>quales</strong></span> <span class='ocrx_word' id='word_1_115' title='bbox 969 1773 1022 1828; x_wconf 90' lang='lat' dir='ltr'><strong>in</strong></span> <span class='ocrx_word' id='word_1_116' title='bbox 1043 1771 1326 1830; x_wconf 81' lang='lat' dir='ltr'><strong>formidine</strong></span> <span class='ocrx_word' id='word_1_117' title='bbox 1347 1783 1678 1831; x_wconf 89' lang='lat' dir='ltr'><strong>consuerunt</strong></span> <span class='ocrx_word' id='word_1_118' title='bbox 1699 1791 1714 1830; x_wconf 85' lang='lat'><strong>:</strong></span> <span class='ocrx_word' id='word_1_119' title='bbox 1740 1790 1900 1846; x_wconf 91' lang='lat' dir='ltr'><strong>porro</strong></span> <span class='ocrx_word' id='word_1_120' title='bbox 1914 1789 2036 1830; x_wconf 91' lang='lat' dir='ltr'><strong>cum</strong></span> <span class='ocrx_word' id='word_1_121' title='bbox 2057 1790 2150 1846; x_wconf 88' lang='lat' dir='ltr'><strong>pa-</strong></span> 
     </span>
    </p>
   </div>
   <div class='ocr_carea' id='block_1_17' title="bbox 547 1861 2147 1934">
    <p class='ocr_par' dir='ltr' id='par_1_17' title="bbox 547 1861 2147 1934">
     <span class='ocr_line' id='line_1_17' title="bbox 547 1861 2147 1934; baseline 0.003 -18"><span class='ocrx_word' id='word_1_122' title='bbox 547 1861 694 1917; x_wconf 88' lang='lat' dir='ltr'><strong>riunt</strong></span> <span class='ocrx_word' id='word_1_123' title='bbox 721 1862 776 1916; x_wconf 91' lang='lat' dir='ltr'><strong>in</strong></span> <span class='ocrx_word' id='word_1_124' title='bbox 803 1877 1018 1918; x_wconf 89' lang='lat' dir='ltr'><strong>summo</strong></span> <span class='ocrx_word' id='word_1_125' title='bbox 1044 1877 1165 1920; x_wconf 88' lang='lat' dir='ltr'><strong>esse</strong></span> <span class='ocrx_word' id='word_1_126' title='bbox 1185 1864 1418 1933; x_wconf 88' lang='lat' dir='ltr'><strong>silentio,</strong></span> <span class='ocrx_word' id='word_1_127' title='bbox 1449 1865 1588 1922; x_wconf 85' lang='lat' dir='ltr'><strong>sicut</strong></span> <span class='ocrx_word' id='word_1_128' title='bbox 1605 1865 1902 1934; x_wconf 88' lang='lat' dir='ltr'><strong>columbas,</strong></span> <span class='ocrx_word' id='word_1_129' title='bbox 1929 1875 1983 1922; x_wconf 91' lang='lat' dir='ltr'><strong>et</strong></span> <span class='ocrx_word' id='word_1_130' title='bbox 2012 1865 2147 1922; x_wconf 88' lang='lat' dir='ltr'><strong>alias</strong></span> 
     </span>
    </p>
   </div>
   <div class='ocr_carea' id='block_1_18' title="bbox 545 1953 2150 2029">
    <p class='ocr_par' dir='ltr' id='par_1_18' title="bbox 545 1953 2150 2029">
     <span class='ocr_line' id='line_1_18' title="bbox 545 1953 2150 2029; baseline 0.006 -24"><span class='ocrx_word' id='word_1_131' title='bbox 545 1967 694 2020; x_wconf 89' lang='lat' dir='ltr'><strong>aves,</strong></span> <span class='ocrx_word' id='word_1_132' title='bbox 727 1969 846 2023; x_wconf 65' lang='lat' dir='ltr'><strong>qua:</strong></span> <span class='ocrx_word' id='word_1_133' title='bbox 870 1953 1274 2011; x_wconf 90' lang='lat' dir='ltr'><strong>advertentibus</strong></span> <span class='ocrx_word' id='word_1_134' title='bbox 1296 1957 1656 2012; x_wconf 87' lang='lat' dir='ltr'><strong>innotescunt.</strong></span> <span class='ocrx_word' id='word_1_135' title='bbox 1691 1955 1824 2026; x_wconf 86' lang='lat' dir='ltr'><strong>Quis</strong></span> <span class='ocrx_word' id='word_1_136' title='bbox 1848 1971 1978 2029; x_wconf 87' lang='lat' dir='ltr'><strong>ergo</strong></span> <span class='ocrx_word' id='word_1_137' title='bbox 2002 1957 2150 2014; x_wconf 84' lang='lat' dir='ltr'><strong>novit</strong></span> 
     </span>
    </p>
   </div>
   <div class='ocr_carea' id='block_1_19' title="bbox 545 2043 2141 2118">
    <p class='ocr_par' dir='ltr' id='par_1_19' title="bbox 545 2043 2141 2118">
     <span class='ocr_line' id='line_1_19' title="bbox 545 2043 2141 2118; baseline 0.004 -21"><span class='ocrx_word' id='word_1_138' title='bbox 545 2051 692 2098; x_wconf 89' lang='lat' dir='ltr'><strong>muta</strong></span> <span class='ocrx_word' id='word_1_139' title='bbox 719 2043 1033 2113; x_wconf 87' lang='lat' dir='ltr'><strong>animantia,</strong></span> <span class='ocrx_word' id='word_1_140' title='bbox 1061 2061 1182 2116; x_wconf 68' lang='lat' dir='ltr'><strong>quae</strong></span> <span class='ocrx_word' id='word_1_141' title='bbox 1205 2045 1334 2116; x_wconf 88' lang='lat' dir='ltr'><strong>quid</strong></span> <span class='ocrx_word' id='word_1_142' title='bbox 1364 2046 1418 2102; x_wconf 93' lang='lat' dir='ltr'><strong>in</strong></span> <span class='ocrx_word' id='word_1_143' title='bbox 1448 2062 1508 2104; x_wconf 89' lang='lat' dir='ltr'><strong>se</strong></span> <span class='ocrx_word' id='word_1_144' title='bbox 1533 2055 1720 2118; x_wconf 88' lang='lat' dir='ltr'><strong>agatur</strong></span> <span class='ocrx_word' id='word_1_145' title='bbox 1749 2047 1990 2104; x_wconf 91' lang='lat' dir='ltr'><strong>indicare</strong></span> <span class='ocrx_word' id='word_1_146' title='bbox 2033 2064 2141 2104; x_wconf 92' lang='lat' dir='ltr'><strong>non</strong></span> 
     </span>
    </p>
   </div>
   <div class='ocr_carea' id='block_1_20' title="bbox 547 2139 2148 2210">
    <p class='ocr_par' dir='ltr' id='par_1_20' title="bbox 547 2139 2148 2210">
     <span class='ocr_line' id='line_1_20' title="bbox 547 2139 2148 2210; baseline 0.005 -22"><span class='ocrx_word' id='word_1_147' title='bbox 547 2143 791 2205; x_wconf 85' lang='lat' dir='ltr'><strong>possunt,</strong></span> <span class='ocrx_word' id='word_1_148' title='bbox 838 2145 1014 2191; x_wconf 89' lang='lat' dir='ltr'><strong>utrum</strong></span> <span class='ocrx_word' id='word_1_149' title='bbox 1059 2145 1302 2207; x_wconf 85' lang='lat' dir='ltr'><strong>tempore</strong></span> <span class='ocrx_word' id='word_1_150' title='bbox 1353 2139 1598 2210; x_wconf 90' lang='lat' dir='ltr'><strong>pariendi</strong></span> <span class='ocrx_word' id='word_1_151' title='bbox 1639 2154 1828 2194; x_wconf 89' lang='lat' dir='ltr'><strong>eorum</strong></span> <span class='ocrx_word' id='word_1_152' title='bbox 1876 2148 2054 2196; x_wconf 90' lang='lat' dir='ltr'><strong>motus</strong></span> <span class='ocrx_word' id='word_1_153' title='bbox 2092 2148 2148 2196; x_wconf 90' lang='lat' dir='ltr'><strong>et</strong></span> 
     </span>
    </p>
   </div>
   <div class='ocr_carea' id='block_1_21' title="bbox 544 2227 2148 2302">
    <p class='ocr_par' dir='ltr' id='par_1_21' title="bbox 544 2227 2148 2302">
     <span class='ocr_line' id='line_1_21' title="bbox 544 2227 2148 2302; baseline 0.004 -22"><span class='ocrx_word' id='word_1_154' title='bbox 544 2240 712 2281; x_wconf 88' lang='lat' dir='ltr'><strong>sonus</strong></span> <span class='ocrx_word' id='word_1_155' title='bbox 753 2241 859 2281; x_wconf 89' lang='lat' dir='ltr'><strong>non</strong></span> <span class='ocrx_word' id='word_1_156' title='bbox 903 2227 1074 2282; x_wconf 89' lang='lat' dir='ltr'><strong>solum</strong></span> <span class='ocrx_word' id='word_1_157' title='bbox 1121 2227 1254 2283; x_wconf 91' lang='lat' dir='ltr'><strong>nihil</strong></span> <span class='ocrx_word' id='word_1_158' title='bbox 1297 2227 1536 2296; x_wconf 87' lang='lat' dir='ltr'><strong>doloris,</strong></span> <span class='ocrx_word' id='word_1_159' title='bbox 1581 2229 1676 2286; x_wconf 87' lang='lat' dir='ltr'><strong>sed</strong></span> <span class='ocrx_word' id='word_1_160' title='bbox 1709 2229 1903 2286; x_wconf 86' lang='lat' dir='ltr'><strong>habeat</strong></span> <span class='ocrx_word' id='word_1_161' title='bbox 1945 2229 2148 2302; x_wconf 89' lang='lat' dir='ltr'><strong>aliquid</strong></span> 
     </span>
    </p>
   </div>
   <div class='ocr_carea' id='block_1_22' title="bbox 544 2317 2148 2390">
    <p class='ocr_par' dir='ltr' id='par_1_22' title="bbox 544 2317 2148 2390">
     <span class='ocr_line' id='line_1_22' title="bbox 544 2317 2148 2390; baseline 0.003 -18"><span class='ocrx_word' id='word_1_162' title='bbox 544 2317 708 2372; x_wconf 90' lang='lat' dir='ltr'><strong>etiam</strong></span> <span class='ocrx_word' id='word_1_163' title='bbox 733 2317 1056 2388; x_wconf 83' lang='lat' dir='ltr'><strong>voluptatis?</strong></span> <span class='ocrx_word' id='word_1_164' title='bbox 1083 2317 1189 2374; x_wconf 87' lang='lat' dir='ltr'><strong>Sed</strong></span> <span class='ocrx_word' id='word_1_165' title='bbox 1217 2319 1346 2390; x_wconf 91' lang='lat' dir='ltr'><strong>quid</strong></span> <span class='ocrx_word' id='word_1_166' title='bbox 1384 2320 1513 2376; x_wconf 92' lang='lat' dir='ltr'><strong>mihi</strong></span> <span class='ocrx_word' id='word_1_167' title='bbox 1543 2331 1626 2377; x_wconf 91' lang='lat' dir='ltr'><strong>est</strong></span> <span class='ocrx_word' id='word_1_168' title='bbox 1665 2321 1719 2377; x_wconf 92' lang='lat' dir='ltr'><strong>iu</strong></span> <span class='ocrx_word' id='word_1_169' title='bbox 1769 2321 1870 2378; x_wconf 89' lang='lat' dir='ltr'><strong>hac</strong></span> <span class='ocrx_word' id='word_1_170' title='bbox 1901 2338 1962 2379; x_wconf 89' lang='lat' dir='ltr'><strong>re</strong></span> <span class='ocrx_word' id='word_1_171' title='bbox 1989 2337 2148 2378; x_wconf 89' lang='lat' dir='ltr'><strong>scru-</strong></span> 
     </span>
    </p>
   </div>
   <div class='ocr_carea' id='block_1_23' title="bbox 546 2406 2147 2485">
    <p class='ocr_par' dir='ltr' id='par_1_23' title="bbox 546 2406 2147 2485">
     <span class='ocr_line' id='line_1_23' title="bbox 546 2406 2147 2485; baseline 0.005 -25"><span class='ocrx_word' id='word_1_172' title='bbox 546 2406 648 2461; x_wconf 90' lang='lat' dir='ltr'><strong>tari</strong></span> <span class='ocrx_word' id='word_1_173' title='bbox 678 2407 904 2462; x_wconf 91' lang='lat' dir='ltr'><strong>obscura</strong></span> <span class='ocrx_word' id='word_1_174' title='bbox 933 2415 1162 2474; x_wconf 58' lang='lat' dir='ltr'><strong>naturae,</strong></span> <span class='ocrx_word' id='word_1_175' title='bbox 1192 2422 1314 2464; x_wconf 90' lang='lat' dir='ltr'><strong>cum</strong></span> <span class='ocrx_word' id='word_1_176' title='bbox 1343 2409 1470 2466; x_wconf 90' lang='lat' dir='ltr'><strong>inde</strong></span> <span class='ocrx_word' id='word_1_177' title='bbox 1489 2420 1670 2467; x_wconf 90' lang='lat' dir='ltr'><strong>nostra</strong></span> <span class='ocrx_word' id='word_1_178' title='bbox 1689 2426 1849 2468; x_wconf 89' lang='lat' dir='ltr'><strong>causa</strong></span> <span class='ocrx_word' id='word_1_179' title='bbox 1878 2428 1986 2468; x_wconf 92' lang='lat' dir='ltr'><strong>non</strong></span> <span class='ocrx_word' id='word_1_180' title='bbox 2011 2429 2147 2485; x_wconf 86' lang='lat' dir='ltr'><strong>pen-</strong></span> 
     </span>
    </p>
   </div>
   <div class='ocr_carea' id='block_1_24' title="bbox 547 2498 2148 2575">
    <p class='ocr_par' dir='ltr' id='par_1_24' title="bbox 547 2498 2148 2575">
     <span class='ocr_line' id='line_1_24' title="bbox 547 2498 2148 2575; baseline 0.006 -23"><span class='ocrx_word' id='word_1_181' title='bbox 547 2498 714 2553; x_wconf 84' lang='lat' dir='ltr'><strong>deat?</strong></span> <span class='ocrx_word' id='word_1_182' title='bbox 746 2498 972 2554; x_wconf 82' lang='lat' dir='ltr'><strong>Prorsus</strong></span> <span class='ocrx_word' id='word_1_183' title='bbox 1005 2499 1051 2554; x_wconf 90' lang='lat' dir='ltr'><strong>si</strong></span> <span class='ocrx_word' id='word_1_184' title='bbox 1083 2506 1234 2554; x_wconf 88' lang='lat' dir='ltr'><strong>muta</strong></span> <span class='ocrx_word' id='word_1_185' title='bbox 1259 2500 1508 2556; x_wconf 89' lang='lat' dir='ltr'><strong>animalia</strong></span> <span class='ocrx_word' id='word_1_186' title='bbox 1538 2503 1671 2558; x_wconf 85' lang='lat' dir='ltr'><strong>nihil</strong></span> <span class='ocrx_word' id='word_1_187' title='bbox 1699 2503 1903 2558; x_wconf 90' lang='lat' dir='ltr'><strong>doloris</strong></span> <span class='ocrx_word' id='word_1_188' title='bbox 1932 2505 2148 2575; x_wconf 88' lang='lat' dir='ltr'><strong>patiun-</strong></span> 
     </span>
    </p>
   </div>
   <div class='ocr_carea' id='block_1_25' title="bbox 549 2590 2146 2661">
    <p class='ocr_par' dir='ltr' id='par_1_25' title="bbox 549 2590 2146 2661">
     <span class='ocr_line' id='line_1_25' title="bbox 549 2590 2146 2661; baseline 0.005 -17"><span class='ocrx_word' id='word_1_189' title='bbox 549 2598 637 2646; x_wconf 90' lang='lat' dir='ltr'><strong>tur</strong></span> <span class='ocrx_word' id='word_1_190' title='bbox 662 2590 715 2645; x_wconf 93' lang='lat' dir='ltr'><strong>in</strong></span> <span class='ocrx_word' id='word_1_191' title='bbox 739 2598 914 2661; x_wconf 90' lang='lat' dir='ltr'><strong>partu,</strong></span> <span class='ocrx_word' id='word_1_192' title='bbox 946 2599 1316 2660; x_wconf 81' lang='lat' dir='ltr'><strong>argumentum</strong></span> <span class='ocrx_word' id='word_1_193' title='bbox 1345 2600 1494 2647; x_wconf 90' lang='lat' dir='ltr'><strong>tuum</strong></span> <span class='ocrx_word' id='word_1_194' title='bbox 1524 2593 1726 2649; x_wconf 92' lang='lat' dir='ltr'><strong>nullum</strong></span> <span class='ocrx_word' id='word_1_195' title='bbox 1751 2593 1871 2650; x_wconf 72' lang='lat' dir='ltr'><strong>est?</strong></span> <span class='ocrx_word' id='word_1_196' title='bbox 1897 2596 1942 2651; x_wconf 89' lang='lat' dir='ltr'><strong>si</strong></span> <span class='ocrx_word' id='word_1_197' title='bbox 1968 2605 2146 2652; x_wconf 90' lang='lat' dir='ltr'><strong>autem</strong></span> 
     </span>
    </p>
   </div>
   <div class='ocr_carea' id='block_1_26' title="bbox 548 2679 2147 2754">
    <p class='ocr_par' dir='ltr' id='par_1_26' title="bbox 548 2679 2147 2754">
     <span class='ocr_line' id='line_1_26' title="bbox 548 2679 2147 2754; baseline 0.005 -19"><span class='ocrx_word' id='word_1_198' title='bbox 548 2679 844 2751; x_wconf 88' lang='lat' dir='ltr'><strong>patiuntur,</strong></span> <span class='ocrx_word' id='word_1_199' title='bbox 875 2694 938 2735; x_wconf 88' lang='lat' dir='ltr'><strong>ea</strong></span> <span class='ocrx_word' id='word_1_200' title='bbox 973 2681 1086 2752; x_wconf 89' lang='lat' dir='ltr'><strong>ipsa</strong></span> <span class='ocrx_word' id='word_1_201' title='bbox 1117 2695 1276 2752; x_wconf 78' lang='lat' dir='ltr'><strong>pmna</strong></span> <span class='ocrx_word' id='word_1_202' title='bbox 1306 2692 1390 2738; x_wconf 90' lang='lat' dir='ltr'><strong>est</strong></span> <span class='ocrx_word' id='word_1_203' title='bbox 1421 2683 1669 2754; x_wconf 81' lang='lat' dir='ltr'><strong>imaginis</strong></span> <span class='ocrx_word' id='word_1_204' title='bbox 1695 2684 1828 2752; x_wconf 89' lang='lat' dir='ltr'><strong>Dei,</strong></span> <span class='ocrx_word' id='word_1_205' title='bbox 1855 2685 2147 2743; x_wconf 87' lang='lat' dir='ltr'><strong>conditioni</strong></span> 
     </span>
    </p>
   </div>
   <div class='ocr_carea' id='block_1_27' title="bbox 553 2770 2142 2846">
    <p class='ocr_par' dir='ltr' id='par_1_27' title="bbox 553 2770 2142 2846">
     <span class='ocr_line' id='line_1_27' title="bbox 553 2770 2142 2846; baseline 0.004 -20"><span class='ocrx_word' id='word_1_206' title='bbox 553 2785 808 2841; x_wconf 85' lang='lat' dir='ltr'><strong>pecorum</strong></span> <span class='ocrx_word' id='word_1_207' title='bbox 849 2770 1151 2841; x_wconf 88' lang='lat' dir='ltr'><strong>comparari</strong></span> <span class='ocrx_word' id='word_1_208' title='bbox 1181 2789 1195 2826; x_wconf 90' lang='lat'><strong>:</strong></span> <span class='ocrx_word' id='word_1_209' title='bbox 1221 2787 1378 2843; x_wconf 72' lang='lat' dir='ltr'><strong>pmna</strong></span> <span class='ocrx_word' id='word_1_210' title='bbox 1408 2787 1569 2844; x_wconf 88' lang='lat' dir='ltr'><strong>porro</strong></span> <span class='ocrx_word' id='word_1_211' title='bbox 1603 2773 1849 2846; x_wconf 85' lang='lat' dir='ltr'><strong>imaginis</strong></span> <span class='ocrx_word' id='word_1_212' title='bbox 1878 2776 1972 2832; x_wconf 90' lang='lat' dir='ltr'><strong>Dei</strong></span> <span class='ocrx_word' id='word_1_213' title='bbox 1991 2818 2009 2844; x_wconf 95' lang='lat'><strong>,</strong></span> <span class='ocrx_word' id='word_1_214' title='bbox 2039 2779 2142 2833; x_wconf 89' lang='lat' dir='ltr'><strong>nisi</strong></span> 
     </span>
    </p>
   </div>
   <div class='ocr_carea' id='block_1_28' title="bbox 549 2861 2145 2936">
    <p class='ocr_par' dir='ltr' id='par_1_28' title="bbox 549 2861 2145 2936">
     <span class='ocr_line' id='line_1_28' title="bbox 549 2861 2145 2936; baseline 0.004 -20"><span class='ocrx_word' id='word_1_215' title='bbox 549 2861 705 2931; x_wconf 89' lang='lat' dir='ltr'><strong>culpa</strong></span> <span class='ocrx_word' id='word_1_216' title='bbox 736 2861 1098 2932; x_wconf 69' lang='lat' dir='ltr'><strong>praecederet,</strong></span> <span class='ocrx_word' id='word_1_217' title='bbox 1121 2864 1268 2934; x_wconf 87' lang='lat' dir='ltr'><strong>justa</strong></span> <span class='ocrx_word' id='word_1_218' title='bbox 1297 2877 1418 2920; x_wconf 87' lang='lat' dir='ltr'><strong>esse</strong></span> <span class='ocrx_word' id='word_1_219' title='bbox 1443 2879 1550 2920; x_wconf 92' lang='lat' dir='ltr'><strong>non</strong></span> <span class='ocrx_word' id='word_1_220' title='bbox 1577 2875 1776 2936; x_wconf 90' lang='lat' dir='ltr'><strong>posset.</strong></span> <span class='ocrx_word' id='word_1_221' title='bbox 1807 2867 1941 2923; x_wconf 90' lang='lat' dir='ltr'><strong>Illud</strong></span> <span class='ocrx_word' id='word_1_222' title='bbox 1965 2879 2145 2925; x_wconf 88' lang='lat' dir='ltr'><strong>autem</strong></span> 
     </span>
    </p>
   </div>
   <div class='ocr_carea' id='block_1_29' title="bbox 548 2951 2145 3026">
    <p class='ocr_par' dir='ltr' id='par_1_29' title="bbox 548 2951 2145 3026">
     <span class='ocr_line' id='line_1_29' title="bbox 548 2951 2145 3026; baseline 0.007 -21"><span class='ocrx_word' id='word_1_223' title='bbox 548 2951 690 3008; x_wconf 88' lang='lat' dir='ltr'><strong>absit</strong></span> <span class='ocrx_word' id='word_1_224' title='bbox 719 2960 780 3007; x_wconf 93' lang='lat' dir='ltr'><strong>ut</strong></span> <span class='ocrx_word' id='word_1_225' title='bbox 805 2951 978 3008; x_wconf 89' lang='lat' dir='ltr'><strong>dicam</strong></span> <span class='ocrx_word' id='word_1_226' title='bbox 1002 2992 1020 3022; x_wconf 91' lang='lat'><strong>,</strong></span> <span class='ocrx_word' id='word_1_227' title='bbox 1063 2953 1206 3025; x_wconf 91' lang='lat' dir='ltr'><strong>quod</strong></span> <span class='ocrx_word' id='word_1_228' title='bbox 1251 2963 1502 3026; x_wconf 87' lang='lat' dir='ltr'><strong>tanquam</strong></span> <span class='ocrx_word' id='word_1_229' title='bbox 1541 2956 1750 3023; x_wconf 85' lang='lat' dir='ltr'><strong>dicam,</strong></span> <span class='ocrx_word' id='word_1_230' title='bbox 1790 2958 2145 3016; x_wconf 87' lang='lat' dir='ltr'><strong>refellendum</strong></span> 
     </span>
    </p>
   </div>
   <div class='ocr_carea' id='block_1_30' title="bbox 549 3043 2148 3114">
    <p class='ocr_par' dir='ltr' id='par_1_30' title="bbox 549 3043 2148 3114">
     <span class='ocr_line' id='line_1_30' title="bbox 549 3043 2148 3114; baseline 0.006 -17"><span class='ocrx_word' id='word_1_231' title='bbox 549 3043 746 3113; x_wconf 86' lang='lat' dir='ltr'><strong>putasti</strong></span> <span class='ocrx_word' id='word_1_232' title='bbox 768 3085 784 3112; x_wconf 93' lang='lat'><strong>,</strong></span> <span class='ocrx_word' id='word_1_233' title='bbox 809 3059 915 3099; x_wconf 92' lang='lat' dir='ltr'><strong>non</strong></span> <span class='ocrx_word' id='word_1_234' title='bbox 946 3059 1066 3114; x_wconf 89' lang='lat' dir='ltr'><strong>suo,</strong></span> <span class='ocrx_word' id='word_1_235' title='bbox 1097 3045 1191 3101; x_wconf 90' lang='lat' dir='ltr'><strong>sed</strong></span> <span class='ocrx_word' id='word_1_236' title='bbox 1211 3047 1478 3102; x_wconf 87' lang='lat' dir='ltr'><strong>nascentis</strong></span> <span class='ocrx_word' id='word_1_237' title='bbox 1497 3048 1689 3104; x_wconf 90' lang='lat' dir='ltr'><strong>merito</strong></span> <span class='ocrx_word' id='word_1_238' title='bbox 1714 3058 1940 3106; x_wconf 87' lang='lat' dir='ltr'><strong>matrem</strong></span> <span class='ocrx_word' id='word_1_239' title='bbox 1961 3050 2148 3108; x_wconf 87' lang='lat' dir='ltr'><strong>dolere</strong></span> 
     </span>
    </p>
   </div>
   <div class='ocr_carea' id='block_1_31' title="bbox 547 3135 2146 3209">
    <p class='ocr_par' dir='ltr' id='par_1_31' title="bbox 547 3135 2146 3209">
     <span class='ocr_line' id='line_1_31' title="bbox 547 3135 2146 3209; baseline 0.006 -21"><span class='ocrx_word' id='word_1_240' title='bbox 547 3148 670 3189; x_wconf 93' lang='lat' dir='ltr'><strong>cum</strong></span> <span class='ocrx_word' id='word_1_241' title='bbox 698 3135 964 3204; x_wconf 89' lang='lat' dir='ltr'><strong>parturit,</strong></span> <span class='ocrx_word' id='word_1_242' title='bbox 989 3147 1040 3191; x_wconf 88' lang='lat' dir='ltr'><strong>et</strong></span> <span class='ocrx_word' id='word_1_243' title='bbox 1075 3135 1194 3192; x_wconf 89' lang='lat' dir='ltr'><strong>ideo</strong></span> <span class='ocrx_word' id='word_1_244' title='bbox 1227 3137 1390 3193; x_wconf 88' lang='lat' dir='ltr'><strong>etiam</strong></span> <span class='ocrx_word' id='word_1_245' title='bbox 1429 3136 1668 3194; x_wconf 86' lang='lat' dir='ltr'><strong>dimissis</strong></span> <span class='ocrx_word' id='word_1_246' title='bbox 1693 3141 1930 3209; x_wconf 88' lang='lat' dir='ltr'><strong>peccatis</strong></span> <span class='ocrx_word' id='word_1_247' title='bbox 1959 3139 2146 3198; x_wconf 90' lang='lat' dir='ltr'><strong>ﬁdeles</strong></span> 
     </span>
    </p>
   </div>
   <div class='ocr_carea' id='block_1_32' title="bbox 547 3223 2144 3303">
    <p class='ocr_par' dir='ltr' id='par_1_32' title="bbox 547 3223 2144 3303">
     <span class='ocr_line' id='line_1_32' title="bbox 547 3223 2144 3303; baseline 0.004 -24"><span class='ocrx_word' id='word_1_248' title='bbox 547 3223 732 3280; x_wconf 90' lang='lat' dir='ltr'><strong>dolere</strong></span> <span class='ocrx_word' id='word_1_249' title='bbox 778 3235 1001 3297; x_wconf 84' lang='lat' dir='ltr'><strong>urgente</strong></span> <span class='ocrx_word' id='word_1_250' title='bbox 1044 3227 1367 3283; x_wconf 87' lang='lat' dir='ltr'><strong>necessitate</strong></span> <span class='ocrx_word' id='word_1_251' title='bbox 1395 3227 1656 3298; x_wconf 89' lang='lat' dir='ltr'><strong>pariendi.</strong></span> <span class='ocrx_word' id='word_1_252' title='bbox 1688 3229 1874 3296; x_wconf 75' lang='lat' dir='ltr'><strong>Absit,</strong></span> <span class='ocrx_word' id='word_1_253' title='bbox 1904 3229 2144 3303; x_wconf 88' lang='lat' dir='ltr'><strong>inquam,</strong></span> 
     </span>
    </p>
   </div>
   <div class='ocr_carea' id='block_1_33' title="bbox 548 3316 2144 3392">
    <p class='ocr_par' dir='ltr' id='par_1_33' title="bbox 548 3316 2144 3392">
     <span class='ocr_line' id='line_1_33' title="bbox 548 3316 2144 3392; baseline 0.004 -20"><span class='ocrx_word' id='word_1_254' title='bbox 548 3325 608 3372; x_wconf 93' lang='lat' dir='ltr'><strong>ut</strong></span> <span class='ocrx_word' id='word_1_255' title='bbox 636 3316 739 3373; x_wconf 91' lang='lat' dir='ltr'><strong>hoc</strong></span> <span class='ocrx_word' id='word_1_256' title='bbox 765 3317 962 3373; x_wconf 89' lang='lat' dir='ltr'><strong>dicam.</strong></span> <span class='ocrx_word' id='word_1_257' title='bbox 990 3317 1260 3390; x_wconf 90' lang='lat' dir='ltr'><strong>Numquid</strong></span> <span class='ocrx_word' id='word_1_258' title='bbox 1299 3321 1443 3376; x_wconf 88' lang='lat' dir='ltr'><strong>enim</strong></span> <span class='ocrx_word' id='word_1_259' title='bbox 1490 3321 1616 3392; x_wconf 92' lang='lat' dir='ltr'><strong>quia</strong></span> <span class='ocrx_word' id='word_1_260' title='bbox 1656 3330 1885 3378; x_wconf 91' lang='lat' dir='ltr'><strong>mortem</strong></span> <span class='ocrx_word' id='word_1_261' title='bbox 1915 3321 2144 3379; x_wconf 87' lang='lat' dir='ltr'><strong>dicimus</strong></span> 
     </span>
    </p>
   </div>
   <div class='ocr_carea' id='block_1_34' title="bbox 549 3409 2143 3484">
    <p class='ocr_par' dir='ltr' id='par_1_34' title="bbox 549 3409 2143 3484">
     <span class='ocr_line' id='line_1_34' title="bbox 549 3409 2143 3484; baseline 0.004 -21"><span class='ocrx_word' id='word_1_262' title='bbox 549 3409 752 3479; x_wconf 87' lang='lat' dir='ltr'><strong>peccati</strong></span> <span class='ocrx_word' id='word_1_263' title='bbox 781 3423 902 3465; x_wconf 87' lang='lat' dir='ltr'><strong>esse</strong></span> <span class='ocrx_word' id='word_1_264' title='bbox 928 3409 1268 3480; x_wconf 91' lang='lat' dir='ltr'><strong>supplicium,</strong></span> <span class='ocrx_word' id='word_1_265' title='bbox 1301 3409 1424 3466; x_wconf 90' lang='lat' dir='ltr'><strong>ideo</strong></span> <span class='ocrx_word' id='word_1_266' title='bbox 1445 3411 1731 3467; x_wconf 91' lang='lat' dir='ltr'><strong>dicendum</strong></span> <span class='ocrx_word' id='word_1_267' title='bbox 1761 3421 1846 3468; x_wconf 89' lang='lat' dir='ltr'><strong>est</strong></span> <span class='ocrx_word' id='word_1_268' title='bbox 1873 3428 1992 3468; x_wconf 90' lang='lat' dir='ltr'><strong>eam</strong></span> <span class='ocrx_word' id='word_1_269' title='bbox 2019 3422 2143 3484; x_wconf 85' lang='lat' dir='ltr'><strong>post</strong></span> 
     </span>
    </p>
   </div>
   <div class='ocr_carea' id='block_1_35' title="bbox 549 3500 2144 3574">
    <p class='ocr_par' dir='ltr' id='par_1_35' title="bbox 549 3500 2144 3574">
     <span class='ocr_line' id='line_1_35' title="bbox 549 3500 2144 3574; baseline 0.003 -19"><span class='ocrx_word' id='word_1_270' title='bbox 549 3500 926 3556; x_wconf 87' lang='lat' dir='ltr'><strong>remissionem</strong></span> <span class='ocrx_word' id='word_1_271' title='bbox 973 3510 1314 3572; x_wconf 86' lang='lat' dir='ltr'><strong>peccatorum</strong></span> <span class='ocrx_word' id='word_1_272' title='bbox 1361 3517 1468 3558; x_wconf 90' lang='lat' dir='ltr'><strong>nou</strong></span> <span class='ocrx_word' id='word_1_273' title='bbox 1512 3502 1766 3558; x_wconf 89' lang='lat' dir='ltr'><strong>debuisse</strong></span> <span class='ocrx_word' id='word_1_274' title='bbox 1794 3504 2144 3574; x_wconf 82' lang='lat' dir='ltr'><strong>contingere?</strong></span> 
     </span>
    </p>
   </div>
   <div class='ocr_carea' id='block_1_36' title="bbox 548 3589 2146 3663">
    <p class='ocr_par' dir='ltr' id='par_1_36' title="bbox 548 3589 2146 3663">
     <span class='ocr_line' id='line_1_36' title="bbox 548 3589 2146 3663; baseline 0.003 -17"><span class='ocrx_word' id='word_1_275' title='bbox 548 3589 644 3646; x_wconf 63' lang='lat' dir='ltr'><strong>Hac</strong></span> <span class='ocrx_word' id='word_1_276' title='bbox 671 3590 887 3662; x_wconf 87' lang='lat' dir='ltr'><strong>quippe,</strong></span> <span class='ocrx_word' id='word_1_277' title='bbox 917 3605 1052 3663; x_wconf 90' lang='lat' dir='ltr'><strong>quas</strong></span> <span class='ocrx_word' id='word_1_278' title='bbox 1079 3590 1136 3646; x_wconf 92' lang='lat' dir='ltr'><strong>in</strong></span> <span class='ocrx_word' id='word_1_279' title='bbox 1165 3598 1352 3647; x_wconf 89' lang='lat' dir='ltr'><strong>natura</strong></span> <span class='ocrx_word' id='word_1_280' title='bbox 1385 3592 1822 3662; x_wconf 68' lang='lat' dir='ltr'><strong>praevaricatione</strong></span> <span class='ocrx_word' id='word_1_281' title='bbox 1850 3593 2033 3648; x_wconf 87' lang='lat' dir='ltr'><strong>vitiata</strong></span> <span class='ocrx_word' id='word_1_282' title='bbox 2061 3593 2146 3650; x_wconf 90' lang='lat' dir='ltr'><strong>di-</strong></span> 
     </span>
    </p>
   </div>
   <div class='ocr_carea' id='block_1_37' title="bbox 548 3683 2151 3755">
    <p class='ocr_par' dir='ltr' id='par_1_37' title="bbox 548 3683 2151 3755">
     <span class='ocr_line' id='line_1_37' title="bbox 548 3683 2151 3755; baseline 0.001 -16"><span class='ocrx_word' id='word_1_283' title='bbox 548 3683 721 3739; x_wconf 89' lang='lat' dir='ltr'><strong>cimus</strong></span> <span class='ocrx_word' id='word_1_284' title='bbox 745 3698 934 3755; x_wconf 66' lang='lat' dir='ltr'><strong>poenas</strong></span> <span class='ocrx_word' id='word_1_285' title='bbox 959 3698 1082 3740; x_wconf 91' lang='lat' dir='ltr'><strong>esse</strong></span> <span class='ocrx_word' id='word_1_286' title='bbox 1107 3684 1346 3754; x_wconf 90' lang='lat' dir='ltr'><strong>peccati,</strong></span> <span class='ocrx_word' id='word_1_287' title='bbox 1379 3683 1504 3740; x_wconf 88' lang='lat' dir='ltr'><strong>ideo</strong></span> <span class='ocrx_word' id='word_1_288' title='bbox 1530 3685 1692 3740; x_wconf 89' lang='lat' dir='ltr'><strong>etiam</strong></span> <span class='ocrx_word' id='word_1_289' title='bbox 1724 3693 1844 3755; x_wconf 90' lang='lat' dir='ltr'><strong>post</strong></span> <span class='ocrx_word' id='word_1_290' title='bbox 1872 3685 2151 3741; x_wconf 60' lang='lat' dir='ltr'><strong>remissim</strong></span> 
     </span>
    </p>
   </div>
   <div class='ocr_carea' id='block_1_38' title="bbox 549 3775 2148 3847">
    <p class='ocr_par' dir='ltr' id='par_1_38' title="bbox 549 3775 2148 3847">
     <span class='ocr_line' id='line_1_38' title="bbox 549 3775 2148 3847; baseline 0.001 -17"><span class='ocrx_word' id='word_1_291' title='bbox 549 3790 680 3830; x_wconf 86' lang='lat' dir='ltr'><strong>nem.</strong></span> <span class='ocrx_word' id='word_1_292' title='bbox 700 3784 1039 3845; x_wconf 89' lang='lat' dir='ltr'><strong>peccatorum</strong></span> <span class='ocrx_word' id='word_1_293' title='bbox 1067 3783 1309 3841; x_wconf 88' lang='lat' dir='ltr'><strong>manent,</strong></span> <span class='ocrx_word' id='word_1_294' title='bbox 1337 3784 1398 3830; x_wconf 91' lang='lat' dir='ltr'><strong>ut</strong></span> <span class='ocrx_word' id='word_1_295' title='bbox 1425 3775 1680 3846; x_wconf 83' lang='lat' dir='ltr'><strong>probetur</strong></span> <span class='ocrx_word' id='word_1_296' title='bbox 1708 3775 1864 3841; x_wconf 85' lang='lat' dir='ltr'><strong>ﬁdes,</strong></span> <span class='ocrx_word' id='word_1_297' title='bbox 1895 3791 2054 3847; x_wconf 90' lang='lat' dir='ltr'><strong>quam</strong></span> <span class='ocrx_word' id='word_1_298' title='bbox 2077 3775 2148 3832; x_wconf 93' lang='lat' dir='ltr'><strong>de</strong></span> 
     </span>
    </p>
   </div>
   <div class='ocr_carea' id='block_1_39' title="bbox 549 3863 2148 3937">
    <p class='ocr_par' dir='ltr' id='par_1_39' title="bbox 549 3863 2148 3937">
     <span class='ocr_line' id='line_1_39' title="bbox 549 3863 2148 3937; baseline 0.002 -18"><span class='ocrx_word' id='word_1_299' title='bbox 549 3873 782 3920; x_wconf 88' lang='lat' dir='ltr'><strong>venturo</strong></span> <span class='ocrx_word' id='word_1_300' title='bbox 810 3864 1088 3921; x_wconf 89' lang='lat' dir='ltr'><strong>credimus</strong></span> <span class='ocrx_word' id='word_1_301' title='bbox 1115 3864 1341 3929; x_wconf 71' lang='lat' dir='ltr'><strong>steculo,</strong></span> <span class='ocrx_word' id='word_1_302' title='bbox 1370 3863 1461 3919; x_wconf 82' lang='lat' dir='ltr'><strong>ubi</strong></span> <span class='ocrx_word' id='word_1_303' title='bbox 1490 3863 1597 3924; x_wconf 84' lang='lat' dir='ltr'><strong>ista</strong></span> <span class='ocrx_word' id='word_1_304' title='bbox 1620 3879 1726 3920; x_wconf 91' lang='lat' dir='ltr'><strong>nou</strong></span> <span class='ocrx_word' id='word_1_305' title='bbox 1757 3874 1934 3921; x_wconf 84' lang='lat' dir='ltr'><strong>erunt.</strong></span> <span class='ocrx_word' id='word_1_306' title='bbox 1963 3864 2148 3937; x_wconf 82' lang='lat' dir='ltr'><strong>Neque</strong></span> 
     </span>
    </p>
   </div>
   <div class='ocr_carea' id='block_1_40' title="bbox 550 3956 2149 4028">
    <p class='ocr_par' dir='ltr' id='par_1_40' title="bbox 550 3956 2149 4028">
     <span class='ocr_line' id='line_1_40' title="bbox 550 3956 2149 4028; baseline 0.001 -16"><span class='ocrx_word' id='word_1_307' title='bbox 550 3957 697 4012; x_wconf 91' lang='lat' dir='ltr'><strong>enim</strong></span> <span class='ocrx_word' id='word_1_308' title='bbox 728 3956 861 4012; x_wconf 87' lang='lat' dir='ltr'><strong>ﬁdes</strong></span> <span class='ocrx_word' id='word_1_309' title='bbox 891 3965 1066 4026; x_wconf 77' lang='lat' dir='ltr'><strong>esset,</strong></span> <span class='ocrx_word' id='word_1_310' title='bbox 1091 3957 1139 4014; x_wconf 90' lang='lat' dir='ltr'><strong>si</strong></span> <span class='ocrx_word' id='word_1_311' title='bbox 1163 3966 1444 4027; x_wconf 79' lang='lat' dir='ltr'><strong>propterea</strong></span> <span class='ocrx_word' id='word_1_312' title='bbox 1471 3956 1847 4024; x_wconf 85' lang='lat' dir='ltr'><strong>crederemus,</strong></span> <span class='ocrx_word' id='word_1_313' title='bbox 1870 3957 1994 4028; x_wconf 89' lang='lat' dir='ltr'><strong>quia</strong></span> <span class='ocrx_word' id='word_1_314' title='bbox 2020 3972 2149 4014; x_wconf 89' lang='lat' dir='ltr'><strong>cou-</strong></span> 
     </span>
    </p>
   </div>
   <div class='ocr_carea' id='block_1_41' title="bbox 552 4046 2145 4118">
    <p class='ocr_par' dir='ltr' id='par_1_41' title="bbox 552 4046 2145 4118">
     <span class='ocr_line' id='line_1_41' title="bbox 552 4046 2145 4118; baseline 0.001 -16"><span class='ocrx_word' id='word_1_315' title='bbox 552 4049 705 4103; x_wconf 93' lang='lat' dir='ltr'><strong>tinuo</strong></span> <span class='ocrx_word' id='word_1_316' title='bbox 730 4048 884 4105; x_wconf 88' lang='lat' dir='ltr'><strong>nobis</strong></span> <span class='ocrx_word' id='word_1_317' title='bbox 919 4046 1055 4103; x_wconf 84' lang='lat' dir='ltr'><strong>nihil</strong></span> <span class='ocrx_word' id='word_1_318' title='bbox 1095 4046 1314 4106; x_wconf 84' lang='lat' dir='ltr'><strong>dolendi</strong></span> <span class='ocrx_word' id='word_1_319' title='bbox 1337 4055 1392 4103; x_wconf 90' lang='lat' dir='ltr'><strong>et</strong></span> <span class='ocrx_word' id='word_1_320' title='bbox 1428 4061 1534 4102; x_wconf 91' lang='lat' dir='ltr'><strong>non</strong></span> <span class='ocrx_word' id='word_1_321' title='bbox 1574 4047 1838 4106; x_wconf 88' lang='lat' dir='ltr'><strong>moriendi</strong></span> <span class='ocrx_word' id='word_1_322' title='bbox 1868 4048 2145 4118; x_wconf 68' lang='lat' dir='ltr'><strong>praemium</strong></span> 
     </span>
    </p>
   </div>
   <div class='ocr_carea' id='block_1_42' title="bbox 552 4137 2148 4211">
    <p class='ocr_par' dir='ltr' id='par_1_42' title="bbox 552 4137 2148 4211">
     <span class='ocr_line' id='line_1_42' title="bbox 552 4137 2148 4211; baseline 0 -15"><span class='ocrx_word' id='word_1_323' title='bbox 552 4138 884 4198; x_wconf 84' lang='lat' dir='ltr'><strong>redderetur.</strong></span> <span class='ocrx_word' id='word_1_324' title='bbox 915 4138 1029 4209; x_wconf 80' lang='lat' dir='ltr'><strong>Qua</strong></span> <span class='ocrx_word' id='word_1_325' title='bbox 1073 4137 1289 4196; x_wconf 84' lang='lat' dir='ltr'><strong>ratione</strong></span> <span class='ocrx_word' id='word_1_326' title='bbox 1323 4137 1529 4195; x_wconf 87' lang='lat' dir='ltr'><strong>reddita</strong></span> <span class='ocrx_word' id='word_1_327' title='bbox 1551 4178 1572 4205; x_wconf 93' lang='lat'><strong>,</strong></span> <span class='ocrx_word' id='word_1_328' title='bbox 1600 4139 1658 4194; x_wconf 89' lang='lat' dir='ltr'><strong>id</strong></span> <span class='ocrx_word' id='word_1_329' title='bbox 1678 4148 1794 4204; x_wconf 87' lang='lat' dir='ltr'><strong>est,</strong></span> <span class='ocrx_word' id='word_1_330' title='bbox 1824 4139 1892 4195; x_wconf 85' lang='lat' dir='ltr'><strong>ad</strong></span> <span class='ocrx_word' id='word_1_331' title='bbox 1918 4155 2148 4211; x_wconf 82' lang='lat' dir='ltr'><strong>agonem</strong></span> 
     </span>
    </p>
   </div>
   <div class='ocr_carea' id='block_1_43' title="bbox 553 4229 2146 4305">
    <p class='ocr_par' dir='ltr' id='par_1_43' title="bbox 553 4229 2146 4305">
     <span class='ocr_line' id='line_1_43' title="bbox 553 4229 2146 4305; baseline -0.003 -15"><span class='ocrx_word' id='word_1_332' title='bbox 553 4229 676 4290; x_wconf 73' lang='lat' dir='ltr'><strong>ﬁdei</strong></span> <span class='ocrx_word' id='word_1_333' title='bbox 703 4229 856 4288; x_wconf 90' lang='lat' dir='ltr'><strong>nobis</strong></span> <span class='ocrx_word' id='word_1_334' title='bbox 884 4229 1116 4305; x_wconf 81' lang='lat' dir='ltr'><strong>relinqui</strong></span> <span class='ocrx_word' id='word_1_335' title='bbox 1140 4230 1278 4285; x_wconf 86' lang='lat' dir='ltr'><strong>mala</strong></span> <span class='ocrx_word' id='word_1_336' title='bbox 1315 4238 1588 4286; x_wconf 89' lang='lat' dir='ltr'><strong>contracta</strong></span> <span class='ocrx_word' id='word_1_337' title='bbox 1618 4237 1838 4301; x_wconf 87' lang='lat' dir='ltr'><strong>peccato</strong></span> <span class='ocrx_word' id='word_1_338' title='bbox 1861 4271 1875 4297; x_wconf 93' lang='lat'><strong>,</strong></span> <span class='ocrx_word' id='word_1_339' title='bbox 1904 4231 2146 4302; x_wconf 80' lang='lat' dir='ltr'><strong>quamvis</strong></span> 
     </span>
    </p>
   </div>
   <div class='ocr_carea' id='block_1_44' title="bbox 552 4321 2145 4402">
    <p class='ocr_par' dir='ltr' id='par_1_44' title="bbox 552 4321 2145 4402">
     <span class='ocr_line' id='line_1_44' title="bbox 552 4321 2145 4402; baseline 0 -24"><span class='ocrx_word' id='word_1_340' title='bbox 552 4331 706 4378; x_wconf 82' lang='lat' dir='ltr'><strong>reatu</strong></span> <span class='ocrx_word' id='word_1_341' title='bbox 735 4334 1070 4402; x_wconf 67' lang='lat' dir='ltr'><strong>peccatorum</strong></span> <span class='ocrx_word' id='word_1_342' title='bbox 1088 4337 1182 4392; x_wconf 90' lang='lat' dir='ltr'><strong>per</strong></span> <span class='ocrx_word' id='word_1_343' title='bbox 1198 4321 1527 4390; x_wconf 86' lang='lat' dir='ltr'><strong>Baptismum</strong></span> <span class='ocrx_word' id='word_1_344' title='bbox 1541 4325 1655 4392; x_wconf 89' lang='lat' dir='ltr'><strong>jam</strong></span> <span class='ocrx_word' id='word_1_345' title='bbox 1675 4323 1872 4390; x_wconf 91' lang='lat' dir='ltr'><strong>soluto,</strong></span> <span class='ocrx_word' id='word_1_346' title='bbox 1901 4322 2026 4394; x_wconf 93' lang='lat' dir='ltr'><strong>quid</strong></span> <span class='ocrx_word' id='word_1_347' title='bbox 2045 4322 2145 4378; x_wconf 89' lang='lat' dir='ltr'><strong>ha-</strong></span> 
     </span>
    </p>
   </div>
   <div class='ocr_carea' id='block_1_45' title="bbox 553 4411 2148 4486">
    <p class='ocr_par' dir='ltr' id='par_1_45' title="bbox 553 4411 2148 4486">
     <span class='ocr_line' id='line_1_45' title="bbox 553 4411 2148 4486; baseline 0.001 -17"><span class='ocrx_word' id='word_1_348' title='bbox 553 4416 643 4470; x_wconf 91' lang='lat' dir='ltr'><strong>bet</strong></span> <span class='ocrx_word' id='word_1_349' title='bbox 666 4415 858 4470; x_wconf 87' lang='lat' dir='ltr'><strong>virium</strong></span> <span class='ocrx_word' id='word_1_350' title='bbox 886 4413 1030 4485; x_wconf 89' lang='lat' dir='ltr'><strong>quod</strong></span> <span class='ocrx_word' id='word_1_351' title='bbox 1049 4415 1189 4482; x_wconf 89' lang='lat' dir='ltr'><strong>aisti,</strong></span> <span class='ocrx_word' id='word_1_352' title='bbox 1210 4413 1271 4471; x_wconf 89' lang='lat' dir='ltr'><strong>Si</strong></span> <span class='ocrx_word' id='word_1_353' title='bbox 1285 4415 1338 4469; x_wconf 90' lang='lat' dir='ltr'><strong>in</strong></span> <span class='ocrx_word' id='word_1_354' title='bbox 1358 4415 1607 4486; x_wconf 78' lang='lat' dir='ltr'><strong>mysteriis</strong></span> <span class='ocrx_word' id='word_1_355' title='bbox 1621 4411 1872 4469; x_wconf 79' lang='lat' dir='ltr'><strong>sublatum</strong></span> <span class='ocrx_word' id='word_1_356' title='bbox 1899 4423 1972 4469; x_wconf 85' lang='lat' dir='ltr'><strong>est</strong></span> <span class='ocrx_word' id='word_1_357' title='bbox 1999 4431 2148 4470; x_wconf 85' lang='lat' dir='ltr'><strong>omne</strong></span> 
     </span>
    </p>
   </div>
   <div class='ocr_carea' id='block_1_46' title="bbox 553 4505 2145 4578">
    <p class='ocr_par' dir='ltr' id='par_1_46' title="bbox 553 4505 2145 4578">
     <span class='ocr_line' id='line_1_46' title="bbox 553 4505 2145 4578; baseline 0 -16"><span class='ocrx_word' id='word_1_358' title='bbox 553 4517 834 4577; x_wconf 69' lang='lat' dir='ltr'><strong>peceatum,</strong></span> <span class='ocrx_word' id='word_1_359' title='bbox 865 4517 914 4562; x_wconf 91' lang='lat' dir='ltr'><strong>et</strong></span> <span class='ocrx_word' id='word_1_360' title='bbox 937 4515 1162 4562; x_wconf 81' lang='lat' dir='ltr'><strong>remanet</strong></span> <span class='ocrx_word' id='word_1_361' title='bbox 1191 4517 1359 4562; x_wconf 84' lang='lat' dir='ltr'><strong>tamen</strong></span> <span class='ocrx_word' id='word_1_362' title='bbox 1383 4505 1532 4562; x_wconf 81' lang='lat' dir='ltr'><strong>dolor</strong></span> <span class='ocrx_word' id='word_1_363' title='bbox 1546 4506 1633 4578; x_wconf 91' lang='lat' dir='ltr'><strong>qui</strong></span> <span class='ocrx_word' id='word_1_364' title='bbox 1655 4515 1830 4576; x_wconf 78' lang='lat' dir='ltr'><strong>partus</strong></span> <span class='ocrx_word' id='word_1_365' title='bbox 1850 4507 2145 4578; x_wconf 61' lang='lat' dir='ltr'><strong>diﬁcultate</strong></span> 
     </span>
    </p>
   </div>
   <div class='ocr_carea' id='block_1_47' title="bbox 551 4597 2144 4675">
    <p class='ocr_par' dir='ltr' id='par_1_47' title="bbox 551 4597 2144 4675">
     <span class='ocr_line' id='line_1_47' title="bbox 551 4597 2144 4675; baseline -0.003 -20"><span class='ocrx_word' id='word_1_366' title='bbox 551 4609 841 4675; x_wconf 80' lang='lat' dir='ltr'><strong>generatur,</strong></span> <span class='ocrx_word' id='word_1_367' title='bbox 869 4600 1194 4672; x_wconf 77' lang='lat' dir='ltr'><strong>manifestum</strong></span> <span class='ocrx_word' id='word_1_368' title='bbox 1235 4607 1306 4654; x_wconf 89' lang='lat' dir='ltr'><strong>est</strong></span> <span class='ocrx_word' id='word_1_369' title='bbox 1333 4599 1479 4654; x_wconf 89' lang='lat' dir='ltr'><strong>illum</strong></span> <span class='ocrx_word' id='word_1_370' title='bbox 1502 4597 1744 4672; x_wconf 78' lang='lat' dir='ltr'><strong>gemitum</strong></span> <span class='ocrx_word' id='word_1_371' title='bbox 1772 4607 1974 4652; x_wconf 78' lang='lat' dir='ltr'><strong>natura:</strong></span> <span class='ocrx_word' id='word_1_372' title='bbox 2003 4597 2144 4652; x_wconf 86' lang='lat' dir='ltr'><strong>indi-</strong></span> 
     </span>
    </p>
   </div>
   <div class='ocr_carea' id='block_1_48' title="bbox 548 4689 2144 4764">
    <p class='ocr_par' dir='ltr' id='par_1_48' title="bbox 548 4689 2144 4764">
     <span class='ocr_line' id='line_1_48' title="bbox 548 4689 2144 4764; baseline -0.003 -15"><span class='ocrx_word' id='word_1_373' title='bbox 548 4710 658 4749; x_wconf 77' lang='lat' dir='ltr'><strong>cem</strong></span> <span class='ocrx_word' id='word_1_374' title='bbox 685 4710 810 4760; x_wconf 86' lang='lat' dir='ltr'><strong>esse,</strong></span> <span class='ocrx_word' id='word_1_375' title='bbox 833 4709 934 4749; x_wconf 89' lang='lat' dir='ltr'><strong>non</strong></span> <span class='ocrx_word' id='word_1_376' title='bbox 954 4692 1160 4764; x_wconf 72' lang='lat' dir='ltr'><strong>culpa?</strong></span> <span class='ocrx_word' id='word_1_377' title='bbox 1188 4690 1302 4748; x_wconf 81' lang='lat' dir='ltr'><strong>Hoc</strong></span> <span class='ocrx_word' id='word_1_378' title='bbox 1321 4692 1488 4758; x_wconf 90' lang='lat' dir='ltr'><strong>enim,</strong></span> <span class='ocrx_word' id='word_1_379' title='bbox 1515 4690 1657 4763; x_wconf 92' lang='lat' dir='ltr'><strong>quod</strong></span> <span class='ocrx_word' id='word_1_380' title='bbox 1684 4690 1858 4747; x_wconf 89' lang='lat' dir='ltr'><strong>nullas</strong></span> <span class='ocrx_word' id='word_1_381' title='bbox 1885 4689 2144 4746; x_wconf 89' lang='lat' dir='ltr'><strong>adversus</strong></span> 
     </span>
    </p>
   </div>
   <div class='ocr_carea' id='block_1_49' title="bbox 549 4781 2144 4857">
    <p class='ocr_par' dir='ltr' id='par_1_49' title="bbox 549 4781 2144 4857">
     <span class='ocr_line' id='line_1_49' title="bbox 549 4781 2144 4857; baseline -0.002 -15"><span class='ocrx_word' id='word_1_382' title='bbox 549 4801 649 4842; x_wconf 88' lang='lat' dir='ltr'><strong>nos</strong></span> <span class='ocrx_word' id='word_1_383' title='bbox 679 4785 840 4842; x_wconf 89' lang='lat' dir='ltr'><strong>habet</strong></span> <span class='ocrx_word' id='word_1_384' title='bbox 867 4785 1010 4842; x_wconf 89' lang='lat' dir='ltr'><strong>vires</strong></span> <span class='ocrx_word' id='word_1_385' title='bbox 1034 4828 1050 4853; x_wconf 92' lang='lat'><strong>,</strong></span> <span class='ocrx_word' id='word_1_386' title='bbox 1094 4799 1200 4841; x_wconf 91' lang='lat' dir='ltr'><strong>non</strong></span> <span class='ocrx_word' id='word_1_387' title='bbox 1229 4785 1412 4857; x_wconf 90' lang='lat' dir='ltr'><strong>utique</strong></span> <span class='ocrx_word' id='word_1_388' title='bbox 1453 4783 1662 4840; x_wconf 89' lang='lat' dir='ltr'><strong>diceres</strong></span> <span class='ocrx_word' id='word_1_389' title='bbox 1685 4825 1701 4850; x_wconf 96' lang='lat'><strong>,</strong></span> <span class='ocrx_word' id='word_1_390' title='bbox 1730 4783 1777 4838; x_wconf 93' lang='lat' dir='ltr'><strong>si</strong></span> <span class='ocrx_word' id='word_1_391' title='bbox 1805 4781 1928 4839; x_wconf 91' lang='lat' dir='ltr'><strong>ﬁdei</strong></span> <span class='ocrx_word' id='word_1_392' title='bbox 1972 4791 2027 4837; x_wconf 93' lang='lat' dir='ltr'><strong>tu</strong></span> <span class='ocrx_word' id='word_1_393' title='bbox 2054 4782 2144 4839; x_wconf 91' lang='lat' dir='ltr'><strong>vel</strong></span> 
     </span>
    </p>
   </div>
   <div class='ocr_carea' id='block_1_50' title="bbox 548 4873 2142 4946">
    <p class='ocr_par' dir='ltr' id='par_1_50' title="bbox 548 4873 2142 4946">
     <span class='ocr_line' id='line_1_50' title="bbox 548 4873 2142 4946; baseline -0.003 -14"><span class='ocrx_word' id='word_1_394' title='bbox 548 4877 776 4934; x_wconf 86' lang='lat' dir='ltr'><strong>haberes</strong></span> <span class='ocrx_word' id='word_1_395' title='bbox 800 4877 884 4934; x_wconf 88' lang='lat' dir='ltr'><strong>vel</strong></span> <span class='ocrx_word' id='word_1_396' title='bbox 909 4876 1214 4933; x_wconf 85' lang='lat' dir='ltr'><strong>attenderes</strong></span> <span class='ocrx_word' id='word_1_397' title='bbox 1241 4876 1415 4943; x_wconf 87' lang='lat' dir='ltr'><strong>vires,</strong></span> <span class='ocrx_word' id='word_1_398' title='bbox 1456 4891 1577 4946; x_wconf 73' lang='lat' dir='ltr'><strong>qua:</strong></span> <span class='ocrx_word' id='word_1_399' title='bbox 1625 4883 1776 4930; x_wconf 91' lang='lat' dir='ltr'><strong>tanto</strong></span> <span class='ocrx_word' id='word_1_400' title='bbox 1803 4881 1930 4930; x_wconf 90' lang='lat' dir='ltr'><strong>sunt</strong></span> <span class='ocrx_word' id='word_1_401' title='bbox 1953 4873 2142 4929; x_wconf 90' lang='lat' dir='ltr'><strong>fortio-</strong></span> 
     </span>
    </p>
   </div>
   <div class='ocr_carea' id='block_1_51' title="bbox 546 4963 2146 5038">
    <p class='ocr_par' dir='ltr' id='par_1_51' title="bbox 546 4963 2146 5038">
     <span class='ocr_line' id='line_1_51' title="bbox 546 4963 2146 5038; baseline 0 -16"><span class='ocrx_word' id='word_1_402' title='bbox 546 4982 656 5034; x_wconf 91' lang='lat' dir='ltr'><strong>res,</strong></span> <span class='ocrx_word' id='word_1_403' title='bbox 689 4976 890 5037; x_wconf 89' lang='lat' dir='ltr'><strong>quanto</strong></span> <span class='ocrx_word' id='word_1_404' title='bbox 917 4967 1087 5038; x_wconf 90' lang='lat' dir='ltr'><strong>magis</strong></span> <span class='ocrx_word' id='word_1_405' title='bbox 1115 4982 1177 5023; x_wconf 88' lang='lat' dir='ltr'><strong>ea</strong></span> <span class='ocrx_word' id='word_1_406' title='bbox 1207 4981 1486 5036; x_wconf 88' lang='lat' dir='ltr'><strong>speramus</strong></span> <span class='ocrx_word' id='word_1_407' title='bbox 1510 4981 1632 5036; x_wconf 75' lang='lat' dir='ltr'><strong>qua:</strong></span> <span class='ocrx_word' id='word_1_408' title='bbox 1660 4980 1766 5021; x_wconf 92' lang='lat' dir='ltr'><strong>non</strong></span> <span class='ocrx_word' id='word_1_409' title='bbox 1795 4963 2059 5031; x_wconf 85' lang='lat' dir='ltr'><strong>videmus,</strong></span> <span class='ocrx_word' id='word_1_410' title='bbox 2088 4973 2146 5022; x_wconf 81' lang='lat' dir='ltr'><strong>et</strong></span> 
     </span>
    </p>
   </div>
   <div class='ocr_carea' id='block_1_52' title="bbox 547 5055 2144 5127">
    <p class='ocr_par' dir='ltr' id='par_1_52' title="bbox 547 5055 2144 5127">
     <span class='ocr_line' id='line_1_52' title="bbox 547 5055 2144 5127; baseline 0.001 -17"><span class='ocrx_word' id='word_1_411' title='bbox 547 5071 650 5127; x_wconf 90' lang='lat' dir='ltr'><strong>per</strong></span> <span class='ocrx_word' id='word_1_412' title='bbox 676 5058 984 5127; x_wconf 86' lang='lat' dir='ltr'><strong>patientiam</strong></span> <span class='ocrx_word' id='word_1_413' title='bbox 1007 5057 1363 5123; x_wconf 85' lang='lat' dir='ltr'><strong>miseriarum,</strong></span> <span class='ocrx_word' id='word_1_414' title='bbox 1388 5055 1771 5126; x_wconf 86' lang='lat' dir='ltr'><strong>plenitudinem</strong></span> <span class='ocrx_word' id='word_1_415' title='bbox 1800 5055 2144 5112; x_wconf 88' lang='lat' dir='ltr'><strong>beatitudinis</strong></span> 
     </span>
    </p>
   </div>
   <div class='ocr_carea' id='block_1_53' title="bbox 549 5144 2144 5218">
    <p class='ocr_par' dir='ltr' id='par_1_53' title="bbox 549 5144 2144 5218">
     <span class='ocr_line' id='line_1_53' title="bbox 549 5144 2144 5218; baseline 0.001 -18"><span class='ocrx_word' id='word_1_416' title='bbox 549 5157 946 5216; x_wconf 78' lang='lat' dir='ltr'><strong>exspectamus.</strong></span> <span class='ocrx_word' id='word_1_417' title='bbox 976 5147 1083 5204; x_wconf 85' lang='lat' dir='ltr'><strong>Sed</strong></span> <span class='ocrx_word' id='word_1_418' title='bbox 1110 5147 1253 5218; x_wconf 88' lang='lat' dir='ltr'><strong>ipsa,</strong></span> <span class='ocrx_word' id='word_1_419' title='bbox 1282 5146 1479 5218; x_wconf 89' lang='lat' dir='ltr'><strong>inquis,</strong></span> <span class='ocrx_word' id='word_1_420' title='bbox 1509 5145 1607 5200; x_wconf 85' lang='lat' dir='ltr'><strong>Dei</strong></span> <span class='ocrx_word' id='word_1_421' title='bbox 1628 5144 1776 5200; x_wconf 76' lang='lat' dir='ltr'><strong>verba</strong></span> <span class='ocrx_word' id='word_1_422' title='bbox 1794 5146 2019 5217; x_wconf 10' lang='lat' dir='ltr'><strong>,equibus</strong></span> <span class='ocrx_word' id='word_1_423' title='bbox 2043 5163 2144 5202; x_wconf 89' lang='lat' dir='ltr'><strong>non</strong></span> 
     </span>
    </p>
   </div>
   <div class='ocr_carea' id='block_1_54' title="bbox 550 5235 2140 5309">
    <p class='ocr_par' dir='ltr' id='par_1_54' title="bbox 550 5235 2140 5309">
     <span class='ocr_line' id='line_1_54' title="bbox 550 5235 2140 5309; baseline -0.002 -18"><span class='ocrx_word' id='word_1_424' title='bbox 550 5239 646 5304; x_wconf 88' lang='lat' dir='ltr'><strong>ait,</strong></span> <span class='ocrx_word' id='word_1_425' title='bbox 681 5237 922 5292; x_wconf 82' lang='lat' dir='ltr'><strong>()rientur</strong></span> <span class='ocrx_word' id='word_1_426' title='bbox 949 5239 1001 5292; x_wconf 90' lang='lat' dir='ltr'><strong>in</strong></span> <span class='ocrx_word' id='word_1_427' title='bbox 1027 5247 1075 5294; x_wconf 87' lang='lat' dir='ltr'><strong>te</strong></span> <span class='ocrx_word' id='word_1_428' title='bbox 1099 5239 1321 5306; x_wconf 88' lang='lat' dir='ltr'><strong>dolores,</strong></span> <span class='ocrx_word' id='word_1_429' title='bbox 1348 5249 1471 5303; x_wconf 88' lang='lat' dir='ltr'><strong>aut,</strong></span> <span class='ocrx_word' id='word_1_430' title='bbox 1501 5235 1751 5308; x_wconf 80' lang='lat' dir='ltr'><strong>generabo</strong></span> <span class='ocrx_word' id='word_1_431' title='bbox 1793 5237 1881 5292; x_wconf 78' lang='lat' dir='ltr'><strong>tibi</strong></span> <span class='ocrx_word' id='word_1_432' title='bbox 1905 5238 2140 5309; x_wconf 75' lang='lat' dir='ltr'><strong>gemitus,</strong></span> 
     </span>
    </p>
   </div>
   <div class='ocr_carea' id='block_1_55' title="bbox 556 5327 2145 5398">
    <p class='ocr_par' dir='ltr' id='par_1_55' title="bbox 556 5327 2145 5398">
     <span class='ocr_line' id='line_1_55' title="bbox 556 5327 2145 5398; baseline 0.001 -17"><span class='ocrx_word' id='word_1_433' title='bbox 556 5338 613 5382; x_wconf 87' lang='lat' dir='ltr'><strong>ut</strong></span> <span class='ocrx_word' id='word_1_434' title='bbox 628 5337 740 5398; x_wconf 85' lang='lat' dir='ltr'><strong>post</strong></span> <span class='ocrx_word' id='word_1_435' title='bbox 754 5328 960 5398; x_wconf 81' lang='lat' dir='ltr'><strong>culpam</strong></span> <span class='ocrx_word' id='word_1_436' title='bbox 989 5346 1162 5384; x_wconf 88' lang='lat' dir='ltr'><strong>sensus</strong></span> <span class='ocrx_word' id='word_1_437' title='bbox 1183 5346 1355 5384; x_wconf 87' lang='lat' dir='ltr'><strong>eorum</strong></span> <span class='ocrx_word' id='word_1_438' title='bbox 1372 5327 1657 5383; x_wconf 78' lang='lat' dir='ltr'><strong>uiderentur</strong></span> <span class='ocrx_word' id='word_1_439' title='bbox 1683 5328 1879 5385; x_wconf 75' lang='lat' dir='ltr'><strong>institui</strong></span> <span class='ocrx_word' id='word_1_440' title='bbox 1899 5345 1920 5395; x_wconf 85' lang='lat'><strong>,&#39;</strong></span> <span class='ocrx_word' id='word_1_441' title='bbox 1940 5329 2029 5384; x_wconf 87' lang='lat' dir='ltr'><strong>sed</strong></span> <span class='ocrx_word' id='word_1_442' title='bbox 2047 5331 2145 5396; x_wconf 79' lang='lat' dir='ltr'><strong>ait,</strong></span> 
     </span>
    </p>
   </div>
   <div class='ocr_carea' id='block_1_56' title="bbox 559 5419 2140 5491">
    <p class='ocr_par' dir='ltr' id='par_1_56' title="bbox 559 5419 2140 5491">
     <span class='ocr_line' id='line_1_56' title="bbox 559 5419 2140 5491; baseline 0.002 -19"><span class='ocrx_word' id='word_1_443' title='bbox 559 5439 579 5472; x_wconf 69' lang='grc' dir='ltr'><strong>ε</strong></span> <span class='ocrx_word' id='word_1_444' title='bbox 614 5419 968 5489; x_wconf 79' lang='lat' dir='ltr'><strong>Multiplicans</strong></span> <span class='ocrx_word' id='word_1_445' title='bbox 1003 5421 1349 5491; x_wconf 81' lang='lat' dir='ltr'><strong>multiplicabo</strong></span> <span class='ocrx_word' id='word_1_446' title='bbox 1373 5420 1604 5476; x_wconf 72' lang='lat' dir='ltr'><strong>tristitia:</strong></span> <span class='ocrx_word' id='word_1_447' title='bbox 1630 5431 1782 5487; x_wconf 83' lang='lat' dir='ltr'><strong>tuas;</strong></span> <span class='ocrx_word' id='word_1_448' title='bbox 1817 5439 1836 5474; x_wconf 73' lang='grc' dir='ltr'><strong><em>ι</em></strong></span> <span class='ocrx_word' id='word_1_449' title='bbox 1869 5421 2140 5477; x_wconf 83' lang='lat' dir='ltr'><strong>ostendunt</strong></span> 
     </span>
    </p>
   </div>
   <div class='ocr_carea' id='block_1_57' title="bbox 545 5512 2144 5588">
    <p class='ocr_par' dir='ltr' id='par_1_57' title="bbox 545 5512 2144 5588">
     <span class='ocr_line' id='line_1_57' title="bbox 545 5512 2144 5588; baseline 0.001 -20"><span class='ocrx_word' id='word_1_450' title='bbox 545 5513 674 5588; x_wconf 83' lang='lat' dir='ltr'><strong>quia</strong></span> <span class='ocrx_word' id='word_1_451' title='bbox 696 5514 808 5585; x_wconf 77' lang='lat' dir='ltr'><strong>jam</strong></span> <span class='ocrx_word' id='word_1_452' title='bbox 836 5521 946 5567; x_wconf 87' lang='lat' dir='ltr'><strong>erat</strong></span> <span class='ocrx_word' id='word_1_453' title='bbox 969 5513 1022 5567; x_wconf 90' lang='lat' dir='ltr'><strong>in</strong></span> <span class='ocrx_word' id='word_1_454' title='bbox 1047 5512 1272 5567; x_wconf 84' lang='lat' dir='ltr'><strong>naturali</strong></span> <span class='ocrx_word' id='word_1_455' title='bbox 1295 5513 1511 5580; x_wconf 82' lang='lat' dir='ltr'><strong>ratione,</strong></span> <span class='ocrx_word' id='word_1_456' title='bbox 1543 5512 1680 5578; x_wconf 87' lang='lat' dir='ltr'><strong>quod</strong></span> <span class='ocrx_word' id='word_1_457' title='bbox 1705 5529 1762 5568; x_wconf 88' lang='lat' dir='ltr'><strong>se</strong></span> <span class='ocrx_word' id='word_1_458' title='bbox 1784 5513 1837 5568; x_wconf 86' lang='lat' dir='ltr'><strong>in</strong></span> <span class='ocrx_word' id='word_1_459' title='bbox 1861 5513 2144 5585; x_wconf 83' lang='lat' dir='ltr'><strong>peccatrice</strong></span> 
     </span>
    </p>
   </div>
   <div class='ocr_carea' id='block_1_58' title="bbox 550 5603 2139 5676">
    <p class='ocr_par' dir='ltr' id='par_1_58' title="bbox 550 5603 2139 5676">
     <span class='ocr_line' id='line_1_58' title="bbox 550 5603 2139 5676; baseline -0.001 -16"><span class='ocrx_word' id='word_1_460' title='bbox 550 5621 768 5675; x_wconf 60' lang='lat' dir='ltr'><strong>persona</strong></span> <span class='ocrx_word' id='word_1_461' title='bbox 810 5620 913 5658; x_wconf 89' lang='lat' dir='ltr'><strong>non</strong></span> <span class='ocrx_word' id='word_1_462' title='bbox 953 5603 1201 5670; x_wconf 84' lang='lat' dir='ltr'><strong>condere,</strong></span> <span class='ocrx_word' id='word_1_463' title='bbox 1251 5603 1341 5658; x_wconf 87' lang='lat' dir='ltr'><strong>sed</strong></span> <span class='ocrx_word' id='word_1_464' title='bbox 1382 5603 1721 5674; x_wconf 86' lang='lat' dir='ltr'><strong>multiplicare</strong></span> <span class='ocrx_word' id='word_1_465' title='bbox 1767 5605 2012 5676; x_wconf 77' lang='lat' dir='ltr'><strong>promittit</strong></span> <span class='ocrx_word' id='word_1_466' title='bbox 2036 5619 2056 5659; x_wconf 90' lang='lat'><strong><em>:</em></strong></span> <span class='ocrx_word' id='word_1_467' title='bbox 2080 5611 2139 5660; x_wconf 88' lang='lat' dir='ltr'><strong>et</strong></span> 
     </span>
    </p>
   </div>
   <div class='ocr_carea' id='block_1_59' title="bbox 618 5762 2143 5836">
    <p class='ocr_par' dir='ltr' id='par_1_59' title="bbox 618 5762 2143 5836">
     <span class='ocr_line' id='line_1_59' title="bbox 618 5762 2143 5836; baseline 0.002 -24"><span class='ocrx_word' id='word_1_468' title='bbox 618 5763 822 5836; x_wconf 49' lang='lat' dir='ltr'><strong>{vetus</strong></span> <span class='ocrx_word' id='word_1_469' title='bbox 840 5763 997 5836; x_wconf 67' lang='lat' dir='ltr'><strong>codex</strong></span> <span class='ocrx_word' id='word_1_470' title='bbox 1016 5771 1149 5836; x_wconf 51' lang='lat' dir='ltr'><strong>stag,</strong></span> <span class='ocrx_word' id='word_1_471' title='bbox 1166 5762 1228 5818; x_wconf 85' lang='lat' dir='ltr'><strong>sit</strong></span> <span class='ocrx_word' id='word_1_472' title='bbox 1557 5776 1652 5818; x_wconf 88' lang='lat' dir='ltr'><strong>non</strong></span> <span class='ocrx_word' id='word_1_473' title='bbox 1668 5763 1945 5818; x_wconf 81' lang='lat' dir='ltr'><strong>dolentium.</strong></span> <span class='ocrx_word' id='word_1_474' title='bbox 1978 5762 2143 5816; x_wconf 82' lang='lat' dir='ltr'><strong>codex</strong></span> 
     </span>
    </p>
   </div>
   <div class='ocr_carea' id='block_1_60' title="bbox 553 5816 1582 5889">
    <p class='ocr_par' dir='ltr' id='par_1_60' title="bbox 553 5816 1582 5889">
     <span class='ocr_line' id='line_1_60' title="bbox 553 5816 1582 5889; baseline -0.001 -10"><span class='ocrx_word' id='word_1_475' title='bbox 553 5816 705 5889; x_wconf 54' lang='lat' dir='ltr'><strong>Pam,</strong></span> <span class='ocrx_word' id='word_1_476' title='bbox 727 5838 821 5879; x_wconf 81' lang='lat' dir='ltr'><strong>non</strong></span> <span class='ocrx_word' id='word_1_477' title='bbox 835 5823 899 5881; x_wconf 82' lang='lat' dir='ltr'><strong>sit</strong></span> <span class='ocrx_word' id='word_1_478' title='bbox 919 5816 1192 5880; x_wconf 56' lang='lat' dir='ltr'><strong>tamen</strong></span> <span class='ocrx_word' id='word_1_479' title='bbox 1207 5825 1281 5882; x_wconf 80' lang='lat' dir='ltr'><strong>vel</strong></span> <span class='ocrx_word' id='word_1_480' title='bbox 1301 5816 1582 5880; x_wconf 71' lang='lat' dir='ltr'><strong>dolentium.</strong></span> 
     </span>
    </p>
   </div>
   <div class='ocr_carea' id='block_1_61' title="bbox 1209 359 3135 432">
    <p class='ocr_par' dir='ltr' id='par_1_61' title="bbox 1209 359 3135 432">
     <span class='ocr_line' id='line_1_61' title="bbox 1209 359 3135 432; baseline -0.005 -3"><span class='ocrx_word' id='word_1_481' title='bbox 1209 367 1457 429; x_wconf 79' lang='lat' dir='ltr'><strong>OPERIS</strong></span> <span class='ocrx_word' id='word_1_482' title='bbox 1493 362 1911 426; x_wconf 69' lang='lat' dir='ltr'><strong>IMPERFECTI</strong></span> <span class='ocrx_word' id='word_1_483' title='bbox 1947 359 2220 420; x_wconf 75' lang='lat' dir='ltr'><strong>CONTRA</strong></span> <span class='ocrx_word' id='word_1_484' title='bbox 2258 359 2620 432; x_wconf 71' lang='lat' dir='ltr'><strong>JULIANUM,</strong></span> <span class='ocrx_word' id='word_1_485' title='bbox 2661 362 2719 421; x_wconf 87' lang='lat' dir='ltr'><strong>S.</strong></span> <span class='ocrx_word' id='word_1_486' title='bbox 2759 359 3135 422; x_wconf 74' lang='lat' dir='ltr'><strong>AUGUSTINI</strong></span> 
     </span>
    </p>
   </div>
   <div class='ocr_carea' id='block_1_62' title="bbox 2253 480 3866 556">
    <p class='ocr_par' dir='ltr' id='par_1_62' title="bbox 2253 480 3866 556">
     <span class='ocr_line' id='line_1_62' title="bbox 2253 480 3866 556; baseline 0.002 -19"><span class='ocrx_word' id='word_1_487' title='bbox 2253 480 2407 539; x_wconf 84' lang='lat' dir='ltr'><strong>addis</strong></span> <span class='ocrx_word' id='word_1_488' title='bbox 2426 522 2443 551; x_wconf 92' lang='lat'><strong>,</strong></span> <span class='ocrx_word' id='word_1_489' title='bbox 2472 483 2624 554; x_wconf 88' lang='lat' dir='ltr'><strong>quasi</strong></span> <span class='ocrx_word' id='word_1_490' title='bbox 2653 483 2979 540; x_wconf 87' lang='lat' dir='ltr'><strong>deﬁuitivam</strong></span> <span class='ocrx_word' id='word_1_491' title='bbox 3018 484 3432 556; x_wconf 82' lang='lat' dir='ltr'><strong>generalemque</strong></span> <span class='ocrx_word' id='word_1_492' title='bbox 3471 485 3809 541; x_wconf 77' lang='lat' dir='ltr'><strong>sententiam</strong></span> <span class='ocrx_word' id='word_1_493' title='bbox 3839 524 3866 552; x_wconf 88' lang='lat'><strong>,</strong></span> 
     </span>
    </p>
   </div>
   <div class='ocr_carea' id='block_1_63' title="bbox 2250 573 3860 649">
    <p class='ocr_par' dir='ltr' id='par_1_63' title="bbox 2250 573 3860 649">
     <span class='ocr_line' id='line_1_63' title="bbox 2250 573 3860 649; baseline 0.002 -20"><span class='ocrx_word' id='word_1_494' title='bbox 2250 573 2458 638; x_wconf 82' lang='lat' dir='ltr'><strong>dicens,</strong></span> <span class='ocrx_word' id='word_1_495' title='bbox 2489 573 2768 644; x_wconf 85' lang='lat' dir='ltr'><strong>Nunquam</strong></span> <span class='ocrx_word' id='word_1_496' title='bbox 2795 575 2982 649; x_wconf 82' lang='lat' dir='ltr'><strong>quippe</strong></span> <span class='ocrx_word' id='word_1_497' title='bbox 3008 575 3410 648; x_wconf 83' lang='lat' dir='ltr'><strong>multiplicantur</strong></span> <span class='ocrx_word' id='word_1_498' title='bbox 3436 578 3536 632; x_wconf 87' lang='lat' dir='ltr'><strong>nisi</strong></span> <span class='ocrx_word' id='word_1_499' title='bbox 3559 581 3860 640; x_wconf 69' lang='lat' dir='ltr'><strong>exstantia;</strong></span> 
     </span>
    </p>
   </div>
   <div class='ocr_carea' id='block_1_64' title="bbox 2249 669 3861 743">
    <p class='ocr_par' dir='ltr' id='par_1_64' title="bbox 2249 669 3861 743">
     <span class='ocr_line' id='line_1_64' title="bbox 2249 669 3861 743; baseline 0.001 -20"><span class='ocrx_word' id='word_1_500' title='bbox 2249 677 2483 724; x_wconf 68' lang='lat' dir='ltr'><strong>ueterum</strong></span> <span class='ocrx_word' id='word_1_501' title='bbox 2518 679 2788 742; x_wconf 84' lang='lat' dir='ltr'><strong>antequam</strong></span> <span class='ocrx_word' id='word_1_502' title='bbox 2818 670 2918 724; x_wconf 85' lang='lat' dir='ltr'><strong>sint</strong></span> <span class='ocrx_word' id='word_1_503' title='bbox 2938 709 2953 734; x_wconf 91' lang='lat'><strong>,</strong></span> <span class='ocrx_word' id='word_1_504' title='bbox 2997 669 3107 738; x_wconf 75' lang='lat' dir='ltr'><strong>ﬁeri</strong></span> <span class='ocrx_word' id='word_1_505' title='bbox 3149 669 3351 740; x_wconf 79' lang='lat' dir='ltr'><strong>quidem</strong></span> <span class='ocrx_word' id='word_1_506' title='bbox 3383 671 3587 740; x_wconf 82' lang='lat' dir='ltr'><strong>praprie</strong></span> <span class='ocrx_word' id='word_1_507' title='bbox 3605 711 3622 738; x_wconf 94' lang='lat'><strong>,</strong></span> <span class='ocrx_word' id='word_1_508' title='bbox 3668 672 3861 743; x_wconf 76' lang='lat' dir='ltr'><strong>augeri</strong></span> 
     </span>
    </p>
   </div>
   <div class='ocr_carea' id='block_1_65' title="bbox 2249 759 3861 831">
    <p class='ocr_par' dir='ltr' id='par_1_65' title="bbox 2249 759 3861 831">
     <span class='ocr_line' id='line_1_65' title="bbox 2249 759 3861 831; baseline 0.001 -16"><span class='ocrx_word' id='word_1_509' title='bbox 2249 773 2418 815; x_wconf 85' lang='lat' dir='ltr'><strong>autem</strong></span> <span class='ocrx_word' id='word_1_510' title='bbox 2473 775 2795 831; x_wconf 67' lang='lat' dir='ltr'><strong>praepropere</strong></span> <span class='ocrx_word' id='word_1_511' title='bbox 2831 770 3206 831; x_wconf 84' lang='lat' dir='ltr'><strong>nuncupantur.</strong></span> <span class='ocrx_word' id='word_1_512' title='bbox 3267 759 3366 816; x_wconf 88' lang='lat' dir='ltr'><strong>Ubi</strong></span> <span class='ocrx_word' id='word_1_513' title='bbox 3431 761 3660 831; x_wconf 89' lang='lat' dir='ltr'><strong>primum</strong></span> <span class='ocrx_word' id='word_1_514' title='bbox 3712 777 3742 814; x_wconf 88' lang='lat' dir='ltr'><strong>a</strong></span> <span class='ocrx_word' id='word_1_515' title='bbox 3798 769 3861 817; x_wconf 77' lang='lat' dir='ltr'><strong>te</strong></span> 
     </span>
    </p>
   </div>
   <div class='ocr_carea' id='block_1_66' title="bbox 2250 849 3859 921">
    <p class='ocr_par' dir='ltr' id='par_1_66' title="bbox 2250 849 3859 921">
     <span class='ocr_line' id='line_1_66' title="bbox 2250 849 3859 921; baseline 0.003 -20"><span class='ocrx_word' id='word_1_516' title='bbox 2250 865 2452 920; x_wconf 76' lang='lat' dir='ltr'><strong>qnzrro,</strong></span> <span class='ocrx_word' id='word_1_517' title='bbox 2496 849 2764 921; x_wconf 88' lang='lat' dir='ltr'><strong>quomodo</strong></span> <span class='ocrx_word' id='word_1_518' title='bbox 2803 850 2949 906; x_wconf 87' lang='lat' dir='ltr'><strong>dicas</strong></span> <span class='ocrx_word' id='word_1_519' title='bbox 2992 851 3208 906; x_wconf 90' lang='lat' dir='ltr'><strong>dolores</strong></span> <span class='ocrx_word' id='word_1_520' title='bbox 3255 850 3382 906; x_wconf 70' lang='lat' dir='ltr'><strong>Eva:</strong></span> <span class='ocrx_word' id='word_1_521' title='bbox 3421 853 3530 920; x_wconf 85' lang='lat' dir='ltr'><strong>jam</strong></span> <span class='ocrx_word' id='word_1_522' title='bbox 3571 861 3859 907; x_wconf 68' lang='lat' dir='ltr'><strong>exstantes</strong></span> 
     </span>
    </p>
   </div>
   <div class='ocr_carea' id='block_1_67' title="bbox 2253 941 3852 1014">
    <p class='ocr_par' dir='ltr' id='par_1_67' title="bbox 2253 941 3852 1014">
     <span class='ocr_line' id='line_1_67' title="bbox 2253 941 3852 1014; baseline 0.003 -18"><span class='ocrx_word' id='word_1_523' title='bbox 2253 941 2435 1010; x_wconf 89' lang='lat' dir='ltr'><strong>fuisse,</strong></span> <span class='ocrx_word' id='word_1_524' title='bbox 2466 957 2600 1014; x_wconf 89' lang='lat' dir='ltr'><strong>quos</strong></span> <span class='ocrx_word' id='word_1_525' title='bbox 2627 958 2876 1013; x_wconf 87' lang='lat' dir='ltr'><strong>perpessa</strong></span> <span class='ocrx_word' id='word_1_526' title='bbox 2908 957 3012 997; x_wconf 86' lang='lat' dir='ltr'><strong>non</strong></span> <span class='ocrx_word' id='word_1_527' title='bbox 3042 942 3216 998; x_wconf 90' lang='lat' dir='ltr'><strong>fuerat</strong></span> <span class='ocrx_word' id='word_1_528' title='bbox 3240 960 3254 995; x_wconf 92' lang='lat'><strong>:</strong></span> <span class='ocrx_word' id='word_1_529' title='bbox 3277 941 3567 1013; x_wconf 81' lang='lat' dir='ltr'><strong>quomodo,</strong></span> <span class='ocrx_word' id='word_1_530' title='bbox 3598 944 3852 1014; x_wconf 84' lang='lat' dir='ltr'><strong>inquam.</strong></span> 
     </span>
    </p>
   </div>
   <div class='ocr_carea' id='block_1_68' title="bbox 2247 1033 3855 1105">
    <p class='ocr_par' dir='ltr' id='par_1_68' title="bbox 2247 1033 3855 1105">
     <span class='ocr_line' id='line_1_68' title="bbox 2247 1033 3855 1105; baseline 0.002 -21"><span class='ocrx_word' id='word_1_531' title='bbox 2247 1034 2357 1102; x_wconf 88' lang='lat' dir='ltr'><strong>jam</strong></span> <span class='ocrx_word' id='word_1_532' title='bbox 2384 1033 2599 1088; x_wconf 83' lang='lat' dir='ltr'><strong>dolores</strong></span> <span class='ocrx_word' id='word_1_533' title='bbox 2625 1033 2874 1098; x_wconf 87' lang='lat' dir='ltr'><strong>habebat,</strong></span> <span class='ocrx_word' id='word_1_534' title='bbox 2905 1050 3025 1105; x_wconf 72' lang='lat' dir='ltr'><strong>qua:</strong></span> <span class='ocrx_word' id='word_1_535' title='bbox 3047 1033 3181 1090; x_wconf 85' lang='lat' dir='ltr'><strong>nihil</strong></span> <span class='ocrx_word' id='word_1_536' title='bbox 3208 1034 3460 1090; x_wconf 83' lang='lat' dir='ltr'><strong>dolebat?</strong></span> <span class='ocrx_word' id='word_1_537' title='bbox 3487 1035 3638 1103; x_wconf 84' lang='lat' dir='ltr'><strong>Quod</strong></span> <span class='ocrx_word' id='word_1_538' title='bbox 3665 1038 3712 1092; x_wconf 87' lang='lat' dir='ltr'><strong>si</strong></span> <span class='ocrx_word' id='word_1_539' title='bbox 3738 1051 3855 1090; x_wconf 88' lang='lat' dir='ltr'><strong>non</strong></span> 
     </span>
    </p>
   </div>
   <div class='ocr_carea' id='block_1_69' title="bbox 2251 1122 3858 1198">
    <p class='ocr_par' dir='ltr' id='par_1_69' title="bbox 2251 1122 3858 1198">
     <span class='ocr_line' id='line_1_69' title="bbox 2251 1122 3858 1198; baseline 0.002 -22"><span class='ocrx_word' id='word_1_540' title='bbox 2251 1122 2524 1177; x_wconf 83' lang='lat' dir='ltr'><strong>exstabant</strong></span> <span class='ocrx_word' id='word_1_541' title='bbox 2569 1124 2622 1178; x_wconf 90' lang='lat' dir='ltr'><strong>in</strong></span> <span class='ocrx_word' id='word_1_542' title='bbox 2649 1139 2714 1178; x_wconf 85' lang='lat' dir='ltr'><strong>ea</strong></span> <span class='ocrx_word' id='word_1_543' title='bbox 2740 1123 2953 1180; x_wconf 85' lang='lat' dir='ltr'><strong>dolores</strong></span> <span class='ocrx_word' id='word_1_544' title='bbox 2973 1165 2990 1192; x_wconf 95' lang='lat'><strong>,</strong></span> <span class='ocrx_word' id='word_1_545' title='bbox 3020 1125 3142 1196; x_wconf 90' lang='lat' dir='ltr'><strong>quia</strong></span> <span class='ocrx_word' id='word_1_546' title='bbox 3169 1140 3264 1181; x_wconf 92' lang='lat' dir='ltr'><strong>eos</strong></span> <span class='ocrx_word' id='word_1_547' title='bbox 3305 1140 3412 1180; x_wconf 94' lang='lat' dir='ltr'><strong>non</strong></span> <span class='ocrx_word' id='word_1_548' title='bbox 3453 1125 3684 1182; x_wconf 82' lang='lat' dir='ltr'><strong>habebat</strong></span> <span class='ocrx_word' id='word_1_549' title='bbox 3727 1142 3858 1198; x_wconf 69' lang='lat' dir='ltr'><strong>qua:</strong></span> 
     </span>
    </p>
   </div>
   <div class='ocr_carea' id='block_1_70' title="bbox 2252 1213 3854 1289">
    <p class='ocr_par' dir='ltr' id='par_1_70' title="bbox 2252 1213 3854 1289">
     <span class='ocr_line' id='line_1_70' title="bbox 2252 1213 3854 1289; baseline 0.003 -21"><span class='ocrx_word' id='word_1_550' title='bbox 2252 1229 2358 1268; x_wconf 89' lang='lat' dir='ltr'><strong>non</strong></span> <span class='ocrx_word' id='word_1_551' title='bbox 2400 1213 2653 1270; x_wconf 88' lang='lat' dir='ltr'><strong>dolebat:</strong></span> <span class='ocrx_word' id='word_1_552' title='bbox 2677 1223 2920 1286; x_wconf 87' lang='lat' dir='ltr'><strong>poterant</strong></span> <span class='ocrx_word' id='word_1_553' title='bbox 2962 1231 3092 1287; x_wconf 88' lang='lat' dir='ltr'><strong>ergo</strong></span> <span class='ocrx_word' id='word_1_554' title='bbox 3143 1218 3487 1288; x_wconf 85' lang='lat' dir='ltr'><strong>multiplicari</strong></span> <span class='ocrx_word' id='word_1_555' title='bbox 3518 1228 3572 1273; x_wconf 94' lang='lat' dir='ltr'><strong>et</strong></span> <span class='ocrx_word' id='word_1_556' title='bbox 3599 1219 3690 1289; x_wconf 90' lang='lat' dir='ltr'><strong>qui</strong></span> <span class='ocrx_word' id='word_1_557' title='bbox 3736 1235 3854 1273; x_wconf 91' lang='lat' dir='ltr'><strong>non</strong></span> 
     </span>
    </p>
   </div>
   <div class='ocr_carea' id='block_1_71' title="bbox 2251 1308 3856 1382">
    <p class='ocr_par' dir='ltr' id='par_1_71' title="bbox 2251 1308 3856 1382">
     <span class='ocr_line' id='line_1_71' title="bbox 2251 1308 3856 1382; baseline 0.002 -20"><span class='ocrx_word' id='word_1_558' title='bbox 2251 1315 2438 1373; x_wconf 84' lang='lat' dir='ltr'><strong>erant;</strong></span> <span class='ocrx_word' id='word_1_559' title='bbox 2464 1316 2520 1362; x_wconf 90' lang='lat' dir='ltr'><strong>et</strong></span> <span class='ocrx_word' id='word_1_560' title='bbox 2540 1317 2686 1365; x_wconf 90' lang='lat' dir='ltr'><strong>recte</strong></span> <span class='ocrx_word' id='word_1_561' title='bbox 2709 1308 2971 1380; x_wconf 89' lang='lat' dir='ltr'><strong>accipitur</strong></span> <span class='ocrx_word' id='word_1_562' title='bbox 2989 1308 3211 1375; x_wconf 90' lang='lat' dir='ltr'><strong>dictum,</strong></span> <span class='ocrx_word' id='word_1_563' title='bbox 3239 1310 3594 1382; x_wconf 75' lang='lat' dir='ltr'><strong>Multiplicabo</strong></span> <span class='ocrx_word' id='word_1_564' title='bbox 3617 1312 3856 1366; x_wconf 80' lang='lat' dir='ltr'><strong>tristinas</strong></span> 
     </span>
    </p>
   </div>
   <div class='ocr_carea' id='block_1_72' title="bbox 2251 1399 3854 1475">
    <p class='ocr_par' dir='ltr' id='par_1_72' title="bbox 2251 1399 3854 1475">
     <span class='ocr_line' id='line_1_72' title="bbox 2251 1399 3854 1475; baseline 0.004 -23"><span class='ocrx_word' id='word_1_565' title='bbox 2251 1409 2387 1468; x_wconf 85' lang='lat' dir='ltr'><strong>tuas,</strong></span> <span class='ocrx_word' id='word_1_566' title='bbox 2410 1399 2461 1454; x_wconf 91' lang='lat' dir='ltr'><strong>id</strong></span> <span class='ocrx_word' id='word_1_567' title='bbox 2490 1408 2593 1466; x_wconf 91' lang='lat' dir='ltr'><strong>est,</strong></span> <span class='ocrx_word' id='word_1_568' title='bbox 2614 1400 2807 1456; x_wconf 85' lang='lat' dir='ltr'><strong>multas</strong></span> <span class='ocrx_word' id='word_1_569' title='bbox 2829 1417 2922 1456; x_wconf 87' lang='lat' dir='ltr'><strong>eas</strong></span> <span class='ocrx_word' id='word_1_570' title='bbox 2941 1416 3062 1458; x_wconf 88' lang='lat' dir='ltr'><strong>esse</strong></span> <span class='ocrx_word' id='word_1_571' title='bbox 3087 1401 3314 1469; x_wconf 80' lang='lat' dir='ltr'><strong>faciam;</strong></span> <span class='ocrx_word' id='word_1_572' title='bbox 3341 1403 3483 1475; x_wconf 91' lang='lat' dir='ltr'><strong>quod</strong></span> <span class='ocrx_word' id='word_1_573' title='bbox 3503 1403 3616 1459; x_wconf 90' lang='lat' dir='ltr'><strong>ﬁeri</strong></span> <span class='ocrx_word' id='word_1_574' title='bbox 3637 1411 3854 1474; x_wconf 87' lang='lat' dir='ltr'><strong>potest,</strong></span> 
     </span>
    </p>
   </div>
   <div class='ocr_carea' id='block_1_73' title="bbox 2250 1491 3854 1564">
    <p class='ocr_par' dir='ltr' id='par_1_73' title="bbox 2250 1491 3854 1564">
     <span class='ocr_line' id='line_1_73' title="bbox 2250 1491 3854 1564; baseline 0.004 -20"><span class='ocrx_word' id='word_1_575' title='bbox 2250 1492 2365 1546; x_wconf 85' lang='lat' dir='ltr'><strong>sive</strong></span> <span class='ocrx_word' id='word_1_576' title='bbox 2391 1491 2590 1562; x_wconf 90' lang='lat' dir='ltr'><strong>aliquid</strong></span> <span class='ocrx_word' id='word_1_577' title='bbox 2618 1508 2736 1548; x_wconf 88' lang='lat' dir='ltr'><strong>esse</strong></span> <span class='ocrx_word' id='word_1_578' title='bbox 2761 1493 2872 1562; x_wconf 86' lang='lat' dir='ltr'><strong>jam</strong></span> <span class='ocrx_word' id='word_1_579' title='bbox 2892 1494 3140 1564; x_wconf 66' lang='lat' dir='ltr'><strong>coeperit,</strong></span> <span class='ocrx_word' id='word_1_580' title='bbox 3167 1494 3280 1550; x_wconf 87' lang='lat' dir='ltr'><strong>sive</strong></span> <span class='ocrx_word' id='word_1_581' title='bbox 3305 1510 3404 1550; x_wconf 90' lang='lat' dir='ltr'><strong>nec</strong></span> <span class='ocrx_word' id='word_1_582' title='bbox 3429 1496 3676 1564; x_wconf 66' lang='lat' dir='ltr'><strong>coeperit.</strong></span> <span class='ocrx_word' id='word_1_583' title='bbox 3707 1494 3854 1550; x_wconf 64' lang='lat' dir='ltr'><strong>Fruo</strong></span> 
     </span>
    </p>
   </div>
   <div class='ocr_carea' id='block_1_74' title="bbox 2250 1583 3856 1660">
    <p class='ocr_par' dir='ltr' id='par_1_74' title="bbox 2250 1583 3856 1660">
     <span class='ocr_line' id='line_1_74' title="bbox 2250 1583 3856 1660; baseline 0.002 -22"><span class='ocrx_word' id='word_1_584' title='bbox 2250 1592 2362 1638; x_wconf 88' lang='lat' dir='ltr'><strong>stra</strong></span> <span class='ocrx_word' id='word_1_585' title='bbox 2393 1583 2552 1654; x_wconf 88' lang='lat' dir='ltr'><strong>igitur</strong></span> <span class='ocrx_word' id='word_1_586' title='bbox 2578 1584 2793 1651; x_wconf 76' lang='lat' dir='ltr'><strong>dixisti,</strong></span> <span class='ocrx_word' id='word_1_587' title='bbox 2827 1585 3111 1657; x_wconf 84' lang='lat' dir='ltr'><strong>Nunquam</strong></span> <span class='ocrx_word' id='word_1_588' title='bbox 3148 1587 3284 1643; x_wconf 90' lang='lat' dir='ltr'><strong>enim</strong></span> <span class='ocrx_word' id='word_1_589' title='bbox 3311 1587 3721 1660; x_wconf 73' lang='lat' dir='ltr'><strong>multiplicantur</strong></span> <span class='ocrx_word' id='word_1_590' title='bbox 3747 1588 3856 1642; x_wconf 76' lang='lat' dir='ltr'><strong>nisi</strong></span> 
     </span>
    </p>
   </div>
   <div class='ocr_carea' id='block_1_75' title="bbox 2251 1675 3855 1748">
    <p class='ocr_par' dir='ltr' id='par_1_75' title="bbox 2251 1675 3855 1748">
     <span class='ocr_line' id='line_1_75' title="bbox 2251 1675 3855 1748; baseline 0.004 -21"><span class='ocrx_word' id='word_1_591' title='bbox 2251 1675 2689 1746; x_wconf 63' lang='lat' dir='ltr'><strong>exstantiuquia</strong></span> <span class='ocrx_word' id='word_1_592' title='bbox 2719 1691 2845 1732; x_wconf 90' lang='lat' dir='ltr'><strong>ecce</strong></span> <span class='ocrx_word' id='word_1_593' title='bbox 2891 1676 2944 1731; x_wconf 90' lang='lat' dir='ltr'><strong>in</strong></span> <span class='ocrx_word' id='word_1_594' title='bbox 2987 1676 3098 1732; x_wconf 85' lang='lat' dir='ltr'><strong>Eva</strong></span> <span class='ocrx_word' id='word_1_595' title='bbox 3139 1687 3263 1748; x_wconf 86' lang='lat' dir='ltr'><strong>post</strong></span> <span class='ocrx_word' id='word_1_596' title='bbox 3308 1687 3586 1748; x_wconf 88' lang='lat' dir='ltr'><strong>peccatum</strong></span> <span class='ocrx_word' id='word_1_597' title='bbox 3630 1678 3855 1734; x_wconf 82' lang='lat' dir='ltr'><strong>dolores</strong></span> 
     </span>
    </p>
   </div>
   <div class='ocr_carea' id='block_1_76' title="bbox 2251 1766 3855 1840">
    <p class='ocr_par' dir='ltr' id='par_1_76' title="bbox 2251 1766 3855 1840">
     <span class='ocr_line' id='line_1_76' title="bbox 2251 1766 3855 1840; baseline 0.003 -21"><span class='ocrx_word' id='word_1_598' title='bbox 2251 1774 2376 1820; x_wconf 93' lang='lat' dir='ltr'><strong>sunt</strong></span> <span class='ocrx_word' id='word_1_599' title='bbox 2394 1766 2750 1838; x_wconf 88' lang='lat' dir='ltr'><strong>multiplicati,</strong></span> <span class='ocrx_word' id='word_1_600' title='bbox 2779 1766 2870 1838; x_wconf 92' lang='lat' dir='ltr'><strong>qui</strong></span> <span class='ocrx_word' id='word_1_601' title='bbox 2895 1767 3204 1840; x_wconf 87' lang='lat' dir='ltr'><strong>priusquam</strong></span> <span class='ocrx_word' id='word_1_602' title='bbox 3231 1777 3528 1839; x_wconf 89' lang='lat' dir='ltr'><strong>peccasset,</strong></span> <span class='ocrx_word' id='word_1_603' title='bbox 3561 1785 3666 1824; x_wconf 93' lang='lat' dir='ltr'><strong>non</strong></span> <span class='ocrx_word' id='word_1_604' title='bbox 3690 1778 3855 1826; x_wconf 86' lang='lat' dir='ltr'><strong>erant</strong></span> 
     </span>
    </p>
   </div>
   <div class='ocr_carea' id='block_1_77' title="bbox 2253 1856 3853 1934">
    <p class='ocr_par' dir='ltr' id='par_1_77' title="bbox 2253 1856 3853 1934">
     <span class='ocr_line' id='line_1_77' title="bbox 2253 1856 3853 1934; baseline 0.004 -24"><span class='ocrx_word' id='word_1_605' title='bbox 2253 1857 2366 1912; x_wconf 89' lang='lat' dir='ltr'><strong>ulli.</strong></span> <span class='ocrx_word' id='word_1_606' title='bbox 2395 1858 2473 1912; x_wconf 83' lang='lat' dir='ltr'><strong>Ac</strong></span> <span class='ocrx_word' id='word_1_607' title='bbox 2511 1874 2607 1928; x_wconf 87' lang='lat' dir='ltr'><strong>per</strong></span> <span class='ocrx_word' id='word_1_608' title='bbox 2634 1856 2739 1914; x_wconf 91' lang='lat' dir='ltr'><strong>hoc</strong></span> <span class='ocrx_word' id='word_1_609' title='bbox 2759 1899 2781 1926; x_wconf 91' lang='lat'><strong>,</strong></span> <span class='ocrx_word' id='word_1_610' title='bbox 2803 1875 2910 1915; x_wconf 92' lang='lat' dir='ltr'><strong>non</strong></span> <span class='ocrx_word' id='word_1_611' title='bbox 2953 1859 3077 1916; x_wconf 91' lang='lat' dir='ltr'><strong>ideo</strong></span> <span class='ocrx_word' id='word_1_612' title='bbox 3116 1860 3250 1916; x_wconf 78' lang='lat' dir='ltr'><strong>dixit</strong></span> <span class='ocrx_word' id='word_1_613' title='bbox 3281 1861 3419 1917; x_wconf 89' lang='lat' dir='ltr'><strong>Deus</strong></span> <span class='ocrx_word' id='word_1_614' title='bbox 3442 1902 3459 1926; x_wconf 94' lang='lat'><strong>,</strong></span> <span class='ocrx_word' id='word_1_615' title='bbox 3488 1861 3853 1934; x_wconf 75' lang='lat' dir='ltr'><strong>Multiplicabo</strong></span> 
     </span>
    </p>
   </div>
   <div class='ocr_carea' id='block_1_78' title="bbox 2251 1949 3856 2025">
    <p class='ocr_par' dir='ltr' id='par_1_78' title="bbox 2251 1949 3856 2025">
     <span class='ocr_line' id='line_1_78' title="bbox 2251 1949 3856 2025; baseline 0.004 -23"><span class='ocrx_word' id='word_1_616' title='bbox 2251 1949 2482 2004; x_wconf 82' lang='lat' dir='ltr'><strong>tristitias</strong></span> <span class='ocrx_word' id='word_1_617' title='bbox 2512 1959 2648 2018; x_wconf 86' lang='lat' dir='ltr'><strong>tuas,</strong></span> <span class='ocrx_word' id='word_1_618' title='bbox 2678 1951 2800 2021; x_wconf 85' lang='lat' dir='ltr'><strong>quia</strong></span> <span class='ocrx_word' id='word_1_619' title='bbox 2830 1950 3060 2007; x_wconf 65' lang='lat' dir='ltr'><strong>tristitia:</strong></span> <span class='ocrx_word' id='word_1_620' title='bbox 3090 1952 3143 2007; x_wconf 90' lang='lat' dir='ltr'><strong>in</strong></span> <span class='ocrx_word' id='word_1_621' title='bbox 3173 1952 3265 2007; x_wconf 88' lang='lat' dir='ltr'><strong>illa</strong></span> <span class='ocrx_word' id='word_1_622' title='bbox 3287 1967 3409 2008; x_wconf 87' lang='lat' dir='ltr'><strong>esse</strong></span> <span class='ocrx_word' id='word_1_623' title='bbox 3434 1953 3544 2023; x_wconf 73' lang='lat' dir='ltr'><strong>iam</strong></span> <span class='ocrx_word' id='word_1_624' title='bbox 3566 1963 3856 2025; x_wconf 64' lang='lat' dir='ltr'><strong>coeperant</strong></span> 
     </span>
    </p>
   </div>
   <div class='ocr_carea' id='block_1_79' title="bbox 2252 2039 3855 2115">
    <p class='ocr_par' dir='ltr' id='par_1_79' title="bbox 2252 2039 3855 2115">
     <span class='ocr_line' id='line_1_79' title="bbox 2252 2039 3855 2115; baseline 0.002 -23"><span class='ocrx_word' id='word_1_625' title='bbox 2252 2039 2480 2110; x_wconf 65' lang='lat' dir='ltr'><strong>aliquae;</strong></span> <span class='ocrx_word' id='word_1_626' title='bbox 2508 2040 2601 2097; x_wconf 86' lang='lat' dir='ltr'><strong>sed</strong></span> <span class='ocrx_word' id='word_1_627' title='bbox 2631 2041 2755 2111; x_wconf 89' lang='lat' dir='ltr'><strong>quia</strong></span> <span class='ocrx_word' id='word_1_628' title='bbox 2797 2043 3118 2112; x_wconf 89' lang='lat' dir='ltr'><strong>multiplices</strong></span> <span class='ocrx_word' id='word_1_629' title='bbox 3159 2053 3316 2098; x_wconf 90' lang='lat' dir='ltr'><strong>erant</strong></span> <span class='ocrx_word' id='word_1_630' title='bbox 3350 2043 3579 2110; x_wconf 64' lang='lat' dir='ltr'><strong>futurae,</strong></span> <span class='ocrx_word' id='word_1_631' title='bbox 3631 2060 3697 2100; x_wconf 80' lang='lat' dir='ltr'><strong>ex</strong></span> <span class='ocrx_word' id='word_1_632' title='bbox 3736 2059 3855 2115; x_wconf 88' lang='lat' dir='ltr'><strong>quo</strong></span> 
     </span>
    </p>
   </div>
   <div class='ocr_carea' id='block_1_80' title="bbox 2253 2129 3852 2205">
    <p class='ocr_par' dir='ltr' id='par_1_80' title="bbox 2253 2129 3852 2205">
     <span class='ocr_line' id='line_1_80' title="bbox 2253 2129 3852 2205; baseline 0.003 -21"><span class='ocrx_word' id='word_1_633' title='bbox 2253 2129 2549 2200; x_wconf 87' lang='lat' dir='ltr'><strong>inciperent</strong></span> <span class='ocrx_word' id='word_1_634' title='bbox 2573 2146 2716 2187; x_wconf 86' lang='lat' dir='ltr'><strong>esse.</strong></span> <span class='ocrx_word' id='word_1_635' title='bbox 2746 2131 2852 2188; x_wconf 87' lang='lat' dir='ltr'><strong>Sed</strong></span> <span class='ocrx_word' id='word_1_636' title='bbox 2875 2142 3040 2198; x_wconf 89' lang='lat' dir='ltr'><strong>erant,</strong></span> <span class='ocrx_word' id='word_1_637' title='bbox 3071 2133 3269 2205; x_wconf 87' lang='lat' dir='ltr'><strong>inquis,</strong></span> <span class='ocrx_word' id='word_1_638' title='bbox 3295 2134 3351 2188; x_wconf 85' lang='lat' dir='ltr'><strong>in-</strong></span> <span class='ocrx_word' id='word_1_639' title='bbox 3373 2135 3599 2188; x_wconf 86' lang='lat' dir='ltr'><strong>naturali</strong></span> <span class='ocrx_word' id='word_1_640' title='bbox 3622 2135 3852 2189; x_wconf 83' lang='lat' dir='ltr'><strong>ratione.</strong></span> 
     </span>
    </p>
   </div>
   <div class='ocr_carea' id='block_1_81' title="bbox 2249 2221 3852 2297">
    <p class='ocr_par' dir='ltr' id='par_1_81' title="bbox 2249 2221 3852 2297">
     <span class='ocr_line' id='line_1_81' title="bbox 2249 2221 3852 2297; baseline 0.003 -19"><span class='ocrx_word' id='word_1_641' title='bbox 2249 2221 2306 2278; x_wconf 90' lang='lat' dir='ltr'><strong>Si</strong></span> <span class='ocrx_word' id='word_1_642' title='bbox 2331 2237 2460 2294; x_wconf 88' lang='lat' dir='ltr'><strong>ergo</strong></span> <span class='ocrx_word' id='word_1_643' title='bbox 2489 2223 2544 2278; x_wconf 87' lang='lat' dir='ltr'><strong>in</strong></span> <span class='ocrx_word' id='word_1_644' title='bbox 2567 2223 2792 2279; x_wconf 89' lang='lat' dir='ltr'><strong>naturali</strong></span> <span class='ocrx_word' id='word_1_645' title='bbox 2817 2225 3023 2280; x_wconf 89' lang='lat' dir='ltr'><strong>ratione</strong></span> <span class='ocrx_word' id='word_1_646' title='bbox 3043 2225 3155 2295; x_wconf 88' lang='lat' dir='ltr'><strong>jam</strong></span> <span class='ocrx_word' id='word_1_647' title='bbox 3181 2235 3309 2281; x_wconf 84' lang='lat' dir='ltr'><strong>sunt</strong></span> <span class='ocrx_word' id='word_1_648' title='bbox 3347 2225 3511 2282; x_wconf 89' lang='lat' dir='ltr'><strong>etiam</strong></span> <span class='ocrx_word' id='word_1_649' title='bbox 3539 2241 3661 2297; x_wconf 71' lang='lat' dir='ltr'><strong>qua:</strong></span> <span class='ocrx_word' id='word_1_650' title='bbox 3702 2242 3852 2283; x_wconf 84' lang='lat' dir='ltr'><strong>non-</strong></span> 
     </span>
    </p>
   </div>
   <div class='ocr_carea' id='block_1_82' title="bbox 2249 2315 3858 2390">
    <p class='ocr_par' dir='ltr' id='par_1_82' title="bbox 2249 2315 3858 2390">
     <span class='ocr_line' id='line_1_82' title="bbox 2249 2315 3858 2390; baseline 0.002 -18"><span class='ocrx_word' id='word_1_651' title='bbox 2249 2315 2377 2372; x_wconf 91' lang='lat' dir='ltr'><strong>dum</strong></span> <span class='ocrx_word' id='word_1_652' title='bbox 2403 2327 2522 2373; x_wconf 85' lang='lat' dir='ltr'><strong>orta</strong></span> <span class='ocrx_word' id='word_1_653' title='bbox 2545 2325 2691 2384; x_wconf 88' lang='lat' dir='ltr'><strong>sunt,</strong></span> <span class='ocrx_word' id='word_1_654' title='bbox 2717 2316 2845 2388; x_wconf 89' lang='lat' dir='ltr'><strong>quid</strong></span> <span class='ocrx_word' id='word_1_655' title='bbox 2872 2325 2925 2374; x_wconf 90' lang='lat' dir='ltr'><strong>te</strong></span> <span class='ocrx_word' id='word_1_656' title='bbox 2950 2317 3168 2388; x_wconf 83' lang='lat' dir='ltr'><strong>adjuvat</strong></span> <span class='ocrx_word' id='word_1_657' title='bbox 3192 2318 3337 2390; x_wconf 85' lang='lat' dir='ltr'><strong>quod</strong></span> <span class='ocrx_word' id='word_1_658' title='bbox 3365 2318 3486 2374; x_wconf 92' lang='lat' dir='ltr'><strong>aisti</strong></span> <span class='ocrx_word' id='word_1_659' title='bbox 3505 2359 3523 2386; x_wconf 96' lang='lat'><strong>,</strong></span> <span class='ocrx_word' id='word_1_660' title='bbox 3564 2317 3858 2390; x_wconf 77' lang='lat' dir='ltr'><strong>PrOpterea</strong></span> 
     </span>
    </p>
   </div>
   <div class='ocr_carea' id='block_1_83' title="bbox 2253 2407 3858 2475">
    <p class='ocr_par' dir='ltr' id='par_1_83' title="bbox 2253 2407 3858 2475">
     <span class='ocr_line' id='line_1_83' title="bbox 2253 2407 3858 2475; baseline 0.002 -13"><span class='ocrx_word' id='word_1_661' title='bbox 2253 2407 2416 2463; x_wconf 86' lang='lat' dir='ltr'><strong>Deum</strong></span> <span class='ocrx_word' id='word_1_662' title='bbox 2443 2424 2542 2464; x_wconf 87' lang='lat' dir='ltr'><strong>non</strong></span> <span class='ocrx_word' id='word_1_663' title='bbox 2566 2408 2771 2475; x_wconf 71' lang='lat' dir='ltr'><strong>dixisse,</strong></span> <span class='ocrx_word' id='word_1_664' title='bbox 2805 2407 3044 2464; x_wconf 83' lang='lat' dir='ltr'><strong>Orieutur</strong></span> <span class='ocrx_word' id='word_1_665' title='bbox 3067 2411 3121 2464; x_wconf 86' lang='lat' dir='ltr'><strong>in</strong></span> <span class='ocrx_word' id='word_1_666' title='bbox 3150 2419 3199 2464; x_wconf 90' lang='lat' dir='ltr'><strong>te</strong></span> <span class='ocrx_word' id='word_1_667' title='bbox 3225 2408 3464 2475; x_wconf 84' lang='lat' dir='ltr'><strong>dolores;</strong></span> <span class='ocrx_word' id='word_1_668' title='bbox 3488 2409 3637 2464; x_wconf 65' lang='lat' dir='ltr'><strong>sed-1.</strong></span> <span class='ocrx_word' id='word_1_669' title='bbox 3660 2407 3858 2465; x_wconf 52' lang='lat' dir='ltr'><strong>Mihin</strong></span> 
     </span>
    </p>
   </div>
   <div class='ocr_carea' id='block_1_84' title="bbox 2249 2498 3851 2573">
    <p class='ocr_par' dir='ltr' id='par_1_84' title="bbox 2249 2498 3851 2573">
     <span class='ocr_line' id='line_1_84' title="bbox 2249 2498 3851 2573; baseline 0.001 -18"><span class='ocrx_word' id='word_1_670' title='bbox 2249 2500 2448 2573; x_wconf 83' lang='lat' dir='ltr'><strong>plicabo</strong></span> <span class='ocrx_word' id='word_1_671' title='bbox 2490 2498 2694 2556; x_wconf 83' lang='lat' dir='ltr'><strong>dolores</strong></span> <span class='ocrx_word' id='word_1_672' title='bbox 2735 2508 2870 2568; x_wconf 87' lang='lat' dir='ltr'><strong>tuos,</strong></span> <span class='ocrx_word' id='word_1_673' title='bbox 2905 2518 2926 2554; x_wconf 70' lang='grc' dir='ltr'>ι</span> <span class='ocrx_word' id='word_1_674' title='bbox 2955 2500 3075 2572; x_wconf 84' lang='lat' dir='ltr'><strong>quia</strong></span> <span class='ocrx_word' id='word_1_675' title='bbox 3092 2501 3210 2572; x_wconf 87' lang='lat' dir='ltr'><strong>jam</strong></span> <span class='ocrx_word' id='word_1_676' title='bbox 3233 2510 3377 2556; x_wconf 85' lang='lat' dir='ltr'><strong>erant</strong></span> <span class='ocrx_word' id='word_1_677' title='bbox 3415 2503 3470 2555; x_wconf 89' lang='lat' dir='ltr'><strong>in</strong></span> <span class='ocrx_word' id='word_1_678' title='bbox 3498 2501 3726 2556; x_wconf 87' lang='lat' dir='ltr'><strong>naturali.</strong></span> <span class='ocrx_word' id='word_1_679' title='bbox 3757 2518 3851 2556; x_wconf 79' lang='lat' dir='ltr'><strong>ra-</strong></span> 
     </span>
    </p>
   </div>
   <div class='ocr_carea' id='block_1_85' title="bbox 2249 2591 3847 2663">
    <p class='ocr_par' dir='ltr' id='par_1_85' title="bbox 2249 2591 3847 2663">
     <span class='ocr_line' id='line_1_85' title="bbox 2249 2591 3847 2663; baseline 0.001 -16"><span class='ocrx_word' id='word_1_680' title='bbox 2249 2593 2424 2648; x_wconf 79' lang='lat' dir='ltr'><strong>tione?</strong></span> <span class='ocrx_word' id='word_1_681' title='bbox 2451 2591 2827 2663; x_wconf 78' lang='lat' dir='ltr'><strong>Respondetur</strong></span> <span class='ocrx_word' id='word_1_682' title='bbox 2864 2592 3007 2648; x_wconf 92' lang='lat' dir='ltr'><strong>enim</strong></span> <span class='ocrx_word' id='word_1_683' title='bbox 3040 2592 3134 2648; x_wconf 91' lang='lat' dir='ltr'><strong>tibi</strong></span> <span class='ocrx_word' id='word_1_684' title='bbox 3159 2610 3173 2647; x_wconf 89' lang='lat'><strong>:</strong></span> <span class='ocrx_word' id='word_1_685' title='bbox 3196 2591 3376 2648; x_wconf 87' lang='lat' dir='ltr'><strong>Potuit</strong></span> <span class='ocrx_word' id='word_1_686' title='bbox 3417 2591 3617 2658; x_wconf 89' lang='lat' dir='ltr'><strong>dicere,</strong></span> <span class='ocrx_word' id='word_1_687' title='bbox 3647 2592 3847 2648; x_wconf 88' lang='lat' dir='ltr'><strong>Orien-</strong></span> 
     </span>
    </p>
   </div>
   <div class='ocr_carea' id='block_1_86' title="bbox 2252 2683 3849 2755">
    <p class='ocr_par' dir='ltr' id='par_1_86' title="bbox 2252 2683 3849 2755">
     <span class='ocr_line' id='line_1_86' title="bbox 2252 2683 3849 2755; baseline 0.001 -16"><span class='ocrx_word' id='word_1_688' title='bbox 2252 2692 2338 2739; x_wconf 91' lang='lat' dir='ltr'><strong>tur</strong></span> <span class='ocrx_word' id='word_1_689' title='bbox 2357 2684 2411 2739; x_wconf 92' lang='lat' dir='ltr'><strong>in</strong></span> <span class='ocrx_word' id='word_1_690' title='bbox 2441 2692 2526 2749; x_wconf 91' lang='lat' dir='ltr'><strong>te;</strong></span> <span class='ocrx_word' id='word_1_691' title='bbox 2548 2684 2672 2755; x_wconf 89' lang='lat' dir='ltr'><strong>quia</strong></span> <span class='ocrx_word' id='word_1_692' title='bbox 2693 2699 2787 2740; x_wconf 92' lang='lat' dir='ltr'><strong>eos</strong></span> <span class='ocrx_word' id='word_1_693' title='bbox 2805 2691 2922 2739; x_wconf 89' lang='lat' dir='ltr'><strong>erat</strong></span> <span class='ocrx_word' id='word_1_694' title='bbox 2941 2683 3409 2754; x_wconf 87' lang='lat' dir='ltr'><strong>multiplicaturus,</strong></span> <span class='ocrx_word' id='word_1_695' title='bbox 3437 2684 3528 2755; x_wconf 92' lang='lat' dir='ltr'><strong>qui</strong></span> <span class='ocrx_word' id='word_1_696' title='bbox 3553 2687 3607 2740; x_wconf 89' lang='lat' dir='ltr'><strong>in</strong></span> <span class='ocrx_word' id='word_1_697' title='bbox 3635 2683 3849 2740; x_wconf 83' lang='lat' dir='ltr'><strong>ratione</strong></span> 
     </span>
    </p>
   </div>
   <div class='ocr_carea' id='block_1_87' title="bbox 2252 2775 3852 2848">
    <p class='ocr_par' dir='ltr' id='par_1_87' title="bbox 2252 2775 3852 2848">
     <span class='ocr_line' id='line_1_87' title="bbox 2252 2775 3852 2848; baseline 0.003 -18"><span class='ocrx_word' id='word_1_698' title='bbox 2252 2775 2478 2832; x_wconf 91' lang='lat' dir='ltr'><strong>naturali</strong></span> <span class='ocrx_word' id='word_1_699' title='bbox 2499 2775 2613 2847; x_wconf 88' lang='lat' dir='ltr'><strong>jam</strong></span> <span class='ocrx_word' id='word_1_700' title='bbox 2650 2785 2837 2844; x_wconf 91' lang='lat' dir='ltr'><strong>crant,</strong></span> <span class='ocrx_word' id='word_1_701' title='bbox 2865 2792 2973 2832; x_wconf 91' lang='lat' dir='ltr'><strong>non</strong></span> <span class='ocrx_word' id='word_1_702' title='bbox 3001 2776 3092 2848; x_wconf 88' lang='lat' dir='ltr'><strong>qui</strong></span> <span class='ocrx_word' id='word_1_703' title='bbox 3121 2776 3234 2848; x_wconf 85' lang='lat' dir='ltr'><strong>jam</strong></span> <span class='ocrx_word' id='word_1_704' title='bbox 3263 2777 3367 2833; x_wconf 92' lang='lat' dir='ltr'><strong>orti</strong></span> <span class='ocrx_word' id='word_1_705' title='bbox 3391 2785 3565 2834; x_wconf 87' lang='lat' dir='ltr'><strong>erant.</strong></span> <span class='ocrx_word' id='word_1_706' title='bbox 3597 2778 3680 2832; x_wconf 83' lang='lat' dir='ltr'><strong>An</strong></span> <span class='ocrx_word' id='word_1_707' title='bbox 3708 2775 3852 2834; x_wconf 82' lang='lat' dir='ltr'><strong>farto</strong></span> 
     </span>
    </p>
   </div>
   <div class='ocr_carea' id='block_1_88' title="bbox 2249 2867 3852 2940">
    <p class='ocr_par' dir='ltr' id='par_1_88' title="bbox 2249 2867 3852 2940">
     <span class='ocr_line' id='line_1_88' title="bbox 2249 2867 3852 2940; baseline 0.001 -16"><span class='ocrx_word' id='word_1_708' title='bbox 2249 2867 2490 2924; x_wconf 88' lang='lat' dir='ltr'><strong>dicturus</strong></span> <span class='ocrx_word' id='word_1_709' title='bbox 2517 2883 2600 2935; x_wconf 88' lang='lat' dir='ltr'><strong>es,</strong></span> <span class='ocrx_word' id='word_1_710' title='bbox 2628 2867 2748 2924; x_wconf 82' lang='lat' dir='ltr'><strong>Jam</strong></span> <span class='ocrx_word' id='word_1_711' title='bbox 2773 2882 2997 2940; x_wconf 86' lang='lat' dir='ltr'><strong>prorsus</strong></span> <span class='ocrx_word' id='word_1_712' title='bbox 3021 2868 3129 2925; x_wconf 90' lang='lat' dir='ltr'><strong>orti</strong></span> <span class='ocrx_word' id='word_1_713' title='bbox 3173 2880 3330 2926; x_wconf 89' lang='lat' dir='ltr'><strong>erant</strong></span> <span class='ocrx_word' id='word_1_714' title='bbox 3371 2869 3426 2925; x_wconf 90' lang='lat' dir='ltr'><strong>in</strong></span> <span class='ocrx_word' id='word_1_715' title='bbox 3453 2870 3569 2940; x_wconf 87' lang='lat' dir='ltr'><strong>ipsa</strong></span> <span class='ocrx_word' id='word_1_716' title='bbox 3612 2870 3852 2925; x_wconf 72' lang='lat' dir='ltr'><strong>naturali</strong></span> 
     </span>
    </p>
   </div>
   <div class='ocr_carea' id='block_1_89' title="bbox 2251 2958 3848 3030">
    <p class='ocr_par' dir='ltr' id='par_1_89' title="bbox 2251 2958 3848 3030">
     <span class='ocr_line' id='line_1_89' title="bbox 2251 2958 3848 3030; baseline 0.001 -15"><span class='ocrx_word' id='word_1_717' title='bbox 2251 2960 2495 3016; x_wconf 81' lang='lat' dir='ltr'><strong>ratione?</strong></span> <span class='ocrx_word' id='word_1_718' title='bbox 2520 2960 2734 3027; x_wconf 84' lang='lat' dir='ltr'><strong>Quanto</strong></span> <span class='ocrx_word' id='word_1_719' title='bbox 2767 2959 2930 3030; x_wconf 89' lang='lat' dir='ltr'><strong>igitur</strong></span> <span class='ocrx_word' id='word_1_720' title='bbox 2956 2958 3292 3016; x_wconf 88' lang='lat' dir='ltr'><strong>manifestius</strong></span> <span class='ocrx_word' id='word_1_721' title='bbox 3321 2968 3377 3015; x_wconf 88' lang='lat' dir='ltr'><strong>et</strong></span> <span class='ocrx_word' id='word_1_722' title='bbox 3417 2959 3733 3030; x_wconf 86' lang='lat' dir='ltr'><strong>acceptione</strong></span> <span class='ocrx_word' id='word_1_723' title='bbox 3759 2959 3848 3017; x_wconf 73' lang='lat' dir='ltr'><strong>di-</strong></span> 
     </span>
    </p>
   </div>
   <div class='ocr_carea' id='block_1_90' title="bbox 2248 3041 3847 3122">
    <p class='ocr_par' dir='ltr' id='par_1_90' title="bbox 2248 3041 3847 3122">
     <span class='ocr_line' id='line_1_90' title="bbox 2248 3041 3847 3122; baseline 0 -18"><span class='ocrx_word' id='word_1_724' title='bbox 2248 3053 2405 3122; x_wconf 87' lang='lat' dir='ltr'><strong>gnius</strong></span> <span class='ocrx_word' id='word_1_725' title='bbox 2430 3051 2522 3107; x_wconf 90' lang='lat' dir='ltr'><strong>tibi</strong></span> <span class='ocrx_word' id='word_1_726' title='bbox 2547 3041 2760 3115; x_wconf 70' lang='lat' dir='ltr'><strong>dicitur,</strong></span> <span class='ocrx_word' id='word_1_727' title='bbox 2787 3050 2906 3106; x_wconf 77' lang='lat' dir='ltr'><strong>lam</strong></span> <span class='ocrx_word' id='word_1_728' title='bbox 2935 3058 3091 3106; x_wconf 84' lang='lat' dir='ltr'><strong>erant</strong></span> <span class='ocrx_word' id='word_1_729' title='bbox 3124 3048 3219 3107; x_wconf 80' lang='lat' dir='ltr'><strong>ﬁlii</strong></span> <span class='ocrx_word' id='word_1_730' title='bbox 3250 3049 3422 3106; x_wconf 81' lang='lat' dir='ltr'><strong>Adam</strong></span> <span class='ocrx_word' id='word_1_731' title='bbox 3451 3050 3503 3106; x_wconf 92' lang='lat' dir='ltr'><strong>in</strong></span> <span class='ocrx_word' id='word_1_732' title='bbox 3528 3049 3700 3105; x_wconf 75' lang='lat' dir='ltr'><strong>Adam</strong></span> <span class='ocrx_word' id='word_1_733' title='bbox 3741 3065 3847 3105; x_wconf 82' lang='lat' dir='ltr'><strong>na-</strong></span> 
     </span>
    </p>
   </div>
   <div class='ocr_carea' id='block_1_91' title="bbox 2253 3140 3850 3220">
    <p class='ocr_par' dir='ltr' id='par_1_91' title="bbox 2253 3140 3850 3220">
     <span class='ocr_line' id='line_1_91' title="bbox 2253 3140 3850 3220; baseline 0.001 -24"><span class='ocrx_word' id='word_1_734' title='bbox 2253 3141 2410 3197; x_wconf 87' lang='lat' dir='ltr'><strong>turali</strong></span> <span class='ocrx_word' id='word_1_735' title='bbox 2438 3141 2642 3198; x_wconf 89' lang='lat' dir='ltr'><strong>ratione</strong></span> <span class='ocrx_word' id='word_1_736' title='bbox 2660 3182 2676 3209; x_wconf 95' lang='lat'><strong>,</strong></span> <span class='ocrx_word' id='word_1_737' title='bbox 2702 3140 2916 3213; x_wconf 91' lang='lat' dir='ltr'><strong>quando</strong></span> <span class='ocrx_word' id='word_1_738' title='bbox 2938 3181 2956 3208; x_wconf 97' lang='lat'><strong>,</strong></span> <span class='ocrx_word' id='word_1_739' title='bbox 2987 3141 3124 3197; x_wconf 88' lang='lat' dir='ltr'><strong>sicut</strong></span> <span class='ocrx_word' id='word_1_740' title='bbox 3153 3141 3228 3197; x_wconf 90' lang='lat' dir='ltr'><strong>ait</strong></span> <span class='ocrx_word' id='word_1_741' title='bbox 3266 3140 3452 3198; x_wconf 87' lang='lat' dir='ltr'><strong>beatus</strong></span> <span class='ocrx_word' id='word_1_742' title='bbox 3474 3140 3710 3220; x_wconf 81' lang='lat' dir='ltr'><strong>Joannes</strong></span> <span class='ocrx_word' id='word_1_743' title='bbox 3731 3142 3850 3212; x_wconf 80' lang='lat' dir='ltr'><strong>epi-</strong></span> 
     </span>
    </p>
   </div>
   <div class='ocr_carea' id='block_1_92' title="bbox 2250 3232 3846 3305">
    <p class='ocr_par' dir='ltr' id='par_1_92' title="bbox 2250 3232 3846 3305">
     <span class='ocr_line' id='line_1_92' title="bbox 2250 3232 3846 3305; baseline 0 -17"><span class='ocrx_word' id='word_1_744' title='bbox 2250 3249 2465 3304; x_wconf 91' lang='lat' dir='ltr'><strong>scopus,</strong></span> <span class='ocrx_word' id='word_1_745' title='bbox 2491 3232 2623 3290; x_wconf 85' lang='lat' dir='ltr'><strong>illud</strong></span> <span class='ocrx_word' id='word_1_746' title='bbox 2641 3241 2905 3304; x_wconf 81' lang='lat' dir='ltr'><strong>peccatum</strong></span> <span class='ocrx_word' id='word_1_747' title='bbox 2929 3233 3125 3305; x_wconf 83' lang='lat' dir='ltr'><strong>grande</strong></span> <span class='ocrx_word' id='word_1_748' title='bbox 3142 3233 3410 3301; x_wconf 80' lang='lat' dir='ltr'><strong>commisit,</strong></span> <span class='ocrx_word' id='word_1_749' title='bbox 3439 3243 3487 3288; x_wconf 87' lang='lat' dir='ltr'><strong>et</strong></span> <span class='ocrx_word' id='word_1_750' title='bbox 3511 3250 3656 3288; x_wconf 85' lang='lat' dir='ltr'><strong>omne</strong></span> <span class='ocrx_word' id='word_1_751' title='bbox 3675 3233 3846 3288; x_wconf 79' lang='lat' dir='ltr'><strong>homi-</strong></span> 
     </span>
    </p>
   </div>
   <div class='ocr_carea' id='block_1_93' title="bbox 2251 3321 3844 3395">
    <p class='ocr_par' dir='ltr' id='par_1_93' title="bbox 2251 3321 3844 3395">
     <span class='ocr_line' id='line_1_93' title="bbox 2251 3321 3844 3395; baseline -0.001 -17"><span class='ocrx_word' id='word_1_752' title='bbox 2251 3340 2373 3378; x_wconf 88' lang='lat' dir='ltr'><strong>num</strong></span> <span class='ocrx_word' id='word_1_753' title='bbox 2401 3339 2563 3395; x_wconf 80' lang='lat' dir='ltr'><strong>genus</strong></span> <span class='ocrx_word' id='word_1_754' title='bbox 2586 3323 2639 3377; x_wconf 90' lang='lat' dir='ltr'><strong>in</strong></span> <span class='ocrx_word' id='word_1_755' title='bbox 2668 3339 2933 3378; x_wconf 86' lang='lat' dir='ltr'><strong>commune</strong></span> <span class='ocrx_word' id='word_1_756' title='bbox 2956 3322 3214 3378; x_wconf 77' lang='lat' dir='ltr'><strong>damnavit</strong></span> <span class='ocrx_word' id='word_1_757' title='bbox 3247 3321 3529 3395; x_wconf 79' lang='lat' dir='ltr'><strong>(Cltrysost.</strong></span> <span class='ocrx_word' id='word_1_758' title='bbox 3559 3324 3613 3378; x_wconf 90' lang='lat' dir='ltr'><strong>in</strong></span> <span class='ocrx_word' id='word_1_759' title='bbox 3641 3321 3844 3377; x_wconf 83' lang='lat' dir='ltr'><strong>Homil.</strong></span> 
     </span>
    </p>
   </div>
   <div class='ocr_carea' id='block_1_94' title="bbox 2250 3413 3855 3487">
    <p class='ocr_par' dir='ltr' id='par_1_94' title="bbox 2250 3413 3855 3487">
     <span class='ocr_line' id='line_1_94' title="bbox 2250 3413 3855 3487; baseline 0.001 -16"><span class='ocrx_word' id='word_1_760' title='bbox 2250 3416 2314 3471; x_wconf 81' lang='lat' dir='ltr'><strong>de</strong></span> <span class='ocrx_word' id='word_1_761' title='bbox 2335 3413 2536 3470; x_wconf 79' lang='lat' dir='ltr'><strong>Lazaro</strong></span> <span class='ocrx_word' id='word_1_762' title='bbox 2559 3413 2916 3487; x_wconf 81' lang='lat' dir='ltr'><strong>resuscitato);</strong></span> <span class='ocrx_word' id='word_1_763' title='bbox 2944 3414 3052 3480; x_wconf 87' lang='lat' dir='ltr'><strong>vel,</strong></span> <span class='ocrx_word' id='word_1_764' title='bbox 3079 3415 3218 3471; x_wconf 89' lang='lat' dir='ltr'><strong>sicut</strong></span> <span class='ocrx_word' id='word_1_765' title='bbox 3237 3417 3311 3469; x_wconf 93' lang='lat' dir='ltr'><strong>ait</strong></span> <span class='ocrx_word' id='word_1_766' title='bbox 3336 3415 3540 3485; x_wconf 90' lang='lat' dir='ltr'><strong>collega</strong></span> <span class='ocrx_word' id='word_1_767' title='bbox 3569 3413 3699 3487; x_wconf 64' lang='lat' dir='ltr'><strong>eius.</strong></span> <span class='ocrx_word' id='word_1_768' title='bbox 3714 3416 3855 3472; x_wconf 59' lang='lat' dir='ltr'><strong>llum</strong></span> 
     </span>
    </p>
   </div>
   <div class='ocr_carea' id='block_1_95' title="bbox 2251 3505 3855 3576">
    <p class='ocr_par' dir='ltr' id='par_1_95' title="bbox 2251 3505 3855 3576">
     <span class='ocr_line' id='line_1_95' title="bbox 2251 3505 3855 3576; baseline 0.001 -14"><span class='ocrx_word' id='word_1_769' title='bbox 2251 3508 2460 3563; x_wconf 89' lang='lat' dir='ltr'><strong>brosius</strong></span> <span class='ocrx_word' id='word_1_770' title='bbox 2484 3549 2498 3572; x_wconf 93' lang='lat'><strong>,</strong></span> <span class='ocrx_word' id='word_1_771' title='bbox 2533 3505 2657 3561; x_wconf 85' lang='lat' dir='ltr'><strong>Fuit</strong></span> <span class='ocrx_word' id='word_1_772' title='bbox 2685 3506 2851 3561; x_wconf 80' lang='lat' dir='ltr'><strong>Adam</strong></span> <span class='ocrx_word' id='word_1_773' title='bbox 2876 3550 2890 3574; x_wconf 93' lang='lat'><strong>,</strong></span> <span class='ocrx_word' id='word_1_774' title='bbox 2920 3514 2969 3562; x_wconf 90' lang='lat' dir='ltr'><strong>et</strong></span> <span class='ocrx_word' id='word_1_775' title='bbox 3011 3506 3065 3560; x_wconf 88' lang='lat' dir='ltr'><strong>in</strong></span> <span class='ocrx_word' id='word_1_776' title='bbox 3093 3506 3184 3561; x_wconf 91' lang='lat' dir='ltr'><strong>illo</strong></span> <span class='ocrx_word' id='word_1_777' title='bbox 3228 3506 3420 3576; x_wconf 80' lang='lat' dir='ltr'><strong>fuimus</strong></span> <span class='ocrx_word' id='word_1_778' title='bbox 3454 3522 3627 3562; x_wconf 83' lang='lat' dir='ltr'><strong>omnes</strong></span> <span class='ocrx_word' id='word_1_779' title='bbox 3645 3521 3670 3571; x_wconf 78' lang='lat'><strong>;</strong></span> <span class='ocrx_word' id='word_1_780' title='bbox 3695 3507 3855 3576; x_wconf 75' lang='lat' dir='ltr'><strong>periit</strong></span> 
     </span>
    </p>
   </div>
   <div class='ocr_carea' id='block_1_96' title="bbox 2249 3597 3844 3672">
    <p class='ocr_par' dir='ltr' id='par_1_96' title="bbox 2249 3597 3844 3672">
     <span class='ocr_line' id='line_1_96' title="bbox 2249 3597 3844 3672; baseline -0.004 -12"><span class='ocrx_word' id='word_1_781' title='bbox 2249 3600 2446 3667; x_wconf 70' lang='lat' dir='ltr'><strong>Adam,</strong></span> <span class='ocrx_word' id='word_1_782' title='bbox 2466 3611 2512 3655; x_wconf 89' lang='lat' dir='ltr'><strong>et</strong></span> <span class='ocrx_word' id='word_1_783' title='bbox 2538 3601 2591 3654; x_wconf 79' lang='lat' dir='ltr'><strong>in</strong></span> <span class='ocrx_word' id='word_1_784' title='bbox 2625 3598 2718 3657; x_wconf 86' lang='lat' dir='ltr'><strong>illo</strong></span> <span class='ocrx_word' id='word_1_785' title='bbox 2757 3615 2928 3654; x_wconf 82' lang='lat' dir='ltr'><strong>omnes</strong></span> <span class='ocrx_word' id='word_1_786' title='bbox 2956 3600 3210 3672; x_wconf 81' lang='lat' dir='ltr'><strong>perierunt</strong></span> <span class='ocrx_word' id='word_1_787' title='bbox 3235 3598 3375 3670; x_wconf 83' lang='lat' dir='ltr'><strong>(Lib.</strong></span> <span class='ocrx_word' id='word_1_788' title='bbox 3400 3599 3433 3654; x_wconf 86' lang='grc'>7</span> <span class='ocrx_word' id='word_1_789' title='bbox 3459 3601 3514 3655; x_wconf 89' lang='lat' dir='ltr'><strong>in</strong></span> <span class='ocrx_word' id='word_1_790' title='bbox 3542 3597 3670 3654; x_wconf 81' lang='lat' dir='ltr'><strong>Luc.</strong></span> <span class='ocrx_word' id='word_1_791' title='bbox 3703 3597 3799 3670; x_wconf 79' lang='lat' dir='ltr'><strong>xv)</strong></span> <span class='ocrx_word' id='word_1_792' title='bbox 3828 3618 3844 3654; x_wconf 91' lang='lat'><strong>:</strong></span> 
     </span>
    </p>
   </div>
   <div class='ocr_carea' id='block_1_97' title="bbox 2250 3692 3845 3760">
    <p class='ocr_par' dir='ltr' id='par_1_97' title="bbox 2250 3692 3845 3760">
     <span class='ocr_line' id='line_1_97' title="bbox 2250 3692 3845 3760; baseline -0.001 -11"><span class='ocrx_word' id='word_1_793' title='bbox 2250 3693 2306 3749; x_wconf 89' lang='lat' dir='ltr'><strong>si-</strong></span> <span class='ocrx_word' id='word_1_794' title='bbox 2328 3702 2382 3749; x_wconf 91' lang='lat' dir='ltr'><strong>tu</strong></span> <span class='ocrx_word' id='word_1_795' title='bbox 2423 3693 2591 3749; x_wconf 85' lang='lat' dir='ltr'><strong>audes</strong></span> <span class='ocrx_word' id='word_1_796' title='bbox 2618 3692 2836 3760; x_wconf 89' lang='lat' dir='ltr'><strong>dicere,</strong></span> <span class='ocrx_word' id='word_1_797' title='bbox 2881 3707 2988 3748; x_wconf 94' lang='lat' dir='ltr'><strong>non</strong></span> <span class='ocrx_word' id='word_1_798' title='bbox 3022 3693 3194 3748; x_wconf 90' lang='lat' dir='ltr'><strong>solum</strong></span> <span class='ocrx_word' id='word_1_799' title='bbox 3219 3733 3234 3758; x_wconf 95' lang='lat'><strong>,</strong></span> <span class='ocrx_word' id='word_1_800' title='bbox 3279 3692 3395 3749; x_wconf 87' lang='lat' dir='ltr'><strong>Jam</strong></span> <span class='ocrx_word' id='word_1_801' title='bbox 3439 3701 3627 3759; x_wconf 87' lang='lat' dir='ltr'><strong>erant;</strong></span> <span class='ocrx_word' id='word_1_802' title='bbox 3654 3709 3845 3750; x_wconf 87' lang='lat' dir='ltr'><strong>verum</strong></span> 
     </span>
    </p>
   </div>
   <div class='ocr_carea' id='block_1_98' title="bbox 2251 3784 3845 3858">
    <p class='ocr_par' dir='ltr' id='par_1_98' title="bbox 2251 3784 3845 3858">
     <span class='ocr_line' id='line_1_98' title="bbox 2251 3784 3845 3858; baseline -0.001 -15"><span class='ocrx_word' id='word_1_803' title='bbox 2251 3786 2434 3853; x_wconf 88' lang='lat' dir='ltr'><strong>etiam,</strong></span> <span class='ocrx_word' id='word_1_804' title='bbox 2461 3785 2674 3858; x_wconf 91' lang='lat' dir='ltr'><strong>quando</strong></span> <span class='ocrx_word' id='word_1_805' title='bbox 2702 3800 2801 3841; x_wconf 91' lang='lat' dir='ltr'><strong>nos</strong></span> <span class='ocrx_word' id='word_1_806' title='bbox 2828 3784 2897 3842; x_wconf 92' lang='lat' dir='ltr'><strong>de</strong></span> <span class='ocrx_word' id='word_1_807' title='bbox 2927 3785 3051 3842; x_wconf 78' lang='lat' dir='ltr'><strong>filiis</strong></span> <span class='ocrx_word' id='word_1_808' title='bbox 3079 3786 3290 3852; x_wconf 77' lang='lat' dir='ltr'><strong>Adam,</strong></span> <span class='ocrx_word' id='word_1_809' title='bbox 3312 3785 3528 3858; x_wconf 83' lang='lat' dir='ltr'><strong>quando</strong></span> <span class='ocrx_word' id='word_1_810' title='bbox 3565 3795 3845 3856; x_wconf 82' lang='lat' dir='ltr'><strong>peccatum</strong></span> 
     </span>
    </p>
   </div>
   <div class='ocr_carea' id='block_1_99' title="bbox 2252 3875 3847 3945">
    <p class='ocr_par' dir='ltr' id='par_1_99' title="bbox 2252 3875 3847 3945">
     <span class='ocr_line' id='line_1_99' title="bbox 2252 3875 3847 3945; baseline 0.001 -12"><span class='ocrx_word' id='word_1_811' title='bbox 2252 3877 2379 3933; x_wconf 90' lang='lat' dir='ltr'><strong>illud</strong></span> <span class='ocrx_word' id='word_1_812' title='bbox 2393 3877 2685 3933; x_wconf 88' lang='lat' dir='ltr'><strong>admissum</strong></span> <span class='ocrx_word' id='word_1_813' title='bbox 2701 3887 2805 3944; x_wconf 89' lang='lat' dir='ltr'><strong>est,</strong></span> <span class='ocrx_word' id='word_1_814' title='bbox 2818 3875 3000 3935; x_wconf 84' lang='lat' dir='ltr'><strong>dicere</strong></span> <span class='ocrx_word' id='word_1_815' title='bbox 3017 3893 3121 3935; x_wconf 87' lang='lat' dir='ltr'><strong>non</strong></span> <span class='ocrx_word' id='word_1_816' title='bbox 3143 3877 3422 3945; x_wconf 87' lang='lat' dir='ltr'><strong>audemus,</strong></span> <span class='ocrx_word' id='word_1_817' title='bbox 3435 3876 3553 3933; x_wconf 84' lang='lat' dir='ltr'><strong>Jam</strong></span> <span class='ocrx_word' id='word_1_818' title='bbox 3569 3878 3675 3934; x_wconf 88' lang='lat' dir='ltr'><strong>orti</strong></span> <span class='ocrx_word' id='word_1_819' title='bbox 3689 3887 3847 3934; x_wconf 71' lang='lat' dir='ltr'><strong>erant</strong></span> 
     </span>
    </p>
   </div>
   <div class='ocr_carea' id='block_1_100' title="bbox 2250 3969 3846 4041">
    <p class='ocr_par' dir='ltr' id='par_1_100' title="bbox 2250 3969 3846 4041">
     <span class='ocr_line' id='line_1_100' title="bbox 2250 3969 3846 4041; baseline 0 -14"><span class='ocrx_word' id='word_1_820' title='bbox 2250 3971 2474 4028; x_wconf 87' lang='lat' dir='ltr'><strong>dolores</strong></span> <span class='ocrx_word' id='word_1_821' title='bbox 2488 3971 2631 4036; x_wconf 69' lang='lat' dir='ltr'><strong>Evaa,</strong></span> <span class='ocrx_word' id='word_1_822' title='bbox 2655 3969 2868 4041; x_wconf 64' lang='lat' dir='ltr'><strong>quando</strong></span> <span class='ocrx_word' id='word_1_823' title='bbox 2896 3985 2993 4026; x_wconf 90' lang='lat' dir='ltr'><strong>eos</strong></span> <span class='ocrx_word' id='word_1_824' title='bbox 3014 3970 3154 4026; x_wconf 91' lang='lat' dir='ltr'><strong>Deus</strong></span> <span class='ocrx_word' id='word_1_825' title='bbox 3183 3969 3656 4040; x_wconf 89' lang='lat' dir='ltr'><strong>multiplicaturum</strong></span> <span class='ocrx_word' id='word_1_826' title='bbox 3676 3983 3736 4026; x_wconf 87' lang='lat' dir='ltr'><strong>se</strong></span> <span class='ocrx_word' id='word_1_827' title='bbox 3753 3985 3846 4027; x_wconf 81' lang='lat' dir='ltr'><strong>es-</strong></span> 
     </span>
    </p>
   </div>
   <div class='ocr_carea' id='block_1_101' title="bbox 2250 4062 3842 4122">
    <p class='ocr_par' dir='ltr' id='par_1_101' title="bbox 2250 4062 3842 4122">
     <span class='ocr_line' id='line_1_101' title="bbox 2250 4062 3842 4122; baseline -0.002 -1"><span class='ocrx_word' id='word_1_828' title='bbox 2250 4079 2310 4121; x_wconf 90' lang='lat' dir='ltr'><strong>se</strong></span> <span class='ocrx_word' id='word_1_829' title='bbox 2326 4064 2559 4122; x_wconf 80' lang='lat' dir='ltr'><strong>minatus</strong></span> <span class='ocrx_word' id='word_1_830' title='bbox 2581 4063 2702 4119; x_wconf 74' lang='lat' dir='ltr'><strong>est?</strong></span> <span class='ocrx_word' id='word_1_831' title='bbox 2726 4063 3106 4120; x_wconf 82' lang='lat' dir='ltr'><strong>Verumtamen</strong></span> <span class='ocrx_word' id='word_1_832' title='bbox 3135 4079 3241 4118; x_wconf 89' lang='lat' dir='ltr'><strong>non</strong></span> <span class='ocrx_word' id='word_1_833' title='bbox 3264 4062 3316 4118; x_wconf 94' lang='lat' dir='ltr'><strong>in</strong></span> <span class='ocrx_word' id='word_1_834' title='bbox 3339 4063 3565 4118; x_wconf 88' lang='lat' dir='ltr'><strong>naturali</strong></span> <span class='ocrx_word' id='word_1_835' title='bbox 3587 4062 3794 4118; x_wconf 89' lang='lat' dir='ltr'><strong>ratione</strong></span> <span class='ocrx_word' id='word_1_836' title='bbox 3824 4065 3842 4097; x_wconf 82' lang='grc'><strong><em>³</em></strong></span> 
     </span>
    </p>
   </div>
   <div class='ocr_carea' id='block_1_102' title="bbox 2244 4155 3846 4226">
    <p class='ocr_par' dir='ltr' id='par_1_102' title="bbox 2244 4155 3846 4226">
     <span class='ocr_line' id='line_1_102' title="bbox 2244 4155 3846 4226; baseline 0.001 -16"><span class='ocrx_word' id='word_1_837' title='bbox 2244 4157 2358 4226; x_wconf 81' lang='lat' dir='ltr'><strong>jam</strong></span> <span class='ocrx_word' id='word_1_838' title='bbox 2398 4163 2552 4211; x_wconf 85' lang='lat' dir='ltr'><strong>erant</strong></span> <span class='ocrx_word' id='word_1_839' title='bbox 2583 4155 2706 4210; x_wconf 75' lang='lat' dir='ltr'><strong>Eva:</strong></span> <span class='ocrx_word' id='word_1_840' title='bbox 2746 4155 2960 4210; x_wconf 91' lang='lat' dir='ltr'><strong>dolores</strong></span> <span class='ocrx_word' id='word_1_841' title='bbox 2982 4194 2999 4221; x_wconf 94' lang='lat'><strong>,</strong></span> <span class='ocrx_word' id='word_1_842' title='bbox 3029 4169 3165 4225; x_wconf 90' lang='lat' dir='ltr'><strong>quos</strong></span> <span class='ocrx_word' id='word_1_843' title='bbox 3191 4155 3548 4226; x_wconf 87' lang='lat' dir='ltr'><strong>parturientes</strong></span> <span class='ocrx_word' id='word_1_844' title='bbox 3569 4196 3586 4222; x_wconf 97' lang='lat'><strong>,</strong></span> <span class='ocrx_word' id='word_1_845' title='bbox 3619 4169 3846 4211; x_wconf 88' lang='lat' dir='ltr'><strong>necesse</strong></span> 
     </span>
    </p>
   </div>
   <div class='ocr_carea' id='block_1_103' title="bbox 2251 4245 3841 4318">
    <p class='ocr_par' dir='ltr' id='par_1_103' title="bbox 2251 4245 3841 4318">
     <span class='ocr_line' id='line_1_103' title="bbox 2251 4245 3841 4318; baseline -0.003 -15"><span class='ocrx_word' id='word_1_846' title='bbox 2251 4254 2336 4304; x_wconf 91' lang='lat' dir='ltr'><strong>est</strong></span> <span class='ocrx_word' id='word_1_847' title='bbox 2361 4245 2598 4318; x_wconf 88' lang='lat' dir='ltr'><strong>perpeti;</strong></span> <span class='ocrx_word' id='word_1_848' title='bbox 2621 4246 2745 4317; x_wconf 87' lang='lat' dir='ltr'><strong>quia</strong></span> <span class='ocrx_word' id='word_1_849' title='bbox 2772 4260 2880 4300; x_wconf 91' lang='lat' dir='ltr'><strong>non</strong></span> <span class='ocrx_word' id='word_1_850' title='bbox 2906 4259 3000 4302; x_wconf 90' lang='lat' dir='ltr'><strong>eos</strong></span> <span class='ocrx_word' id='word_1_851' title='bbox 3025 4246 3168 4301; x_wconf 87' lang='lat' dir='ltr'><strong>illam</strong></span> <span class='ocrx_word' id='word_1_852' title='bbox 3200 4259 3420 4301; x_wconf 87' lang='lat' dir='ltr'><strong>necesse</strong></span> <span class='ocrx_word' id='word_1_853' title='bbox 3444 4254 3561 4302; x_wconf 86' lang='lat' dir='ltr'><strong>erat</strong></span> <span class='ocrx_word' id='word_1_854' title='bbox 3591 4245 3797 4315; x_wconf 88' lang='lat' dir='ltr'><strong>perpeti</strong></span> <span class='ocrx_word' id='word_1_855' title='bbox 3823 4287 3841 4311; x_wconf 87' lang='lat'><strong>,</strong></span> 
     </span>
    </p>
   </div>
   <div class='ocr_carea' id='block_1_104' title="bbox 2248 4335 3844 4410">
    <p class='ocr_par' dir='ltr' id='par_1_104' title="bbox 2248 4335 3844 4410">
     <span class='ocr_line' id='line_1_104' title="bbox 2248 4335 3844 4410; baseline 0.001 -15"><span class='ocrx_word' id='word_1_856' title='bbox 2248 4354 2371 4395; x_wconf 90' lang='lat' dir='ltr'><strong>cum</strong></span> <span class='ocrx_word' id='word_1_857' title='bbox 2398 4337 2662 4410; x_wconf 88' lang='lat' dir='ltr'><strong>parturire</strong></span> <span class='ocrx_word' id='word_1_858' title='bbox 2685 4337 2939 4407; x_wconf 74' lang='lat' dir='ltr'><strong>cmpisset</strong></span> <span class='ocrx_word' id='word_1_859' title='bbox 2959 4354 2974 4391; x_wconf 91' lang='lat'><strong>:</strong></span> <span class='ocrx_word' id='word_1_860' title='bbox 2997 4345 3258 4392; x_wconf 88' lang='lat' dir='ltr'><strong>venerunt</strong></span> <span class='ocrx_word' id='word_1_861' title='bbox 3290 4336 3487 4408; x_wconf 89' lang='lat' dir='ltr'><strong>quippe</strong></span> <span class='ocrx_word' id='word_1_862' title='bbox 3511 4335 3585 4392; x_wconf 91' lang='lat' dir='ltr'><strong>illi</strong></span> <span class='ocrx_word' id='word_1_863' title='bbox 3613 4336 3844 4396; x_wconf 79' lang='lat' dir='ltr'><strong>damna-</strong></span> 
     </span>
    </p>
   </div>
   <div class='ocr_carea' id='block_1_105' title="bbox 2251 4426 3841 4502">
    <p class='ocr_par' dir='ltr' id='par_1_105' title="bbox 2251 4426 3841 4502">
     <span class='ocr_line' id='line_1_105' title="bbox 2251 4426 3841 4502; baseline -0.003 -14"><span class='ocrx_word' id='word_1_864' title='bbox 2251 4433 2396 4488; x_wconf 93' lang='lat' dir='ltr'><strong>tione</strong></span> <span class='ocrx_word' id='word_1_865' title='bbox 2435 4430 2606 4502; x_wconf 75' lang='lat' dir='ltr'><strong>culpzc</strong></span> <span class='ocrx_word' id='word_1_866' title='bbox 2628 4471 2644 4494; x_wconf 89' lang='lat'><strong>,</strong></span> <span class='ocrx_word' id='word_1_867' title='bbox 2677 4445 2784 4485; x_wconf 92' lang='lat' dir='ltr'><strong>non</strong></span> <span class='ocrx_word' id='word_1_868' title='bbox 2810 4427 3117 4486; x_wconf 91' lang='lat' dir='ltr'><strong>conditione</strong></span> <span class='ocrx_word' id='word_1_869' title='bbox 3155 4436 3386 4482; x_wconf 71' lang='lat' dir='ltr'><strong>natum.</strong></span> <span class='ocrx_word' id='word_1_870' title='bbox 3418 4426 3572 4494; x_wconf 85' lang='lat' dir='ltr'><strong>Quod</strong></span> <span class='ocrx_word' id='word_1_871' title='bbox 3601 4443 3696 4482; x_wconf 86' lang='lat' dir='ltr'><strong>vos</strong></span> <span class='ocrx_word' id='word_1_872' title='bbox 3741 4445 3841 4484; x_wconf 87' lang='lat' dir='ltr'><strong>ne-</strong></span> 
     </span>
    </p>
   </div>
   <div class='ocr_carea' id='block_1_106' title="bbox 2249 4519 3841 4596">
    <p class='ocr_par' dir='ltr' id='par_1_106' title="bbox 2249 4519 3841 4596">
     <span class='ocr_line' id='line_1_106' title="bbox 2249 4519 3841 4596; baseline -0.002 -18"><span class='ocrx_word' id='word_1_873' title='bbox 2249 4523 2425 4596; x_wconf 85' lang='lat' dir='ltr'><strong>gando</strong></span> <span class='ocrx_word' id='word_1_874' title='bbox 2451 4521 2578 4594; x_wconf 91' lang='lat' dir='ltr'><strong>quid</strong></span> <span class='ocrx_word' id='word_1_875' title='bbox 2604 4522 2760 4594; x_wconf 91' lang='lat' dir='ltr'><strong>agitis</strong></span> <span class='ocrx_word' id='word_1_876' title='bbox 2789 4563 2806 4590; x_wconf 94' lang='lat'><strong>,</strong></span> <span class='ocrx_word' id='word_1_877' title='bbox 2839 4521 2939 4576; x_wconf 89' lang='lat' dir='ltr'><strong>nisi</strong></span> <span class='ocrx_word' id='word_1_878' title='bbox 2965 4529 3022 4575; x_wconf 90' lang='lat' dir='ltr'><strong>ut</strong></span> <span class='ocrx_word' id='word_1_879' title='bbox 3048 4521 3100 4575; x_wconf 90' lang='lat' dir='ltr'><strong>in</strong></span> <span class='ocrx_word' id='word_1_880' title='bbox 3128 4520 3248 4575; x_wconf 92' lang='lat' dir='ltr'><strong>loco</strong></span> <span class='ocrx_word' id='word_1_881' title='bbox 3286 4519 3432 4575; x_wconf 88' lang='lat' dir='ltr'><strong>illius</strong></span> <span class='ocrx_word' id='word_1_882' title='bbox 3456 4519 3800 4575; x_wconf 86' lang='lat' dir='ltr'><strong>beatitudinis</strong></span> <span class='ocrx_word' id='word_1_883' title='bbox 3817 4560 3841 4587; x_wconf 80' lang='lat'><strong>,</strong></span> 
     </span>
    </p>
   </div>
   <div class='ocr_carea' id='block_1_107' title="bbox 2251 4610 3842 4684">
    <p class='ocr_par' dir='ltr' id='par_1_107' title="bbox 2251 4610 3842 4684">
     <span class='ocr_line' id='line_1_107' title="bbox 2251 4610 3842 4684; baseline -0.006 -11"><span class='ocrx_word' id='word_1_884' title='bbox 2251 4617 2339 4674; x_wconf 88' lang='lat' dir='ltr'><strong>ubi</strong></span> <span class='ocrx_word' id='word_1_885' title='bbox 2368 4631 2488 4672; x_wconf 89' lang='lat' dir='ltr'><strong>esse</strong></span> <span class='ocrx_word' id='word_1_886' title='bbox 2517 4613 2762 4671; x_wconf 87' lang='lat' dir='ltr'><strong>homines</strong></span> <span class='ocrx_word' id='word_1_887' title='bbox 2799 4610 3044 4684; x_wconf 90' lang='lat' dir='ltr'><strong>permissi</strong></span> <span class='ocrx_word' id='word_1_888' title='bbox 3089 4626 3192 4666; x_wconf 93' lang='lat' dir='ltr'><strong>non</strong></span> <span class='ocrx_word' id='word_1_889' title='bbox 3221 4619 3384 4677; x_wconf 85' lang='lat' dir='ltr'><strong>sunt,</strong></span> <span class='ocrx_word' id='word_1_890' title='bbox 3405 4625 3542 4681; x_wconf 89' lang='lat' dir='ltr'><strong>quos</strong></span> <span class='ocrx_word' id='word_1_891' title='bbox 3565 4610 3678 4681; x_wconf 86' lang='lat' dir='ltr'><strong>jam</strong></span> <span class='ocrx_word' id='word_1_892' title='bbox 3713 4624 3842 4665; x_wconf 81' lang='lat' dir='ltr'><strong>eru-</strong></span> 
     </span>
    </p>
   </div>
   <div class='ocr_carea' id='block_1_108' title="bbox 2248 4703 3842 4780">
    <p class='ocr_par' dir='ltr' id='par_1_108' title="bbox 2248 4703 3842 4780">
     <span class='ocr_line' id='line_1_108' title="bbox 2248 4703 3842 4780; baseline -0.006 -13"><span class='ocrx_word' id='word_1_893' title='bbox 2248 4710 2380 4767; x_wconf 86' lang='lat' dir='ltr'><strong>ciari</strong></span> <span class='ocrx_word' id='word_1_894' title='bbox 2408 4707 2727 4780; x_wconf 86' lang='lat' dir='ltr'><strong>oportebat,</strong></span> <span class='ocrx_word' id='word_1_895' title='bbox 2753 4706 3026 4763; x_wconf 88' lang='lat' dir='ltr'><strong>cruciatus</strong></span> <span class='ocrx_word' id='word_1_896' title='bbox 3067 4703 3345 4766; x_wconf 79' lang='lat' dir='ltr'><strong>hominum</strong></span> <span class='ocrx_word' id='word_1_897' title='bbox 3392 4703 3553 4760; x_wconf 88' lang='lat' dir='ltr'><strong>etiam</strong></span> <span class='ocrx_word' id='word_1_898' title='bbox 3584 4713 3842 4776; x_wconf 83' lang='lat' dir='ltr'><strong>peccante</strong></span> 
     </span>
    </p>
   </div>
   <div class='ocr_carea' id='block_1_109' title="bbox 2250 4795 3839 4868">
    <p class='ocr_par' dir='ltr' id='par_1_109' title="bbox 2250 4795 3839 4868">
     <span class='ocr_line' id='line_1_109' title="bbox 2250 4795 3839 4868; baseline -0.006 -8"><span class='ocrx_word' id='word_1_899' title='bbox 2250 4802 2467 4860; x_wconf 85' lang='lat' dir='ltr'><strong>nemine</strong></span> <span class='ocrx_word' id='word_1_900' title='bbox 2493 4798 2811 4856; x_wconf 77' lang='lat' dir='ltr'><strong>collocatis?</strong></span> <span class='ocrx_word' id='word_1_901' title='bbox 2836 4796 2988 4866; x_wconf 84' lang='lat' dir='ltr'><strong>Quod</strong></span> <span class='ocrx_word' id='word_1_902' title='bbox 3035 4797 3222 4868; x_wconf 88' lang='lat' dir='ltr'><strong>ignoro</strong></span> <span class='ocrx_word' id='word_1_903' title='bbox 3248 4811 3350 4868; x_wconf 91' lang='lat' dir='ltr'><strong>qua</strong></span> <span class='ocrx_word' id='word_1_904' title='bbox 3377 4795 3554 4852; x_wconf 84' lang='lat' dir='ltr'><strong>fronte</strong></span> <span class='ocrx_word' id='word_1_905' title='bbox 3594 4796 3839 4863; x_wconf 82' lang='lat' dir='ltr'><strong>faciatis;</strong></span> 
     </span>
    </p>
   </div>
   <div class='ocr_carea' id='block_1_110' title="bbox 2249 4885 3841 4966">
    <p class='ocr_par' dir='ltr' id='par_1_110' title="bbox 2249 4885 3841 4966">
     <span class='ocr_line' id='line_1_110' title="bbox 2249 4885 3841 4966; baseline -0.008 -15"><span class='ocrx_word' id='word_1_906' title='bbox 2249 4895 2353 4951; x_wconf 89' lang='lat' dir='ltr'><strong>nisi</strong></span> <span class='ocrx_word' id='word_1_907' title='bbox 2381 4893 2508 4966; x_wconf 84' lang='lat' dir='ltr'><strong>quia</strong></span> <span class='ocrx_word' id='word_1_908' title='bbox 2533 4906 2630 4948; x_wconf 89' lang='lat' dir='ltr'><strong>vos</strong></span> <span class='ocrx_word' id='word_1_909' title='bbox 2656 4888 2902 4960; x_wconf 82' lang='lat' dir='ltr'><strong>paradiso</strong></span> <span class='ocrx_word' id='word_1_910' title='bbox 2936 4888 3234 4948; x_wconf 83' lang='lat' dir='ltr'><strong>contrarios</strong></span> <span class='ocrx_word' id='word_1_911' title='bbox 3258 4928 3274 4953; x_wconf 92' lang='lat'><strong>,</strong></span> <span class='ocrx_word' id='word_1_912' title='bbox 3302 4895 3489 4944; x_wconf 87' lang='lat' dir='ltr'><strong>contra</strong></span> <span class='ocrx_word' id='word_1_913' title='bbox 3533 4885 3841 4956; x_wconf 85' lang='lat' dir='ltr'><strong>paradisum</strong></span> 
     </span>
    </p>
   </div>
   <div class='ocr_carea' id='block_1_111' title="bbox 2248 4976 3851 5058">
    <p class='ocr_par' dir='ltr' id='par_1_111' title="bbox 2248 4976 3851 5058">
     <span class='ocr_line' id='line_1_111' title="bbox 2248 4976 3851 5058; baseline -0.006 -16"><span class='ocrx_word' id='word_1_914' title='bbox 2248 4982 2642 5058; x_wconf 86' lang='lat' dir='ltr'><strong>quodammodo</strong></span> <span class='ocrx_word' id='word_1_915' title='bbox 2668 4982 2907 5038; x_wconf 73' lang='lat' dir='ltr'><strong>habitare</strong></span> <span class='ocrx_word' id='word_1_916' title='bbox 2929 4980 3192 5048; x_wconf 84' lang='lat' dir='ltr'><strong>delectat;</strong></span> <span class='ocrx_word' id='word_1_917' title='bbox 3222 4979 3345 5051; x_wconf 89' lang='lat' dir='ltr'><strong>quia</strong></span> <span class='ocrx_word' id='word_1_918' title='bbox 3375 4987 3433 5036; x_wconf 88' lang='lat' dir='ltr'><strong>et</strong></span> <span class='ocrx_word' id='word_1_919' title='bbox 3519 4976 3704 5039; x_wconf 65' lang='lat' dir='ltr'><strong>Adanl</strong></span> <span class='ocrx_word' id='word_1_920' title='bbox 3772 4977 3851 5035; x_wconf 84' lang='lat' dir='ltr'><strong>de</strong></span> 
     </span>
    </p>
   </div>
   <div class='ocr_carea' id='block_1_112' title="bbox 2249 5072 3850 5152">
    <p class='ocr_par' dir='ltr' id='par_1_112' title="bbox 2249 5072 3850 5152">
     <span class='ocr_line' id='line_1_112' title="bbox 2249 5072 3850 5152; baseline -0.004 -18"><span class='ocrx_word' id='word_1_921' title='bbox 2249 5079 2497 5150; x_wconf 89' lang='lat' dir='ltr'><strong>paradiso</strong></span> <span class='ocrx_word' id='word_1_922' title='bbox 2538 5077 2742 5148; x_wconf 87' lang='lat' dir='ltr'><strong>ejectus</strong></span> <span class='ocrx_word' id='word_1_923' title='bbox 2764 5116 2780 5143; x_wconf 95' lang='lat'><strong>,</strong></span> <span class='ocrx_word' id='word_1_924' title='bbox 2827 5082 3016 5130; x_wconf 88' lang='lat' dir='ltr'><strong>contra</strong></span> <span class='ocrx_word' id='word_1_925' title='bbox 3053 5073 3360 5152; x_wconf 80' lang='lat' dir='ltr'><strong>paradisum</strong></span> <span class='ocrx_word' id='word_1_926' title='bbox 3404 5080 3488 5128; x_wconf 90' lang='lat' dir='ltr'><strong>est</strong></span> <span class='ocrx_word' id='word_1_927' title='bbox 3543 5072 3850 5128; x_wconf 85' lang='lat' dir='ltr'><strong>collocatus</strong></span> 
     </span>
    </p>
   </div>
   <div class='ocr_carea' id='block_1_113' title="bbox 2249 5163 3839 5243">
    <p class='ocr_par' dir='ltr' id='par_1_113' title="bbox 2249 5163 3839 5243">
     <span class='ocr_line' id='line_1_113' title="bbox 2249 5163 3839 5243; baseline -0.004 -17"><span class='ocrx_word' id='word_1_928' title='bbox 2249 5171 2270 5243; x_wconf 85' lang='lat'><strong>(</strong></span> <span class='ocrx_word' id='word_1_929' title='bbox 2288 5170 2415 5226; x_wconf 78' lang='lat' dir='ltr'><strong>Gen.</strong></span> <span class='ocrx_word' id='word_1_930' title='bbox 2448 5186 2527 5238; x_wconf 85' lang='lat' dir='ltr'><strong>Ill,</strong></span> <span class='ocrx_word' id='word_1_931' title='bbox 2553 5167 2646 5232; x_wconf 75' lang='grc'><strong>24,</strong></span> <span class='ocrx_word' id='word_1_932' title='bbox 2674 5184 2774 5222; x_wconf 83' lang='lat' dir='ltr'><strong>sec.</strong></span> <span class='ocrx_word' id='word_1_933' title='bbox 2807 5163 3010 5238; x_wconf 77' lang='lat' dir='ltr'><strong>LXX).</strong></span> <span class='ocrx_word' id='word_1_934' title='bbox 3039 5165 3158 5222; x_wconf 76' lang='lat' dir='ltr'><strong>1am</strong></span> <span class='ocrx_word' id='word_1_935' title='bbox 3204 5166 3382 5237; x_wconf 89' lang='lat' dir='ltr'><strong>itaque</strong></span> <span class='ocrx_word' id='word_1_936' title='bbox 3425 5163 3674 5236; x_wconf 88' lang='lat' dir='ltr'><strong>paradiso</strong></span> <span class='ocrx_word' id='word_1_937' title='bbox 3703 5178 3839 5220; x_wconf 84' lang='lat' dir='ltr'><strong>con-</strong></span> 
     </span>
    </p>
   </div>
   <div class='ocr_carea' id='block_1_114' title="bbox 2250 5258 3838 5333">
    <p class='ocr_par' dir='ltr' id='par_1_114' title="bbox 2250 5258 3838 5333">
     <span class='ocr_line' id='line_1_114' title="bbox 2250 5258 3838 5333; baseline -0.005 -14"><span class='ocrx_word' id='word_1_938' title='bbox 2250 5264 2468 5330; x_wconf 88' lang='lat' dir='ltr'><strong>trarius,</strong></span> <span class='ocrx_word' id='word_1_939' title='bbox 2495 5269 2691 5333; x_wconf 88' lang='lat' dir='ltr'><strong>quanta</strong></span> <span class='ocrx_word' id='word_1_940' title='bbox 2719 5261 2955 5316; x_wconf 86' lang='lat' dir='ltr'><strong>vanitate</strong></span> <span class='ocrx_word' id='word_1_941' title='bbox 2995 5270 3180 5316; x_wconf 91' lang='lat' dir='ltr'><strong>contra</strong></span> <span class='ocrx_word' id='word_1_942' title='bbox 3210 5258 3520 5330; x_wconf 84' lang='lat' dir='ltr'><strong>paradisum</strong></span> <span class='ocrx_word' id='word_1_943' title='bbox 3545 5273 3838 5328; x_wconf 81' lang='lat' dir='ltr'><strong>argumen-</strong></span> 
     </span>
    </p>
   </div>
   <div class='ocr_carea' id='block_1_115' title="bbox 2251 5347 3838 5422">
    <p class='ocr_par' dir='ltr' id='par_1_115' title="bbox 2251 5347 3838 5422">
     <span class='ocr_line' id='line_1_115' title="bbox 2251 5347 3838 5422; baseline -0.006 -12"><span class='ocrx_word' id='word_1_944' title='bbox 2251 5355 2380 5412; x_wconf 87' lang='lat' dir='ltr'><strong>teris</strong></span> <span class='ocrx_word' id='word_1_945' title='bbox 2406 5351 2643 5410; x_wconf 88' lang='lat' dir='ltr'><strong>attende.</strong></span> <span class='ocrx_word' id='word_1_946' title='bbox 2673 5350 3004 5422; x_wconf 82' lang='lat' dir='ltr'><strong>Multiplicari</strong></span> <span class='ocrx_word' id='word_1_947' title='bbox 3045 5365 3151 5408; x_wconf 85' lang='lat' dir='ltr'><strong>non</strong></span> <span class='ocrx_word' id='word_1_948' title='bbox 3198 5349 3292 5405; x_wconf 90' lang='lat' dir='ltr'><strong>tibi</strong></span> <span class='ocrx_word' id='word_1_949' title='bbox 3321 5349 3589 5415; x_wconf 87' lang='lat' dir='ltr'><strong>videntur,</strong></span> <span class='ocrx_word' id='word_1_950' title='bbox 3619 5347 3722 5402; x_wconf 90' lang='lat' dir='ltr'><strong>nisi</strong></span> <span class='ocrx_word' id='word_1_951' title='bbox 3772 5361 3838 5402; x_wconf 84' lang='lat' dir='ltr'><strong>ea</strong></span> 
     </span>
    </p>
   </div>
   <div class='ocr_carea' id='block_1_116' title="bbox 2247 5444 3842 5522">
    <p class='ocr_par' dir='ltr' id='par_1_116' title="bbox 2247 5444 3842 5522">
     <span class='ocr_line' id='line_1_116' title="bbox 2247 5444 3842 5522; baseline -0.006 -18"><span class='ocrx_word' id='word_1_952' title='bbox 2247 5464 2369 5522; x_wconf 68' lang='lat' dir='ltr'><strong>qum</strong></span> <span class='ocrx_word' id='word_1_953' title='bbox 2394 5463 2460 5504; x_wconf 80' lang='lat' dir='ltr'><strong>ex</strong></span> <span class='ocrx_word' id='word_1_954' title='bbox 2487 5446 2664 5517; x_wconf 87' lang='lat' dir='ltr'><strong>aliqua</strong></span> <span class='ocrx_word' id='word_1_955' title='bbox 2707 5455 2860 5516; x_wconf 89' lang='lat' dir='ltr'><strong>parte</strong></span> <span class='ocrx_word' id='word_1_956' title='bbox 2893 5444 3005 5514; x_wconf 87' lang='lat' dir='ltr'><strong>jam</strong></span> <span class='ocrx_word' id='word_1_957' title='bbox 3045 5444 3316 5509; x_wconf 76' lang='lat' dir='ltr'><strong>existunt;</strong></span> <span class='ocrx_word' id='word_1_958' title='bbox 3359 5451 3647 5509; x_wconf 73' lang='lat' dir='ltr'><strong>caeterum,</strong></span> <span class='ocrx_word' id='word_1_959' title='bbox 3688 5449 3842 5496; x_wconf 78' lang='lat' dir='ltr'><strong>ante-</strong></span> 
     </span>
    </p>
   </div>
   <div class='ocr_carea' id='block_1_117' title="bbox 2248 5533 3842 5613">
    <p class='ocr_par' dir='ltr' id='par_1_117' title="bbox 2248 5533 3842 5613">
     <span class='ocr_line' id='line_1_117' title="bbox 2248 5533 3842 5613; baseline -0.002 -19"><span class='ocrx_word' id='word_1_960' title='bbox 2248 5554 2409 5613; x_wconf 83' lang='lat' dir='ltr'><strong>quam</strong></span> <span class='ocrx_word' id='word_1_961' title='bbox 2437 5539 2564 5607; x_wconf 90' lang='lat' dir='ltr'><strong>sint,</strong></span> <span class='ocrx_word' id='word_1_962' title='bbox 2595 5554 2704 5596; x_wconf 91' lang='lat' dir='ltr'><strong>non</strong></span> <span class='ocrx_word' id='word_1_963' title='bbox 2739 5538 3082 5610; x_wconf 88' lang='lat' dir='ltr'><strong>multiplicari</strong></span> <span class='ocrx_word' id='word_1_964' title='bbox 3119 5546 3276 5610; x_wconf 84' lang='lat' dir='ltr'><strong>putas</strong></span> <span class='ocrx_word' id='word_1_965' title='bbox 3309 5535 3533 5595; x_wconf 87' lang='lat' dir='ltr'><strong>dicenda</strong></span> <span class='ocrx_word' id='word_1_966' title='bbox 3562 5550 3718 5600; x_wconf 84' lang='lat' dir='ltr'><strong>esse,</strong></span> <span class='ocrx_word' id='word_1_967' title='bbox 3744 5533 3842 5591; x_wconf 83' lang='lat' dir='ltr'><strong>sed</strong></span> 
     </span>
    </p>
   </div>
   <div class='ocr_carea' id='block_1_118' title="bbox 2314 5712 3840 5777">
    <p class='ocr_par' dir='ltr' id='par_1_118' title="bbox 2314 5712 3840 5777">
     <span class='ocr_line' id='line_1_118' title="bbox 2314 5712 3840 5777; baseline -0.005 -10"><span class='ocrx_word' id='word_1_968' title='bbox 2314 5720 2332 5751; x_wconf 78' lang='grc' dir='ltr'>ι</span> <span class='ocrx_word' id='word_1_969' title='bbox 2355 5716 2496 5777; x_wconf 80' lang='lat' dir='ltr'><strong>Editi,</strong></span> <span class='ocrx_word' id='word_1_970' title='bbox 2519 5724 2692 5767; x_wconf 72' lang='lat' dir='ltr'><strong>rerum</strong></span> <span class='ocrx_word' id='word_1_971' title='bbox 2712 5713 2861 5767; x_wconf 85' lang='lat' dir='ltr'><strong>etiam</strong></span> <span class='ocrx_word' id='word_1_972' title='bbox 2879 5715 2930 5767; x_wconf 86' lang='lat' dir='ltr'><strong>in</strong></span> <span class='ocrx_word' id='word_1_973' title='bbox 2946 5712 3163 5768; x_wconf 79' lang='lat' dir='ltr'><strong>naturali</strong></span> <span class='ocrx_word' id='word_1_974' title='bbox 3180 5712 3382 5777; x_wconf 76' lang='lat' dir='ltr'><strong>ratione.</strong></span> <span class='ocrx_word' id='word_1_975' title='bbox 3398 5719 3578 5763; x_wconf 84' lang='lat' dir='ltr'><strong>omnes</strong></span> <span class='ocrx_word' id='word_1_976' title='bbox 3590 5715 3724 5768; x_wconf 72' lang='grc' dir='ltr'><strong>ιω..</strong></span> <span class='ocrx_word' id='word_1_977' title='bbox 3748 5716 3840 5760; x_wconf 77' lang='lat' dir='ltr'><strong>re-</strong></span> 
     </span>
    </p>
   </div>
   <div class='ocr_carea' id='block_1_119' title="bbox 2250 5774 3835 5840">
    <p class='ocr_par' dir='ltr' id='par_1_119' title="bbox 2250 5774 3835 5840">
     <span class='ocr_line' id='line_1_119' title="bbox 2250 5774 3835 5840; baseline 0.003 -10"><span class='ocrx_word' id='word_1_978' title='bbox 2250 5774 2522 5831; x_wconf 72' lang='lat' dir='ltr'><strong>rumtamen</strong></span> <span class='ocrx_word' id='word_1_979' title='bbox 2548 5789 2566 5828; x_wconf 90' lang='lat'><strong><em>:</em></strong></span> <span class='ocrx_word' id='word_1_980' title='bbox 2589 5777 2902 5840; x_wconf 79' lang='lat' dir='ltr'><strong>soluscodex</strong></span> <span class='ocrx_word' id='word_1_981' title='bbox 2939 5783 3066 5840; x_wconf 76' lang='lat' dir='ltr'><strong>Fort.</strong></span> <span class='ocrx_word' id='word_1_982' title='bbox 3089 5774 3373 5840; x_wconf 65' lang='lat' dir='ltr'><strong>maculam</strong></span> <span class='ocrx_word' id='word_1_983' title='bbox 3412 5779 3701 5838; x_wconf 66' lang='grc' dir='ltr'><strong>ηεμηωπι.</strong></span> <span class='ocrx_word' id='word_1_984' title='bbox 3725 5783 3835 5836; x_wconf 56' lang='grc' dir='ltr'>Μ</span> 
     </span>
    </p>
   </div>
   <div class='ocr_carea' id='block_1_120' title="bbox 2248 5837 3104 5903">
    <p class='ocr_par' dir='ltr' id='par_1_120' title="bbox 2248 5837 3104 5903">
     <span class='ocr_line' id='line_1_120' title="bbox 2248 5837 3104 5903; baseline -0.006 -6"><span class='ocrx_word' id='word_1_985' title='bbox 2248 5841 2619 5897; x_wconf 71' lang='lat' dir='ltr'><strong>desiderabam</strong></span> <span class='ocrx_word' id='word_1_986' title='bbox 2635 5853 2700 5893; x_wconf 89' lang='lat' dir='ltr'><strong>eo</strong></span> <span class='ocrx_word' id='word_1_987' title='bbox 2718 5837 2842 5903; x_wconf 87' lang='lat' dir='ltr'><strong>loco.</strong></span> <span class='ocrx_word' id='word_1_988' title='bbox 2865 5837 3104 5893; x_wconf 67' lang='lat' dir='ltr'><strong>restituit;</strong></span> 
     </span>
    </p>
   </div>
  </div>
