4136 6494
319 360 463 421 1565

316 482 460 538 lteri.
488 478 644 536 Nulla
677 493 806 550 ergo
835 477 1148 551 multiplicia
1187 488 1499 548 nascuntur,
1543 477 1587 534 si
1615 493 1722 534 non
1751 475 1906 533 addi-

319 573 570 628 lamentis
613 570 1052 642 multiplicantur,
1081 569 1132 626 id
1157 580 1260 637 est,
1291 570 1426 626 ﬁunt
1463 569 1799 640 multiplicia.
1827 569 1906 625 Ac

319 679 415 734 per
440 662 564 727 hoc,
599 662 686 718 ille
729 663 816 732 qui
843 662 1017 718 dictus
1055 672 1140 718 est
1166 677 1287 718 esse
1313 662 1366 716 in
1390 661 1660 732 Sapientia
1685 660 1906 730 spiritus

315 753 588 824 multiplex
631 751 787 825 (Sap.
818 769 911 816 vu,
937 753 1033 823 22)
1052 795 1066 818 ,
1094 753 1184 824 qui
1209 768 1329 810 esse
1360 767 1466 808 non
1495 753 1678 823 cmpit,
1707 751 1802 806 sed
1831 765 1902 806 ex

280 887 284 892 -
313 857 519 903 interno
565 847 634 900 ita
679 855 797 912 est,
827 861 934 900 uou
964 855 1108 902 recte
1150 845 1447 916 appellatus
1483 853 1566 900 est
1603 843 1903 914 multiplex,

312 941 434 1012 quia
447 957 568 997 eum
583 939 925 1010 multiplicem
941 939 1082 994 nulla
1108 939 1466 993 additamenta
1493 935 1754 993 fecerunt.
1767 933 1905 1002 Quid

313 1033 474 1090 etiam
497 1033 737 1087 dicturus
762 1047 820 1087 es
861 1031 929 1086 de
969 1045 1228 1101 responso
1258 1030 1350 1086 Dei
1377 1028 1443 1085 ad
1471 1027 1740 1084 Abraham
1765 1068 1782 1094 ,
1811 1026 1900 1082 ubi

314 1125 410 1188 ait.
440 1122 796 1194 Multiplicaus
821 1123 1168 1194 multiplicabo
1194 1139 1364 1178 semen
1389 1131 1531 1176 tuum
1572 1120 1704 1175 sicut
1731 1119 1906 1176 stellas

311 1217 424 1272 mli
445 1214 596 1290 (Gen.
624 1231 756 1282 nu,
782 1215 912 1287 l7)?
938 1214 1037 1273 Ubi
1064 1214 1305 1271 videmus
1331 1215 1498 1270 Deum
1522 1213 1905 1284 multiplicant}

309 1307 473 1364 etiam
503 1307 683 1362 stellas
707 1307 828 1363 caeli
845 1348 863 1374 ,
888 1305 1026 1362 sicut
1063 1321 1124 1362 se
1151 1305 1396 1376 promisit
1426 1304 1900 1375 multiplicaturum

307 1414 495 1454 semen
519 1397 787 1453 Abrabze?
815 1396 1082 1469 Numquid
1107 1411 1237 1468 ergo
1257 1396 1431 1453 stellae
1453 1397 1577 1455 cali
1598 1439 1614 1463 ,
1641 1404 1702 1453 ut
1724 1386 1904 1453 multi;

309 1491 656 1562 pliearentur,
687 1491 966 1561 pauciores
989 1490 1140 1561 prius
1157 1504 1278 1547 esse
1302 1499 1604 1561 eruperunt,
1631 1499 1686 1548 et
1715 1491 1898 1547 nonin

307 1598 534 1638 numero
561 1599 661 1638 suo
702 1583 1022 1654 multiplices
1064 1593 1189 1640 sunt
1216 1583 1490 1653 institutae,
1519 1599 1586 1641 ex
1629 1601 1736 1656 quo
1777 1593 1905 1640 sunt

307 1673 567 1728 instituta:
591 1675 649 1730 ‘t
673 1673 782 1730 Cur
803 1691 933 1746 ergo
955 1690 1062 1732 non
1087 1675 1164 1730 sic
1185 1676 1383 1746 accipis
1403 1676 1546 1747 quod
1572 1676 1772 1732 dictum
1795 1685 1900 1739 est,

306 1765 665 1839 Multiplicans
708 1768 1054 1840 multiplicabo
1081 1770 1315 1824 tristitias
1341 1778 1455 1822 tuas
1479 1783 1500 1823 :
1526 1777 1772 1838 tanquam
1812 1766 1898 1822 di-

304 1857 476 1912 sisset
500 1899 516 1924 ,
551 1857 766 1912 Faciam
798 1858 1041 1914 tristitias
1075 1867 1194 1914 tuas
1234 1858 1595 1928 multiplices,
1629 1858 1729 1913 nisi
1773 1857 1895 1928 quia

303 1948 382 2004 sic
405 1948 542 2018 agis,
576 1957 632 2003 ut
664 1949 716 2002 in
747 1948 1070 2018 paradisum,
1102 1959 1284 2005 contra
1312 1965 1473 2021 quam
1500 1949 1792 2005 collocatus
1817 1963 1896 2014 es,

302 2039 347 2094 si
377 2039 554 2110 possis
577 2038 885 2095 introducas
908 2039 1139 2110 dolores,
1169 2051 1224 2097 et
1253 2041 1308 2096 in
1335 2041 1454 2096 loco
1481 2049 1642 2095 tanta;
1671 2037 1900 2094 beatitu-

301 2130 448 2186 dinis
493 2140 617 2186 ante
665 2139 941 2200 peccatum
987 2132 1246 2202 prtedices
1297 2131 1542 2188 miserias
1588 2128 1899 2186 institutas?

301 2220 460 2288 Quod
489 2221 634 2276 enim
665 2221 797 2288 Eva,
833 2231 894 2277 ut
919 2222 1178 2291 aﬁirmas,
1215 2237 1337 2278 cum
1366 2221 1642 2278 doloribus
1667 2219 1898 2291 parturi-

303 2313 506 2368 tionem
523 2315 854 2382 naturaliter,
881 2324 1167 2387 antequam
1193 2326 1462 2387 peccaret,
1485 2316 1712 2384 awepit.
1739 2315 1894 2370 istam

303 2419 470 2460 vocas
494 2406 878 2476 parcimouiam
920 2407 1253 2473 naturalem;
1281 2422 1441 2478 quam
1466 2407 1637 2462 videri
1677 2421 1785 2461 non
1817 2405 1898 2460 vis

299 2512 550 2553 eversam
576 2514 642 2554 ex
683 2514 751 2555 eo
794 2499 936 2570 quod
975 2501 1202 2571 amplius
1229 2500 1296 2556 de
1333 2515 1489 2572 pteua
1533 2499 1742 2556 mulieri
1789 2500 1898 2555 Deo

301 2589 633 2658 vindieante,
673 2605 794 2646 eum
826 2602 1120 2663 peccasset,
1151 2594 1395 2650 accessit.
1426 2593 1516 2650 Sic
1540 2595 1684 2649 enim
1709 2594 1900 2664 loque-

298 2683 393 2750 ris,
433 2691 492 2738 ut
516 2683 684 2749 dicas,
715 2685 821 2740 Sed
847 2701 949 2740 non
974 2686 1066 2740 illa
1088 2685 1354 2758 ampliatio
1382 2687 1702 2742 miseriarum
1722 2686 1897 2757 parci-

295 2777 528 2829 moniam
559 2776 696 2830 modi
721 2778 974 2832 naturalis
997 2779 1190 2833 evertit.
1224 2778 1456 2835 Proinde
1484 2787 1536 2834 te
1560 2777 1811 2845 docente,
1841 2785 1898 2832 ut

298 2864 519 2920 femina:
551 2866 602 2919 iu
635 2876 789 2935 partu
815 2867 1156 2924 mediocriter
1181 2868 1416 2933 doleant,
1443 2869 1769 2939 pareimonia
1797 2883 1894 2922 na-

296 2955 494 3011 turalis
539 2964 622 3011 est
655 2971 671 3010 :
707 2957 851 3027 quod
894 2972 1026 3013 vero
1068 2959 1268 3028 peccati
1309 2959 1501 3013 merito
1537 2957 1773 3030 additum
1817 2967 1902 3014 est

293 3049 454 3115 Evzn,
481 3049 758 3119 ampliatio
796 3049 1134 3104 miseriarum
1154 3057 1262 3106 est.
1294 3049 1404 3105 Nec
1428 3050 1578 3106 vides
1599 3092 1614 3117 ,
1645 3065 1767 3105 cum
1799 3051 1899 3106 ista

289 3142 470 3209 dicis,
498 3143 620 3213 quia
662 3143 707 3198 si
748 3143 1016 3214 ampliata:
1043 3151 1168 3199 sunt
1194 3143 1424 3199 miseria:
1453 3157 1550 3214 per
1581 3150 1854 3213 peccatum
1879 3157 1896 3210 ;

297 3235 402 3306 jam
439 3235 652 3291 luerunt
679 3236 932 3292 institutae
950 3251 1046 3308 per
1071 3246 1338 3304 naturam,
1361 3247 1414 3292 et
1440 3235 1654 3303 mulier,
1680 3235 1765 3291 cui
1785 3251 1902 3290 am-

301 3327 483 3396 pliata:
525 3338 652 3382 sunt
679 3327 911 3383 miseria:
945 3327 1138 3384 merito
1167 3328 1372 3397 peccati
1391 3367 1407 3393 ,
1445 3327 1557 3398 jam
1585 3326 1901 3383 naturaliter

302 3421 501 3476 misera
529 3428 646 3475 erat
679 3427 805 3476 ante
835 3431 1134 3490 peccatum.
1167 3419 1248 3475 Tu
1286 3420 1412 3476 licet
1447 3433 1567 3476 eam
1595 3418 1745 3476 dicas
1771 3433 1900 3490 par-

299 3512 532 3569 eimonia
563 3513 793 3568 naturali
845 3511 1188 3569 mediocriter
1214 3512 1501 3578 miseram;
1533 3520 1734 3578 tamen,
1767 3511 1901 3566 velis

302 3605 464 3671 nolis,
495 3605 580 3659 cui
604 3603 737 3660 dicis
775 3605 1066 3660 accessisse
1095 3603 1494 3674 ampliatiouem
1520 3602 1896 3669 miseriarum,

304 3697 547 3764 profecto
570 3704 622 3751 et
643 3706 768 3752 ante
791 3696 930 3752 hanc
949 3697 1309 3753 accessionem
1332 3697 1582 3752 miseram
1601 3695 1896 3752 conﬁteris.

303 3787 446 3845 Ecce
475 3788 616 3858 quod
648 3788 715 3843 de
747 3797 799 3844 tc
840 3797 1078 3845 meretur
1102 3798 1288 3844 natura
1321 3789 1552 3844 hominis
1578 3803 1610 3843 a
1651 3789 1762 3844 Deo
1788 3789 1900 3858 pri-

305 3881 469 3936 mitus
497 3881 718 3936 instituti
745 3899 758 3935 :
785 3895 912 3936 ecce
951 3880 1096 3952 quod
1135 3879 1202 3935 de
1242 3889 1295 3936 te
1339 3891 1576 3936 meretur
1619 3880 1900 3952 paradisus

305 3972 422 4028 Dei.
459 3973 671 4042 Ejectus
699 3972 896 4043 quippe
918 4013 933 4036 ,
979 3979 1037 4028 et
1062 3981 1247 4027 contra
1289 3987 1413 4027 eum
1441 3971 1732 4028 collocatus
1777 3972 1901 4027 talia

304 4065 611 4121 contrarius
657 4064 970 4132 reddidisti,
1000 4074 1059 4120 ut
1088 4065 1142 4120 in
1170 4065 1289 4121 loco
1319 4063 1663 4120 beatitudinis
1689 4064 1900 4120 diceres

306 4157 552 4214 miserias
577 4156 832 4212 divinitus
857 4156 1146 4223 institutas,
1180 4172 1288 4212 non
1313 4165 1492 4212 autem
1517 4157 1774 4227 coepisse,
1800 4157 1898 4212 sed

305 4246 542 4303 crevisse
569 4247 824 4318 peccatis.
854 4246 992 4316 Quid
1020 4254 1126 4303 tam
1151 4248 1482 4304 contrarium
1503 4291 1517 4315 ,
1545 4263 1704 4320 quam
1731 4249 1898 4305 mise-

308 4337 388 4391 ria
419 4336 730 4393 beatitudiui
753 4379 768 4405 ,
795 4349 847 4394 et
872 4339 1147 4396 beatitudo
1168 4339 1439 4395 miserim?
1460 4341 1566 4397 Aut
1588 4339 1715 4412 quid
1745 4340 1904 4412 signi-

311 4427 455 4494 lleat,
486 4427 628 4496 quod
652 4428 719 4483 de
745 4430 992 4497 paradiso
1012 4440 1266 4500 peccator
1290 4433 1566 4499 exclusus,
1593 4441 1780 4488 contra
1810 4448 1903 4503 pa-

311 4518 548 4573 radisum
565 4528 648 4574 est
669 4520 993 4582 collocatus;
1023 4522 1124 4576 nisi
1144 4523 1268 4592 quia
1290 4523 1342 4576 in
1368 4523 1584 4578 miseria
1611 4524 1902 4579 collocatus

310 4617 414 4669 est,
447 4622 567 4682 qua:
613 4607 922 4662 beatitudini
967 4609 1083 4663 sine
1125 4609 1439 4680 cujusquam
1481 4611 1904 4667 contradictione

311 4699 398 4753 vel
419 4700 440 4732 ³
469 4698 799 4754 dubitatione
825 4709 909 4754 est
930 4700 1236 4754 contraria?
1265 4701 1329 4754 Et
1369 4701 1494 4772 quid
1523 4702 1601 4756 sic
1629 4701 1762 4772 fugit
1802 4718 1902 4757 na-

313 4797 454 4856 tura,
487 4798 545 4844 ut
571 4789 888 4844 miseriam?
916 4790 1041 4860 quid
1067 4791 1144 4844 sie
1163 4791 1383 4860 appetit,
1409 4801 1465 4846 ut
1494 4791 1904 4848 beatitudinem?

312 4881 555 4952 Denique
583 4881 809 4936 liberum
839 4882 1116 4937 arbitrium
1143 4883 1286 4953 quod
1310 4882 1380 4940 de
1409 4884 1508 4939 hac
1534 4900 1595 4942 re
1623 4884 1902 4953 habemus,

315 4975 388 5030 ita
436 4978 591 5033 nobis
636 4979 948 5033 naturaliter
978 4977 1194 5033 insitum
1242 4988 1364 5047 est,
1411 4989 1468 5036 ut
1496 4981 1638 5036 nulla
1690 4982 1906 5040 miseria

317 5067 472 5124 nobis
500 5069 668 5139 possit
691 5067 888 5126 auferri
919 5069 1062 5142 quod
1092 5071 1275 5127 miseri
1300 5087 1421 5128 esse
1443 5073 1706 5140 nolumus,
1735 5084 1791 5131 et
1814 5092 1908 5132 vo-

315 5159 494 5218 lumus
523 5176 642 5218 esse
678 5161 839 5218 beati.
880 5162 1061 5234 Usque
1102 5163 1237 5220 adeo
1261 5174 1323 5220 ut
1359 5165 1468 5236 jam
1509 5167 1606 5238 ipsi
1632 5168 1722 5239 qui
1766 5170 1909 5226 male

317 5251 544 5308 vivendo
572 5262 698 5309 sunt
723 5253 938 5322 miseri,
967 5256 1106 5313 male
1135 5257 1316 5314 vivere
1338 5258 1554 5331 quidem
1586 5261 1770 5326 velint,
1801 5279 1903 5318 no-

318 5341 420 5397 lint
445 5353 620 5398 tamen
649 5359 772 5400 esse
819 5346 1037 5412 miseri,
1063 5347 1160 5404 sed
1205 5348 1366 5405 beati.
1401 5351 1513 5407 Hoc
1549 5361 1634 5408 est
1676 5352 1904 5410 liberum

319 5431 594 5490 arbitrium
636 5436 834 5492 nostris
876 5439 1143 5496 mentibus
1178 5441 1522 5501 immobiliter
1551 5447 1750 5514 tisum,
1798 5464 1905 5505 non

320 5540 428 5591 quo
458 5527 592 5582 bene
619 5542 780 5599 agere
806 5530 1054 5584 volumus
1078 5571 1093 5597 ,
1121 5537 1244 5587 nam
1271 5532 1324 5589 id
1351 5533 1581 5592 humana
1627 5537 1906 5611 iniquitate

388 5663 406 5727 ξ
431 5667 493 5727 Ex
511 5670 614 5714 Mss.
634 5662 868 5727 addimus,
891 5675 956 5727 ea;
978 5676 1072 5727 quo
1094 5671 1202 5727 sunt

386 5725 416 5794 '_
433 5726 590 5788 vign.,
615 5724 900 5797 atjusquatn
1231 5735 1302 5782 est
1321 5731 1581 5786 caturaria.
1607 5740 1672 5789 ει
1696 5743 1802 5790 Mss.
1819 5739 1905 5792 sd-

324 5781 546 5848 iecimu's,
571 5781 946 5839 canit-adicqu
963 5787 1052 5841 uel.

1691 355 1895 416 LIBER
1936 355 2221 415 SEXTUS.

3469 376 3612 435 ιδεο

2020 477 2287 547 potuimus
2313 479 2562 538 amittere
2582 523 2600 552 ,
2631 489 2686 538 et
2721 482 2892 555 gratia
2918 481 3097 542 divina
3140 502 3424 558 possumus
3469 495 3611 549 reci-

2017 582 2177 639 pere;
2208 571 2302 627 sed
2329 572 2556 630 liberum
2579 575 2860 632 arbitrium
2890 593 2998 649 quo
3019 579 3158 636 beati
3183 595 3307 638 esse
3334 583 3604 652 volumus,

2015 672 2070 717 et
2093 664 2274 720 miseri
2300 667 2580 752 nolumus,_
2599 686 2697 726 nec
2724 673 2905 728 miseri
2933 684 3157 743 possunt
3183 677 3433 734 amittere
3454 722 3469 745 ,
3501 696 3603 736 nec

2014 753 2176 811 beati.
2205 757 2354 814 Beati
2395 763 2589 832 quippe
2629 778 2819 819 omnes
2862 779 2986 821 esse
3023 767 3306 834 volumus,
3337 771 3477 840 quod
3509 773 3608 841 ipsi

2015 862 2226 919 quoque
2258 850 2556 923 philosophi
2585 853 2743 925 hujus
2769 857 2984 923 saeculi,
3019 867 3073 911 et
3098 860 3401 915 Academici
3429 861 3498 917 de
3524 879 3610 918 re-

2015 936 2116 993 bus
2143 941 2392 998 omnibus
2433 942 2777 1012 dubitantes,
2812 955 2948 1002 teste
2991 958 3216 1018 patrono
3250 965 3349 1005 suo
3390 951 3601 1016 Tullio,

2014 1030 2184 1086 coacti
2207 1042 2331 1086 sunt
2353 1034 2597 1091 conﬁteri
2624 1055 2638 1092 :
2663 1037 2818 1107 idque
2840 1054 3002 1093 unum
3025 1055 3146 1096 csse
3173 1041 3440 1108 dderunt,
3463 1045 3606 1114 quod

2012 1119 2370 1192 disputatione
2399 1140 2502 1180 non
2528 1137 2704 1197 egeat,
2732 1129 2872 1198 quod
2902 1144 3059 1184 nemo
3083 1139 3165 1184 est
3187 1131 3276 1200 qui
3309 1146 3416 1184 non
3443 1146 3608 1201 expc-

2014 1217 2107 1264 tat.
2139 1211 2251 1268 Hoc
2270 1214 2546 1270 arbitrium
2568 1217 2792 1273 liberum
2822 1219 3102 1290 adiuvatur
3123 1235 3217 1290 per
3245 1220 3334 1275 Dei
3361 1222 3608 1291 gratiam.

2015 1308 2073 1356 ut
2116 1303 2260 1374 quod
2292 1307 2605 1363 naturaliter
2633 1309 2876 1364 volumus
2900 1351 2914 1374 ,
2948 1311 3051 1366 hoc
3074 1320 3158 1366 est
3202 1312 3357 1366 beate
3384 1312 3565 1368 vivere
3591 1357 3606 1376 ,

2012 1391 2152 1448 bene
2178 1395 2408 1451 vivendo
2435 1395 2638 1454 habere
2675 1400 2962 1469 possimus.
2993 1400 3058 1456 Et
3088 1411 3142 1456 tu
3171 1400 3338 1467 dicis,
3367 1403 3608 1472 quamvis

2013 1483 2311 1540 mediocres
2330 1487 2598 1556 miserias,
2624 1497 2802 1545 tamen
2829 1491 3092 1558 miserias,
3123 1491 3433 1547 beatitudini
3462 1492 3608 1548 nullo

2011 1589 2258 1649 negante,
2286 1579 2435 1635 nullo
2459 1581 2764 1654 ambigente
2781 1584 3098 1651 contrarias,
3123 1583 3175 1639 iu
3203 1583 3387 1654 primis
3415 1584 3598 1655 operi-

2011 1669 2110 1724 bus
2139 1670 2231 1726 Dei
2258 1712 2271 1735 ,
2299 1671 2445 1727 nullo
2465 1672 2780 1744 cujusquam
2811 1673 3148 1744 prmeedente
3179 1682 3421 1744 peccato,
3448 1683 3602 1729 natu-

2011 1762 2195 1819 raliter
2217 1763 2507 1832 institutas,
2526 1774 2581 1820 ut
2597 1766 2801 1822 scilicet
2827 1767 3142 1838 peecatricis
3161 1768 3400 1822 mulieris
3420 1782 3603 1838 pinna,

2011 1864 2232 1925 propter
2273 1872 2432 1928 quam
2475 1857 2675 1913 dictum
2717 1867 2834 1925 est,
2865 1858 3215 1930 blultiplicans
3260 1859 3607 1930 multiplicabo

2010 1945 2240 2000 tristitias
2268 1955 2403 2012 tuas,
2434 1962 2540 2003 non
2571 1947 2642 2003 sit
2669 1948 2931 2004 institutio
2961 1950 3294 2004 miseriarum
3319 1991 3335 2016 ,
3361 1965 3480 2019 qua:
3500 1990 3516 2014 ,
3547 1958 3606 2004 ut

2009 2036 2164 2102 dicis,
2189 2036 2300 2107 jam
2327 2037 2501 2094 fuerat
2527 2039 2580 2094 in
2609 2049 2795 2096 natura
2819 2058 2834 2104 ;
2857 2041 2951 2096 sed
2977 2041 3249 2110 ampliatio
3273 2056 3392 2112 qua:
3415 2055 3599 2098 acces-

2008 2132 2078 2185 sit
2100 2146 2169 2186 ex
2196 2145 2372 2200 pinna.
2402 2130 2542 2199 Quid
2573 2147 2672 2203 ego
2690 2133 2801 2204 jam
2830 2142 3003 2188 tecum
3032 2148 3184 2204 agam
3223 2132 3292 2187 de.
3321 2131 3601 2202 sequenti-

2010 2219 2110 2276 bus
2133 2221 2225 2276 Dei
2252 2222 2448 2288 verbis,
2473 2222 2562 2277 ubi
2591 2231 2933 2294 posteaquam
2957 2223 3094 2278 dixit
3115 2224 3257 2294 quod
3289 2222 3354 2278 ad
3385 2238 3602 2293 penam

2009 2311 2305 2380 pertinebat
2328 2313 2368 2380 ί,
2397 2311 2466 2366 In
2493 2312 2700 2367 tristitia
2736 2314 2903 2384 paries
2928 2315 3102 2383 ﬁlios;
3137 2329 3259 2369 mox
3285 2313 3507 2380 addidit,
3532 2311 3603 2368 Et

2007 2402 2077 2457 ad
2101 2403 2263 2458 virum
2301 2414 2445 2458 tuum
2487 2406 2745 2460 conversio
2770 2415 2857 2459 tua
2877 2445 2894 2471 ,
2925 2414 2973 2460 et
3015 2405 3126 2476 ipse
3153 2407 3228 2460 tui
3255 2405 3603 2459 dominabitur

2013 2493 2164 2565 (Gen.
2193 2510 2271 2563 ιιι,
2305 2493 2596 2568 l6)?Quid
2638 2512 2774 2567 Opus
2801 2506 2885 2552 est
2928 2505 2986 2552 ut
3031 2506 3209 2553 tecum
3249 2496 3375 2553 inde
3410 2495 3602 2553 conﬂi-

2007 2603 2154 2658 gam,
2179 2597 2360 2644 utrum
2389 2590 2489 2644 ista
2523 2589 2822 2645 dominatio
2866 2590 2962 2645 viri
2991 2605 3147 2660 pmua
3182 2591 3251 2646 sit
3293 2589 3507 2646 femina:
3531 2606 3600 2646 an

2009 2678 2144 2734 ordo
2167 2689 2374 2735 natura!
2389 2680 2415 2734 ?
2439 2696 2600 2752 quem
2643 2690 2819 2736 tamen
2847 2681 3092 2737 ordinem
3134 2695 3246 2737 non
3269 2695 3601 2738 commemo-

2008 2769 2153 2824 ravit
2195 2769 2357 2836 Deus,
2403 2771 2620 2842 quando
2665 2770 2921 2836 condidit,
2969 2771 3066 2827 sed
3111 2771 3326 2842 quando
3377 2772 3599 2843 punivit.

2010 2858 2230 2926 Verum,
2260 2869 2318 2914 ut
2347 2860 2456 2915 disi
2475 2903 2491 2928 ,
2522 2861 2648 2932 quid
2675 2875 2812 2932 Opus
2837 2871 2918 2916 est
2944 2862 2996 2915 in
3027 2876 3093 2917 eo
3131 2863 3389 2918 remorari
3413 2903 3430 2930 ,
3459 2862 3602 2934 quod

2009 2950 2320 3006 utrumlibet
2344 2949 2437 3017 sit,
2466 2960 2704 3006 nostram
2754 2966 2858 3006 non
2902 2951 3124 3020 impedit
3147 2967 3367 3007 causam
3385 2953 3411 3006 ἲ
3439 2953 3602 3009 Pror-

2007 3051 2102 3094 sus
2142 3039 2320 3108 Deus,
2359 3054 2390 3094 a
2429 3040 2692 3111 supplicio
2744 3040 2884 3111 quod
2931 3039 3203 3112 indigebat
3242 3041 3488 3105 mulieri,
3532 3042 3600 3097 ad

2009 3131 2430 3202 praecipiendum
2472 3131 2636 3188 fuerit
2660 3143 2884 3203 repente
2922 3146 3248 3199 conversus,
3277 3141 3333 3187 et
3362 3133 3604 3201 iubendo

2011 3237 2118 3277 non
2145 3220 2451 3276 damnando
2473 3221 2690 3289 dixerit,
2722 3222 2802 3276 Ad
2831 3223 2990 3276 virum
3016 3231 3156 3276 tuum
3183 3222 3439 3278 conversio
3465 3231 3554 3277 tua
3571 3264 3589 3290 ,

2008 3324 2058 3370 et
2095 3315 2205 3386 ipse
2244 3315 2320 3369 tui
2347 3313 2731 3370 dominabitur:
2755 3313 2880 3385 quid
2931 3314 3032 3370 hoc
3077 3314 3144 3369 ad
3188 3315 3538 3385 qiuestiouem
3562 3355 3582 3382 ,

2008 3420 2167 3476 quam
2191 3405 2260 3461 de
2279 3405 2542 3475 supplicio
2574 3404 2886 3475 peecatricis
2928 3404 3028 3460 ista
3059 3404 3422 3476 disputatione
3459 3419 3586 3460 ver-

2007 3496 2228 3551 samus?
2256 3495 2332 3552 De
2360 3494 2595 3551 miseriis
2615 3504 2790 3552 tecum
2818 3510 2939 3566 ago,
2967 3511 3100 3566 quas
3122 3495 3190 3550 dc
3221 3494 3468 3564 paradiso
3493 3495 3607 3566 eje-

2008 3597 2127 3644 ctus
2170 3588 2325 3658 eique
2369 3588 2708 3654 contrarius,
2756 3587 2810 3643 in
2854 3587 3102 3658 paradiso
3144 3587 3322 3642 locare
3350 3587 3602 3653 conaris;

2009 3695 2207 3752 easque
2245 3695 2352 3735 non
2381 3679 2718 3751 peccantium
2749 3681 2954 3736 meritis
2973 3721 2989 3746 ,
3016 3679 3112 3735 sed
3155 3679 3263 3735 Deo
3290 3688 3604 3734 naturarum

2011 3771 2306 3827 institutori
2330 3811 2346 3836 ,
2379 3781 2629 3841 tauquam
2659 3781 2715 3826 et
2761 3771 2903 3843 ipsas
2933 3769 3250 3825 naturaliter
3275 3769 3564 3825 instituerit
3584 3810 3602 3836 ,

2011 3870 2104 3917 tuo
2133 3861 2338 3934 pudore
2378 3873 2653 3932 pereunte,
2684 3871 2740 3918 et
2777 3878 2874 3917 ore
2911 3861 3317 3932 blasphemante
3343 3861 3601 3917 tribuere.

2014 3953 2107 4010 Die
2130 3954 2239 4022 jam
2265 3953 2395 4025 quid
2423 3953 2599 4008 etiam-
2621 3953 2690 4008 de
2713 3953 2812 4008 viri
2841 3967 2994 4022 pinna
3021 3951 3344 4022 persuadere
3369 3951 3562 4006 nitaris
3586 3969 3601 4004 :

2010 4043 2440 4114 quandoquidem
2468 4043 2580 4114 jam
2627 4044 2760 4099 satis
2796 4052 2900 4108 est,
2942 4042 3067 4112 quid
3113 4042 3210 4097 ista
3255 4042 3448 4099 mulier
3487 4057 3608 4112 qua:

2009 4147 2136 4193 ante
2174 4145 2454 4208 peccatum
2499 4133 2642 4190 nuda
2679 4144 2796 4190 erat
2835 4143 2892 4190 et
2933 4149 3039 4189 non
3079 4132 3526 4200 contendebatur,
3556 4142 3612 4188 te

2013 4225 2234 4282 nudavit
2261 4233 2421 4295 atque
2447 4223 2705 4280 confudit.

2025 4325 2032 4327 ’
2081 4315 2295 4373 XXVII.
2322 4316 2444 4372 ιω..
2490 4315 2688 4371 Verum
2745 4314 3007 4370 sul’lieiant
3051 4313 3149 4368 ista
3193 4311 3262 4368 de
3319 4312 3546 4368 muliere
3576 4354 3598 4377 ,

2013 4421 2347 4467 transeamus
2390 4409 2460 4464 ad
2487 4407 2588 4464 viri
2611 4409 2809 4463 munia.
2852 4406 3016 4473 Atlas,
3056 4407 3256 4476 inquit,
3286 4405 3415 4459 dixit
3437 4421 3457 4460 :
3490 4403 3615 4459 lla-

2012 4505 2198 4561 (edicta
2238 4513 2373 4560 terra
2419 4505 2473 4558 in
2503 4502 2739 4576 operibus
2779 4501 2916 4566 tuis;
2945 4501 2998 4554 iu
3036 4501 3240 4556 tristitia
3280 4499 3614 4553 utauducabis

2013 4613 2123 4650 eam
2146 4596 2374 4650 omnibus
2394 4593 2569 4647 diebus
2585 4595 2698 4647 vita:
2721 4600 2842 4654 tute;
2857 4591 3032 4661 spinas
3057 4600 3104 4644 et
3125 4590 3335 4644 tribulos
3361 4589 3472 4643 edet
3493 4588 3605 4653 tibi,

2011 4695 2060 4740 et
2085 4685 2202 4740 edes
2229 4689 2403 4755 fenum
2426 4685 2540 4756 agri
2563 4684 2636 4737 tui
2657 4699 2678 4737 :
2696 4684 2750 4736 in
2776 4683 2960 4736 sudore
2980 4681 3133 4751 faciei
3161 4690 3262 4735 tua:
3285 4681 3404 4734 edes
3424 4696 3612 4750 panem

2013 4784 2175 4837 tuum,
2204 4773 2363 4829 donec
2390 4773 2696 4827 converteris
2737 4773 2790 4826 in
2829 4781 3013 4826 terram
3041 4771 3108 4826 de
3133 4788 3234 4841 qua
3271 4781 3499 4840 sumptus
3521 4787 3609 4838 es;

2012 4865 2252 4934 quoniam
2279 4872 2410 4917 terra
2438 4879 2490 4918 es
2512 4903 2529 4928 ,
2557 4872 2604 4917 et
2631 4862 2685 4916 in
2727 4872 2913 4916 terram
2943 4861 3038 4916 ibis
3064 4860 3232 4932 (Gen.
3258 4877 3314 4916 ιιι
3337 4904 3352 4926 ,
3380 4863 3544 4918 l7-l9
3563 4860 3606 4935 ).

2015 4955 2113 5010 llic
2138 4969 2244 5010 non
2269 4963 2352 5010 est
2377 4953 2603 5020 dictum,
2633 4953 2992 5025 Multiplicabo
3021 4953 3203 5024 spinas
3232 4961 3370 5017 tuas,
3397 4964 3490 5008 aut
3517 4969 3610 5008 su-

2014 5047 2172 5104 dores
2203 5056 2322 5102 tuos
2353 5065 2366 5100 :
2398 5047 2494 5103 sed
2521 5047 2675 5118 quasi
2703 5057 2829 5103 tunc
2859 5047 3087 5118 primum
3127 5055 3302 5103 creata
3333 5047 3606 5103 dicuntur.

2015 5143 2086 5197 At
2111 5141 2270 5197 etiam
2303 5140 2461 5211 hujus
2487 5139 2708 5207 invidia,
2731 5156 2836 5196 nou
2867 5140 3070 5210 majore
3093 5155 3252 5210 quam
3277 5140 3467 5196 uxoris
3491 5141 3609 5210 ejus

2013 5233 2198 5290 labore
2235 5231 2587 5289 dissolvitur:
2617 5232 2769 5288 initio
2807 5232 3006 5303 quippe
3048 5247 3153 5286 non
3193 5233 3384 5288 semini
3430 5232 3606 5287 homi-

2015 5325 2132 5388 nis,
2164 5324 2258 5380 sed
2302 5323 2468 5379 humo
2495 5323 2850 5378 maledicitur.
2879 5321 2946 5377 In
2972 5323 3071 5378 tuis
3105 5323 3359 5392 operibus,
3395 5323 3564 5394 inquit
3588 5363 3606 5388 ,

2015 5415 2283 5471 maledicta
2329 5426 2463 5472 terra
2506 5417 2624 5470 erit.
2667 5415 2806 5484 Quid
2857 5417 3170 5472 commerita
3223 5414 3434 5470 fuerant
3479 5429 3604 5471 arva

2017 5507 2158 5580 (qua:
2189 5519 2337 5564 certe
2378 5509 2446 5565 de
2491 5509 2708 5566 traduce
2738 5507 2868 5565 Adze
2900 5509 3097 5565 habere
3127 5507 3256 5564 nihil
3289 5507 3598 5580 poterant),

2081 5719 2099 5752 ί
2126 5721 2284 5783 ι’ἱςιι..
2309 5722 2436 5785 quod
2457 5721 2524 5770 ad
2558 5721 2821 5784 pertinebat
2840 5737 2859 5785 ;
2881 5735 3090 5786 onusso,
3113 5733 3332 5788 pmn,
3358 5720 3482 5784 quoi
3506 5720 3603 5770 but:

2015 5795 2300 5838 revocamus
2324 5799 2386 5836 CX
2415 5793 2523 5839 ‘55.
