4136 6528
568 385 588 441 Ι
599 383 700 441 567

563 507 618 550 ut
662 509 759 564 pro
803 499 1024 562 peccato
1047 489 1336 548 voluntatis
1376 491 1563 544 aliena:
1591 485 1889 542 convicium
1937 480 2156 536 maledi-

561 585 756 640 elionis
808 583 1156 654 exciperent?
1187 583 1270 636 An
1311 590 1370 636 ut
1399 581 1558 636 etiam
1607 579 1844 646 ipsorum
1893 573 2154 644 eeSpitnm

561 677 848 732 doceretur
873 673 1144 744 exemplo,
1171 687 1328 743 posse
1353 686 1476 726 esse
1501 668 1865 732 maledictum,
1883 665 1972 718 ubi
2001 663 2154 732 culpa

561 785 668 825 non
718 769 906 824 esset?
933 768 1064 822 Nam
1095 767 1140 821 si
1185 769 1238 822 in
1270 765 1488 820 homine
1529 771 1800 832 peccatum
1829 801 1843 826 ,
1877 759 1930 813 in
1975 767 2155 828 segete

563 861 929 926 maledictum;
961 858 1302 913 manifestum
1341 865 1423 910 est
1449 855 1671 909 crin'iina
1697 867 1802 905 non
1829 865 2041 920 semper
2061 847 2152 902 ad-

561 954 769 1010 basrere
807 952 1122 1021 dispendiis.
1169 950 1224 1004 Si
1259 963 1386 1018 ergo
1433 955 1650 1015 propter
1685 945 1784 998 hoc
1821 942 2156 998 maledicitur

561 1057 740 1110 terrae,
771 1053 827 1098 ut
851 1045 938 1098 ille
968 1044 1057 1113 qui
1093 1047 1404 1110 peccaverat
1432 1037 1730 1106 afﬂigatur,
1755 1049 1856 1089 nec
1883 1043 2060 1088 tamen
2081 1031 2153 1087 ibi

557 1137 830 1206 iniquitas,
857 1135 948 1190 ubi
978 1134 1278 1189 maledictio
1299 1131 1642 1186 continetur:
1674 1144 1770 1183 cur
1797 1143 1901 1182 non
1935 1141 1995 1181 ea
2026 1141 2156 1180 eon-

554 1229 779 1294 ditioue,
810 1227 1014 1282 etiamsi
1038 1225 1164 1296 quid
1189 1237 1548 1278 mrumnarum
1575 1229 1778 1275 natura:
1805 1228 2003 1272 nostra:
2034 1225 2154 1286 post

555 1326 836 1388 peccaturo
891 1317 1044 1386 primi
1095 1315 1328 1368 hominis
1369 1313 1654 1366 doceretur
1703 1310 1944 1372 illatum,
1973 1315 2150 1362 tamen

557 1417 873 1480 sequeretur
918 1423 1023 1462 non
1065 1405 1188 1461 ideo
1231 1405 1455 1458 miseros
1485 1416 1605 1457 esse
1635 1407 1916 1454 nascentes
1941 1440 1953 1462 ,
1987 1406 2044 1451 ut
2073 1397 2150 1451 rei

557 1501 1020 1562 convincerentur;
1040 1495 1136 1550 sed
1155 1492 1730 1550 ntcommemoratione
1747 1489 1947 1558 peccati
1970 1487 2147 1557 primi,

556 1589 780 1644 afﬂictio
820 1587 1149 1643 succcdanea
1180 1585 1263 1639 liis
1305 1599 1442 1654 quos
1473 1597 1593 1638 reos
1625 1595 1730 1635 non
1773 1579 1964 1635 fecerat
1989 1619 2004 1643 ,
2033 1579 2149 1632 imi-

529 1711 532 1714 λ
562 1684 778 1738 ttionis
804 1683 954 1736 mala:
985 1680 1236 1734 indiceret
1266 1677 1602 1732 cautionem?
1629 1671 2071 1742 Quandoquidem
2097 1679 2151 1726 et

557 1781 700 1829 terra
723 1773 792 1828 ob
823 1773 925 1826 hoc
945 1770 1318 1826 ostenderetur
1349 1767 1616 1822 maledicti
1643 1764 1942 1819 convicium
1965 1772 2148 1832 pertu-

555 1864 704 1930 lisse,
725 1863 990 1918 utmalum
1009 1862 1197 1916 aliena:
1223 1857 1510 1914 voluntatis
1530 1863 1796 1925 argueret,
1819 1869 1923 1908 non
1941 1863 2000 1908 ut
2023 1867 2150 1923 par-

553 1956 921 2027 ticipationem
949 1955 1031 2008 sui
1077 1953 1318 2008 criminis
1349 1952 1592 2022 gigneret
1621 1967 1633 2002 :
1664 1948 1764 2002 nisi
1793 1945 1932 2001 forte
1958 1946 2146 2000 creda-

553 2063 674 2104 mus
705 2048 1003 2102 chariorem
1043 2047 1152 2101 Deo
1181 2055 1376 2100 terram
1405 2059 1544 2106 esse,
1577 2057 1736 2113 quam
1763 2041 2143 2105 innocentiam,

553 2149 613 2194 ut
656 2139 860 2194 scelere
907 2137 1082 2192 alieno
1123 2151 1242 2191 cum
1296 2134 1505 2206 glebam
1553 2149 1658 2187 non
1691 2132 1920 2202 patiatur
1943 2130 2144 2200 pollui,

551 2229 728 2286 addici
747 2239 920 2284 tamen
937 2229 1204 2298 permittat
1218 2226 1512 2281 infantiam.
1533 2224 1868 2279 Maledictum
1882 2237 2008 2291 ergo
2024 2221 2147 2276 diri-

557 2321 764 2392 giturin
792 2329 1006 2382 terram,
1023 2333 1121 2372 nec
1139 2327 1316 2372 tamen
1338 2317 1438 2370 hoc
1461 2318 1634 2386 ipsum
1661 2313 1977 2383 relinquitur
1997 2313 2150 2368 invo-

553 2413 746 2468 lutum.
776 2412 1068 2466 Disseritur
1095 2411 1290 2480 quippe
1326 2424 1432 2479 quo
1463 2407 1566 2462 [ine
1593 2404 1858 2476 ejusmodi
1883 2407 2146 2460 sententia

553 2502 884 2568 tenderetur,
907 2503 992 2556 vel
1036 2499 1308 2571 quomodo
1353 2499 1548 2553 humus
1595 2494 1878 2552 maledicta
1923 2510 2146 2550 vocare-

553 2604 662 2649 tur.
694 2591 762 2646 In
789 2592 1023 2656 tristitia,
1059 2591 1258 2660 inquit,
1287 2587 1614 2642 manducabis
1648 2603 1760 2642 eam
1787 2585 2015 2640 omnibus
2035 2587 2146 2642 die-

553 2685 646 2738 bus
669 2683 784 2736 vita:
801 2690 919 2735 tutu.
941 2681 1058 2748 Quo
1081 2681 1240 2750 igitur
1259 2693 1456 2749 genere
1476 2693 1536 2733 se
1554 2685 1820 2748 exponat,
1843 2677 2106 2732 advortito
2129 2697 2142 2733 :

553 2771 838 2830 maledicta
869 2771 1070 2827 dicitur
1099 2777 1271 2837 terra,
1303 2783 1408 2825 non
1438 2782 1546 2839 quo
1571 2768 1624 2823 in
1649 2782 1769 2823 eam
1793 2767 2144 2823 animadverti

551 2863 810 2935 quiverit,
865 2861 958 2918 sed
1009 2862 1113 2918 hoc
1159 2861 1376 2916 nomine
1422 2859 1604 2929 Opinio
1655 2858 1819 2914 animi
1869 2857 2147 2914 mmrentis

550 2956 886 3022 ostenditur;
915 2964 974 3010 ut
991 2955 1242 3025 quoniam
1279 2952 1519 3009 sterilem
1564 2950 1767 3008 sciebat
1793 2965 1892 3022 pro
1927 2950 2147 3006 cultoris

549 3049 633 3104 sui
683 3047 920 3112 meritis,
951 3044 1213 3117 aegritudo
1257 3044 1546 3100 esurientis
1589 3041 1820 3114 operarii
1853 3043 2146 3112 imputaret

549 3141 708 3196 terrie
733 3139 874 3210 quod
893 3138 1006 3208 ipse
1033 3143 1422 3208 promeruerat,
1443 3145 1498 3191 et
1525 3133 1862 3191 maledictam
1879 3149 2000 3190 eam
2011 3132 2146 3190 allii-

547 3241 669 3286 ctus
689 3237 923 3295 vocaret,
940 3229 1095 3299 cujus
1117 3227 1236 3283 ideo
1256 3227 1606 3283 claudebatur
1629 3226 1899 3296 opimitas,
1924 3235 1982 3280 ut
2007 3241 2144 3296 prie-

548 3319 914 3376 varicatorille
932 3333 1032 3373 nec
1049 3326 1312 3382 naturam,
1333 3331 1434 3372 nec
1455 3325 1676 3382 terram,
1693 3315 1788 3372 sed
1815 3317 2142 3372 voluntatem

547 3419 713 3480 atque
745 3423 1026 3480 personam
1063 3425 1213 3464 suam
1239 3409 1524 3464 maledicto
1553 3409 1806 3463 fateretur
1831 3408 2141 3463 obnoxiam.

550 3502 765 3574 Spinas,
794 3502 984 3572 inquit,
1016 3511 1060 3556 et
1086 3501 1298 3556 tribulos
1325 3501 1434 3555 edet
1457 3501 1564 3555 tibi.
1599 3500 1716 3556 Non
1739 3499 1837 3555 fuit
1861 3509 2170 3557 contentus‘

547 3594 734 3650 dicere
756 3635 772 3662 ,
803 3593 995 3665 Spinas
1038 3610 1097 3646 ac
1123 3593 1334 3647 tribulos
1385 3592 1494 3648 edet
1529 3592 1575 3658 ';
1622 3591 1715 3646 sed
1762 3591 2001 3659 addidit,
2031 3589 2140 3646 tibi.

535 3685 696 3741 inter
719 3686 942 3756 virgulta
985 3685 1180 3756 quippe
1221 3685 1322 3738 alia
1347 3724 1363 3750 ,
1396 3693 1452 3738 et
1495 3685 1738 3753 veprium
1775 3683 1992 3738 frutices
2017 3683 2145 3738 olim

547 3779 698 3847 jussa
729 3777 1026 3847 protulerat
1051 3794 1064 3830 :
1089 3784 1215 3831 tunc
1229 3791 1380 3842 vero,
1403 3783 1463 3830 ut
1485 3783 1932 3844 compungeretur
1959 3775 2142 3842 homo,

549 3868 710 3922 solito
747 3867 1064 3922 sentieosior
1104 3865 1278 3920 futura
1307 3867 1652 3934 promittitur.
1679 3866 1830 3934 Quod
1859 3866 2027 3920 Adam
2055 3882 2146 3922 ve-

551 3960 832 4014 hementer
853 3959 1112 4028 castigare
1132 3967 1360 4028 poterat,
1383 3974 1546 4028 quem
1561 3966 1682 4028 post
1709 3959 1938 4028 paradisi
1971 3959 2146 4016 fontes

551 4057 608 4104 et
653 4055 836 4118 prata,
863 4047 1025 4102 etiam
1055 4061 1191 4100 uitus
1219 4047 1387 4100 rubus
1417 4056 1600 4115 posset
1637 4047 1932 4103 oll‘cndere.
1967 4047 2034 4102 In
2067 4065 2144 4102 su-

555 4139 679 4193 dore
705 4146 882 4192 autem
906 4137 1056 4208 [aciei
1087 4145 1188 4191 tutu
1213 4137 1328 4191 edes
1359 4153 1542 4208 panem
1584 4147 1762 4204 tuum;
1787 4153 1893 4193 non
1922 4140 2052 4194 satis
2078 4139 2145 4194 ad

559 4243 854 4285 :erumnam
883 4227 1038 4284 video
1081 4228 1388 4297 pertinere:
1422 4228 1684 4298 siquidem
1713 4229 1875 4284 etiam
1902 4231 2145 4286 naturale

557 4322 926 4393 adiumentum
947 4330 1052 4384 est,
1081 4329 1140 4376 ut
1158 4321 1492 4391 cperantium
1508 4329 1656 4376 artus
1674 4321 1868 4378 sudore
1897 4337 2146 4379 recreen-

562 4427 668 4470 tur.
729 4415 810 4470 llli
847 4423 1022 4470 autem
1061 4423 1185 4468 ante
1232 4423 1508 4485 peccatum
1551 4415 1788 4471 laborem
1841 4417 2147 4474 incubuisse

565 4504 791 4560 cultura:
819 4503 978 4559 lectio
1005 4505 1115 4573 ipsa
1145 4511 1385 4558 testatur.
1419 4505 1508 4560 Sic
1533 4505 1675 4560 enim
1702 4505 1814 4560 ait:
1841 4505 1910 4560 Et
1934 4509 2147 4579 sumpsit

559 4599 816 4654 Dominus
845 4597 982 4652 Deus
1005 4597 1258 4651 hominem
1289 4612 1436 4661 quem
1459 4597 1602 4666 fecit,
1631 4607 1679 4652 et
1718 4599 1883 4668 posuit
1921 4600 2066 4654 illum
2089 4601 2146 4654 in

553 4691 816 4766 paradiso,
840 4691 1040 4764 operari
1060 4707 1174 4746 eum
1195 4700 1243 4746 et
1255 4691 1509 4745 custodire
1531 4690 1680 4763 (Gen.
1705 4708 1765 4760 ιι,
1797 4691 1907 4766 15).
1933 4693 1988 4749 Si
2016 4709 2145 4766 ergo

553 4785 712 4840 etiam
756 4784 809 4840 in
857 4782 1102 4855 paradiso
1135 4782 1306 4838 noluit
1341 4797 1466 4839 eum
1510 4782 1651 4839 Deus
1681 4784 1870 4854 pabula
1899 4801 2147 4842 examus-

554 4877 654 4932 sim
701 4876 976 4932 illaborata
1017 4877 1329 4946 suscipere,
1381 4875 1478 4930 sed
1529 4875 1730 4931 indicto
1771 4878 2100 4946 operationis
2125 4921 2141 4947 ,

553 4981 712 5036 quam
759 4966 1022 5022 indiderat
1045 4967 1298 5022 excitavit
1333 4965 1675 5032 industriam;
1697 4967 1825 5035 quid
1851 4969 1900 5022 ei
1943 4983 2142 5024 novum

553 5055 810 5113 accidisse
849 5057 1118 5112 credimus
1141 5096 1156 5122 ,
1185 5057 1229 5112 si
1261 5055 1486 5110 sentiret
1524 5053 1774 5110 sudorem
1798 5097 1814 5122 ,
1843 5057 1932 5125 qui
1977 5073 2150 5134 expc:

553 5149 792 5206 riebatur
819 5149 1082 5206 laborem?
1105 5148 1356 5218 Sequitur
1383 5154 1562 5201 autem
1592 5163 1606 5200 :
1631 5145 1804 5200 Donec
1840 5152 2145 5206 convertaris

553 5241 608 5294 in
632 5251 818 5296 terram
845 5257 910 5294 ea:
945 5255 1048 5310 qua
1073 5247 1304 5308 sumptus
1329 5252 1420 5302 es;
1443 5235 1682 5305 quoniam
1721 5243 1856 5289 terra
1895 5253 1948 5290 es
1972 5279 1986 5302 ,
2017 5247 2064 5293 et
2087 5240 2141 5294 in

553 5343 744 5390 terram
777 5335 890 5388 ibis.
921 5333 1044 5388 llaec
1073 5347 1204 5387 sane
1237 5345 1360 5400 pars
1388 5337 1627 5385 extrema
1653 5333 1931 5387 sententia:
1954 5376 1969 5400 ,
2005 5336 2144 5392 sicut

555 5427 644 5482 illa
675 5425 910 5482 mulieris
935 5463 949 5490 ,
992 5422 1062 5477 ad
1089 5421 1343 5476 indicium
1369 5423 1390 5454 ⁸
1414 5461 1428 5485 ,
1457 5435 1562 5476 non
1606 5421 1672 5477 ad
1701 5424 2022 5493 supplicium
2051 5441 2141 5483 rc-

555 5517 750 5588 spicit:
777 5514 904 5585 quin
943 5515 1050 5568 imo
1070 5552 1086 5579 ,
1111 5521 1280 5567 utres
1305 5511 1537 5578 indicat,
1571 5515 1836 5584 promisso
1865 5515 1972 5572 fine
1997 5533 2134 5572 con-

622 5692 638 5722 ι
665 5695 728 5739 Ex
750 5695 857 5752 Mss.
883 5686 988 5752 Alide
1019 5686 1308 5752 addidimus,
1335 5695 1433 5739 Non
1457 5688 1546 5752 fuit
1569 5695 1808 5742 contentus
1831 5689 2014 5752 dicere,
2035 5691 2134 5750 Spi-

558 5761 651 5800 tuts
668 5763 726 5798 ac
745 5749 944 5799 tribulos
966 5749 1094 5798 edet.

621 5813 644 5844 ⁹
667 5811 804 5872 aliti,
825 5813 890 5860 ad
901 5809 1165 5877 judicium.
1199 5812 1518 5864 Emendantur
1543 5827 1604 5866 ex
1623 5814 1976 5876 manuscriptis.

1213 377 1462 438 OPERIS
1501 369 1915 431 IMPERFECTI
1956 366 2225 424 CONTRA
2266 365 2626 433 JULIANUM,
2667 367 2722 423 S.
2767 366 3128 424 AUGUSTINI

2267 479 2468 533 solatur
2491 478 2784 536 hominem.
2817 481 2949 548 Quia
2981 481 3124 536 enim
3150 495 3308 552 supra
3337 492 3890 538 commemoraverat

2265 569 2476 625 dolores
2498 612 2511 634 ,
2541 571 2751 626 labores
2771 614 2784 640 ,
2811 573 3066 638 sudores,
3101 587 3326 643 quorum
3367 587 3594 628 sensum
3647 582 3848 628 natura
3867 614 3882 638 ,

2265 666 2592 721 nimietatem
2633 681 2858 736 persona
2899 679 3240 737 susceperat;
3271 683 3338 724 ne
3365 667 3474 722 hoc
3505 668 3561 724 in
3607 677 3880 722 attentum

2263 757 2533 812 videretur
2566 759 2776 813 extendi
2804 801 2818 825 ,
2852 760 3094 815 mitificat
3123 761 3140 792 ¹
3169 759 3549 831 :rgritudinem
3601 761 3880 814 terminus

2265 847 2524 902 indicatus
2554 865 2566 901 :
2593 861 2656 903 ae
2683 849 2726 902 si
2753 849 2957 904 diceret
2981 892 2994 915 ,
3026 850 3224 905 Verum
3251 865 3361 904 non
3405 864 3628 918 semper
3653 850 3758 903 ista
3783 865 3880 918 pa-

2263 939 2441 1005 tieris;
2471 941 2563 994 sed
2587 941 2744 995 donec
2777 941 3080 995 conrertaris
3099 942 3152 996 in
3193 951 3380 996 terram
3408 941 3474 994 de
3501 957 3604 1011 qua
3633 951 3880 1010 sumptus

2260 1047 2312 1086 es
2331 1047 2354 1094 ,'.
2372 1033 2489 1102 quia
2515 1041 2649 1086 terra
2687 1049 2774 1096 es,
2801 1032 2994 1102 inquit,
3021 1041 3066 1087 et
3109 1033 3163 1086 in
3193 1042 3378 1087 terram
3419 1033 3536 1087 ibis.
3563 1032 3680 1087 Cur
3719 1048 3834 1086 non
3854 1072 3874 1096 ,

2261 1135 2540 1192 postquam
2585 1123 2746 1188 dixit,
2790 1123 2949 1177 donec
2992 1125 3300 1178 converteris
3339 1125 3392 1177 in
3415 1133 3604 1178 terram
3659 1125 3728 1176 de
3771 1139 3888 1194 qua

2257 1226 2490 1285 sumptus
2510 1231 2558 1268 cs
2578 1231 2598 1278 ;
2620 1215 2886 1280 subdidit,
2921 1215 3052 1284 Quia
3081 1215 3310 1286 peccasti
3353 1225 3410 1271 et
3439 1231 3557 1270 mea
3589 1225 3876 1285 praecepta

2259 1315 2624 1375 transgressus
2667 1307 2768 1360 es?
2797 1307 2909 1361 Iloc
2931 1306 3076 1361 enim
3111 1306 3400 1361 dicendum
3449 1316 3566 1362 erat
3587 1348 3603 1373 ,
3633 1307 3680 1360 si
3711 1321 3870 1360 reso-

2229 1381 2390 1452 Ilntio
2419 1413 2704 1468 corporum
2741 1398 2806 1453 ad
2851 1401 3074 1454 crimina
3119 1400 3436 1470 pertineret.
3483 1399 3682 1454 Verum
3733 1399 3866 1470 quid

2256 1489 2428 1543 dixit?
2457 1491 2590 1556 Quin
2615 1500 2748 1544 terra
2769 1507 2839 1556 es,
2869 1491 3070 1561 inquit,
3099 1501 3144 1544 et
3181 1491 3236 1544 in
3265 1499 3455 1544 terram
3487 1490 3602 1545 ibis.
3629 1491 3868 1545 Causam

2257 1597 2353 1636 cur
2384 1583 2434 1634 in
2463 1591 2658 1634 terram
2707 1582 2977 1636 rediturus
3017 1591 3194 1650 esset,
3235 1581 3474 1636 ostendit
3501 1597 3516 1636 :
3543 1582 3680 1650 Quia
3728 1591 3868 1636 terra

2257 1687 2346 1735 es,
2391 1671 2582 1740 inquit.
2635 1671 2915 1738 Quomodo
2967 1681 3148 1726 autem
3187 1681 3331 1728 esset
3381 1679 3560 1738 terra,
3609 1672 3868 1738 superior

2258 1777 2436 1816 sermo
2475 1761 2802 1832 patefecerat
2829 1781 2842 1817 :
2877 1762 3011 1830 Quia
3031 1763 3094 1817 de
3117 1773 3270 1828 terra,
3304 1763 3498 1833 inquit,
3523 1773 3762 1833 sumptus
3787 1781 3864 1817 es.

2257 1853 2312 1907 Si
2344 1869 2471 1922 ergo
2501 1852 2756 1908 redeundi
2787 1853 2838 1907 in
2863 1863 3080 1921 terram,
3111 1853 3248 1908 hanc
3273 1869 3394 1909 esse
3424 1853 3690 1908 rationem
3725 1853 3866 1908 dixit

2257 1946 2397 2000 Deus
2417 1985 2432 2010 ,
2464 1945 2718 2015 quoniam
2771 1943 2944 1999 fuerat
2969 1956 3276 2016 assumptus
3323 1959 3356 2000 e
3387 1953 3531 2000 terra
3558 1987 3572 2011 ,
3605 1961 3774 2016 porro
3805 1955 3864 2000 ut

2253 2044 2639 2101 assumeretur,
2683 2034 2750 2090 ad
2797 2035 3130 2106 iniquitatem
3189 2045 3435 2108 spectare
3483 2051 3587 2091 non
3643 2039 3858 2108 potuit;

2255 2127 2440 2198 procul
2469 2127 2634 2182 dubio
2665 2142 2771 2182 non
2825 2128 3156 2198 iniquitatis,
3203 2128 3300 2183 sed
3347 2137 3554 2184 natura:
3607 2133 3860 2184 mortalis

2255 2219 2348 2272 fuit
2369 2260 2383 2283 ,
2413 2227 2472 2274 ut
2509 2219 2598 2288 qui
2627 2229 2866 2274 aeternus
2891 2234 2996 2273 non
3021 2229 3165 2286 erat,
3203 2219 3256 2274 in
3283 2221 3530 2290 corporis
3557 2232 3710 2290 parte
3746 2225 3860 2276 sol-

2251 2318 2486 2366 veretur.
2543 2310 2636 2366 Illa
2689 2325 2818 2382 ergo
2857 2309 3112 2366 sterilitas
3153 2311 3405 2366 arborum
3429 2353 3442 2376 ,
3471 2313 3560 2367 illa
3601 2315 3850 2384 veprium

2253 2403 2468 2458 ubertas
2488 2445 2503 2468 ,
2539 2403 2626 2457 illa
2653 2402 2782 2472 :egri
2822 2411 3008 2473 partus
3059 2411 3214 2456 aucta
3261 2403 3542 2458 calamitas
3562 2446 3578 2470 ,
3603 2406 3856 2474 personis

2255 2495 2528 2550 hominum
2557 2505 2680 2550 sunt
2704 2495 2854 2550 illata
2875 2537 2890 2560 ,
2917 2509 3022 2550 non
3045 2495 3249 2566 generi.
3279 2496 3524 2566 Denique
3547 2498 3658 2566 jam
3711 2499 3856 2552 natis

2253 2588 2380 2644 Cain
2409 2597 2463 2643 et
2493 2587 2626 2642 Abel
2647 2588 2804 2642 unius
2833 2596 3037 2642 natura:
3067 2587 3349 2654 ambobus,
3381 2589 3476 2644 sed
3497 2589 3843 2645 diversarum

2251 2681 2588 2736 voluntatum
2613 2723 2629 2748 ,
2659 2695 2758 2736 nec
2791 2679 2922 2735 Cain
2947 2689 3140 2750 sponte
3185 2681 3430 2750 peccanti
3477 2681 3680 2752 profuit
3705 2682 3852 2753 quod

2252 2786 2374 2826 eum
2407 2779 2622 2840 peccata
2647 2771 2816 2841 patris
2841 2785 2946 2826 non
2988 2781 3330 2841 presserant,
3365 2787 3466 2828 nec
3483 2773 3639 2829 Abeli
3663 2775 3850 2829 nocuit

2249 2861 2396 2932 quod
2417 2871 2667 2933 parentes
2689 2861 2807 2931 ejus
2841 2861 3176 2932 deliquerant
3205 2879 3218 2916 :
3249 2861 3346 2918 sed
3386 2872 3580 2934 suopte
3621 2874 3852 2935 uterque

2246 2951 2448 3024 judicio
2496 2967 2598 3008 nec
2619 2951 2832 3008 virtutis
2873 2952 3006 3020 sibi,
3037 2967 3138 3008 nec
3174 2953 3288 3008 vitii
3336 2954 3584 3010 naturale
3623 2955 3850 3010 infuisse

2251 3045 2620 3116 praeiudicium
2653 3046 2802 3100 vario
2836 3047 3112 3116 proposito
3132 3088 3148 3112 ,
3177 3047 3284 3103 ﬁne
3311 3048 3460 3102 vario
3485 3048 3846 3119 publicarunt.

2253 3135 2442 3196 Functi
2470 3138 2666 3208 quippe
2693 3137 2872 3194 officio
2903 3137 3243 3194 sacerdotum
3269 3179 3286 3206 ,
3315 3138 3582 3195 conditori
3607 3155 3704 3194 suo
3735 3141 3850 3196 Deo

2251 3230 2456 3288 hostias
2481 3231 2804 3286 obtulerunt.
2849 3229 3114 3287 Cancrum
3151 3246 3247 3302 per
3273 3231 3588 3302 obsequium
3611 3273 3628 3298 ,
3673 3233 3850 3302 impar.

2249 3341 2378 3382 cura
2406 3324 2683 3380 discrevit.
2727 3323 2987 3380 Patefecit
3025 3324 3128 3379 hoc
3169 3323 3350 3379 divina
3393 3325 3658 3380 sententia
3681 3367 3696 3389 ,
3725 3341 3848 3394 quae

2249 3418 2628 3489 complacitum
2683 3417 2784 3474 sibi
2851 3431 3048 3473 munus
3091 3417 3276 3474 Abelis
3327 3417 3606 3473 ostendit:
3637 3417 3850 3474 offenso

2250 3519 2430 3564 autem
2475 3509 2606 3564 Cain
2635 3523 2850 3564 causam
2897 3522 3010 3562 sua:
3051 3507 3438 3578 indignationis
3481 3509 3730 3578 aperuit,
3761 3507 3850 3564 di-

2251 3614 2380 3654 cens
2425 3614 2546 3655 eum
2592 3599 2728 3654 bene
2774 3599 3032 3654 obtulisse
3047 3633 3064 3665 -,
3093 3599 3190 3654 sed
3229 3599 3370 3654 male
3419 3599 3690 3656 divisisse.
3735 3599 3848 3656 Nec

2251 3706 2402 3747 mora
2425 3691 2624 3746 exarsit
2651 3689 2906 3762 profanus
2935 3691 3154 3745 animus
3171 3689 3224 3745 in
3250 3691 3492 3755 livorem,
3519 3701 3574 3748 et
3603 3693 3848 3762 germani

2253 3781 2536 3838 sanctitate
2559 3791 2809 3852 gravatus
2835 3823 2848 3846 ,
2879 3781 3223 3850 parricidium
3249 3781 3580 3854 gratiﬁcatur
3607 3782 3846 3838 invidiae.

2251 3873 2329 3928 lta
2351 3871 2519 3942 prima
2548 3871 2830 3926 occasione
2854 3869 3046 3924 claruit
3071 3869 3272 3924 malum
3297 3885 3404 3924 non
3435 3885 3556 3927 esse
3577 3881 3808 3926 mortem
3826 3913 3842 3938 ,

2251 3964 2390 4035 quod
2413 3978 2532 4018 eam
2555 3962 2732 4032 justus
2761 3961 2964 4030 primus
3008 3961 3246 4016 omnium
3291 3961 3578 4017 dedicavit.
3621 3962 3730 4017 Nec
3757 3971 3846 4017 ta-

2251 4071 2374 4110 men
2407 4055 2539 4109 iram
2583 4053 2678 4108 Dei
2707 4051 2876 4107 animi
2913 4053 3082 4108 sontis
3109 4053 3330 4109 audacia
3377 4053 3580 4124 ell‘ugit.
3612 4053 3848 4110 Interro-

2251 4153 2405 4216 gatur
2449 4144 2518 4200 de
2561 4144 2758 4212 fratre,
2785 4144 3120 4200 convincitur
3175 4144 3245 4202 de
3293 4145 3527 4213 scelere,
3576 4147 3846 4204 addicitur

2251 4235 2484 4302 ultioni,
2509 4241 2564 4290 et
2591 4243 2748 4290 extra.
2787 4249 2910 4290 eum
2956 4243 3218 4291 terrorem
3245 4277 3260 4304 ,
3299 4237 3389 4307 qui
3427 4237 3478 4294 ei
3507 4253 3604 4308 pro
3647 4238 3846 4310 insigni

2252 4325 2580 4380 crudelitatis
2608 4327 2630 4356 ³
2675 4323 2946 4390 incubuit,
2999 4335 3159 4382 terra:
3201 4341 3426 4398 quoque-
3465 4328 3848 4388 maledictionc

2252 4415 2505 4486 punitur:
2537 4413 2866 4482 Maledictus,
2891 4417 3080 4488 inquit,
3101 4425 3155 4470 tu
3179 4433 3212 4472 a
3238 4427 3394 4485 terra,
3425 4435 3539 4488 quis
3561 4423 3760 4490 aperuit
3785 4437 3846 4476 os

2251 4525 2398 4564 suum
2425 4507 2649 4576 accipere
2675 4509 2982 4579 sanguinem.
2991 4509 3169 4579 fratris
3199 4509 3274 4564 tui
3299 4509 3362 4564 de
3386 4519 3472 4566 tua
3501 4528 3656 4566 manu
3673 4527 3694 4577 ;
3714 4530 3844 4584 quo-

2251 4599 2394 4654 niam
2419 4598 2708 4668 operaberis
2735 4607 2952 4664 terram,
2981 4609 3029 4654 et
3055 4616 3156 4654 non
3197 4599 3406 4670 adjiciat
3431 4601 3666 4656 virtutem
3697 4621 3846 4658 suam

2253 4693 2377 4746 dare
2394 4691 2482 4745 tibi
2503 4689 2656 4761 (Gen.
2704 4706 2778 4758 tv,
2805 4689 2980 4756 5-12).
3029 4691 3170 4746 Ecce
3197 4691 3374 4748 denuo
3401 4694 3656 4749 sterilitas
3687 4703 3848 4750 teme

2253 4787 2308 4844 in
2347 4801 2504 4857 poma
2551 4784 2778 4841 cultoris
2831 4783 3098 4838 indicitur.
3133 4782 3416 4839 lnnumera
3455 4793 3633 4840 autem
3677 4801 3846 4856 gene-

2253 4877 2328 4932 ris
2354 4877 2374 4908 ³
2401 4885 2662 4932 tormenta
2703 4876 2755 4928 in
2795 4873 3212 4928 Deuteronomio
3257 4876 3656 4942 promittuntur.
3703 4875 3847 4942 Quid

2253 4967 2424 5036 ergo?
2453 4974 2757 5020 nostrarum
2785 4963 3000 5018 dumeta
3029 4973 3314 5030 terrarum,
3345 4965 3536 5035 quibus
3563 4975 3848 5035 amputan-

2253 5058 2336 5114 dis
2356 5072 2594 5114 runcone
2621 5066 2858 5112 armatus
2883 5057 3058 5110 cultor
3092 5055 3370 5126 invigilat,
3397 5072 3494 5128 per
3515 5053 3644 5112 Cain
3669 5060 3846 5128 parri-

2253 5149 2456 5204 cidium
2495 5146 2898 5220 germinarunt?
2947 5145 3018 5202 Et
3061 5146 3186 5216 quia
3236 5148 3412 5202 omnis
3457 5147 3662 5216 spinosi
3703 5151 3848 5204 ruris

2251 5239 2500 5296 dominus
2521 5281 2538 5304 ,
2569 5248 2790 5310 peccato
2835 5237 2980 5309 quod
3023 5239 3298 5309 spinarum
3329 5237 3571 5295 ubertate
3597 5241 3844 5310 punitum

2251 5340 2368 5398 est,
2401 5347 2433 5386 a
2461 5330 2611 5386 vobis
2656 5337 2873 5401 putatur
2911 5329 3220 5394 obnoxius;
3257 5343 3446 5384 omnes
3471 5331 3580 5400 jam
3637 5331 3846 5401 parvuli

2251 5441 2360 5480 non
2386 5423 2558 5479 solum
2583 5423 2884 5480 comedisse
2909 5437 3068 5492 poma
3089 5461 3106 5490 ,
3137 5422 3382 5492 quamvis
3415 5433 3704 5478 nascantur
3723 5423 3848 5478 sine

2251 5513 2506 5572 dentibus
2527 5553 2542 5578 ,
2571 5513 2666 5568 sed
2695 5515 2860 5570 etiam
2899 5513 3081 5569 Abelis
3122 5513 3432 5585 sanguinem
3477 5511 3734 5568 etfudisse
3753 5511 3846 5568 di-

2318 5629 2332 5694 ξ
2359 5628 2557 5694 Sic_Mss.
2581 5634 2634 5676 tn
2656 5629 2814 5694 \‘ign.,
2839 5625 3063 5690 rirt'ﬁcat.

2314 5691 2334 5721 ³
2357 5690 2516 5758 (Iudex
2545 5697 2689 5749 Port.,
2715 5689 2760 5739 at
2775 5695 2916 5739 extra
2932 5689 3055 5740 eum
3081 5695 3351 5754 tremorem,
3382 5691 3468 5754 qui
3487 5689 3534 5744 ei
3553 5701 3644 5756 pro
3661 5689 3848 5758 insigni

2253 5750 2556 5814 crudelitate,
2851 5806 2859 5814 ,

2317 5815 2337 5846 ³
2356 5820 2514 5874 Forte,
2537 5811 2682 5878 hujus
2707 5811 2904 5876 generis.
