4136 6508
263 361 409 423 "369.

255 484 475 536 cantur?
524 476 759 547 Apparet
811 476 992 536 certe,
1045 467 1113 523 ad
1153 477 1318 537 quem
1374 461 1610 517 furorem
1652 469 1848 547 perve-

259 571 369 625 niat
396 569 410 599 ¹
446 544 861 621 Manielneorum
891 559 1080 616 tradux
1108 573 1124 609 :
1153 569 1272 626 quae
1312 551 1563 625 quoniam
1588 546 1725 602 nihil
1750 544 1852 599 ha-

259 662 571 731 betprtcter
610 656 898 711 amentiam
921 692 937 719 ,
980 650 1118 706 ridet
1157 647 1224 703 de
1275 641 1606 716 argumentis
1647 636 1846 694 vestris

259 730 656 810 Catholieorum
712 746 945 818 gravitas
971 744 992 775 ²
1020 758 1036 810 ;
1063 741 1158 796 sed
1203 737 1274 794 de
1319 735 1488 791 ruinis
1522 730 1714 789 vestris
1752 740 1848 784 eo-

260 845 504 901 rnmdem
535 841 709 911 plorat
730 836 963 895 affectio.

331 936 469 991 Anc.
497 932 698 1002 Nempe
718 931 846 986 nihil
866 928 975 999 agit
993 936 1078 983 tua
1103 934 1210 981 tam
1240 922 1489 978 diuturna
1515 926 1570 973 et
1589 914 1851 988 operosis—

261 1030 394 1085 sima
423 1027 709 1098 disputatio
736 1023 803 1080 de
842 1036 998 1094 poena
1043 1019 1201 1091 primi
1230 1014 1463 1071 hominis
1485 1052 1500 1078 ,
1534 1010 1635 1066 nisi
1666 1020 1721 1064 ut
1750 1005 1854 1062 hac

260 1130 548 1177 extenuata
572 1161 587 1185 ,
614 1118 774 1174 etiam
819 1116 933 1186 ipsa
953 1113 1109 1184 culpa
1136 1117 1459 1165 extenuetur
1483 1147 1498 1172 ,
1531 1118 1651 1175 qua:
1680 1115 1853 1172 parum

261 1215 422 1285 hujus
462 1209 760 1283 ingestione
784 1208 1033 1264 damnata
1081 1211 1185 1260 est.
1234 1202 1301 1257 Et
1343 1199 1448 1254 hoc
1475 1195 1606 1251 facis
1636 1199 1854 1264 propter

262 1306 425 1362 verba
469 1302 593 1359 libri
641 1300 786 1367 mei,
816 1298 903 1354 cui
952 1293 1246 1367 respondes
1271 1332 1288 1358 ,
1313 1305 1434 1362 qua:
1478 1286 1572 1344 tibi
1603 1286 1876 1356 tanquam

261 1392 631 1465 redarguenda
656 1390 932 1463 proponis,
965 1388 1053 1444 ubi
1085 1386 1216 1452 dixi,
1252 1380 1394 1438 Illud
1418 1396 1537 1449 ergo
1563 1385 1852 1450 peccatum,

262 1485 400 1558 quod
428 1463 597 1556 ipsum
622 1483 874 1537 hominem
900 1480 952 1533 in
981 1477 1219 1550 paradiso
1240 1471 1446 1528 mutavit
1466 1470 1521 1524 in
1541 1469 1707 1541 pejus,
1736 1463 1858 1537 quia

263 1554 429 1632 multo
442 1554 521 1629 est
540 1571 786 1644 grandius
802 1588 867 1641 qu
875 1587 957 1623 am
964 1567 1204 1641 judicare
1221 1580 1312 1619 nos
1331 1575 1618 1634 possumus,
1636 1558 1700 1613 ab
1719 1554 1857 1611 omni

262 1674 501 1723 nascente
526 1663 761 1718 trahitur.
794 1660 865 1717 Ut
885 1674 1012 1731 ergo
1034 1674 1153 1733 non,
1176 1656 1420 1711 videatur
1441 1650 1643 1723 grande
1670 1662 1858 1719 pecca-

265 1764 403 1822 tum,
426 1769 533 1827 qno
560 1751 795 1825 potuerit
835 1751 887 1807 in
914 1749 1150 1806 deterius
1180 1754 1366 1802 natura
1391 1740 1623 1809 mutari,
1656 1739 1771 1796 leve
1795 1753 1859 1794 ac

264 1861 437 1918 prope
487 1844 691 1900 nullum
730 1840 1042 1912 supplicium
1090 1852 1212 1895 esse
1238 1832 1515 1891 contendis
1558 1828 1700 1902 quod
1747 1844 1860 1884 me-

263 1937 395 1992 ruit.
431 1932 565 1991 [line
609 1943 691 1989 est
720 1927 862 2003 quod
912 1928 1248 1984 maledictum
1280 1934 1477 1980 terram
1527 1921 1578 1975 in
1606 1918 1860 1990 operibus

265 2023 697 2099 pratvaricatoris
723 2030 1000 2093 retorqucs
1025 2018 1092 2074 ad
1119 2018 1194 2074 tui
1216 2014 1479 2086 dogmatis
1501 2012 1813 2083 pravitatem
1843 2027 1856 2062 :

267 2123 395 2176 hinc
427 2127 511 2175 est
531 2116 672 2189 quod
720 2114 900 2186 spinas
927 2123 980 2169 et
1010 2109 1234 2167 tribulos
1258 2148 1275 2177 ,
1306 2116 1359 2162 et
1386 2116 1672 2175 antequam
1700 2101 1861 2156 homo

267 2217 542 2282 peccaret,
574 2205 738 2261 fuisse
763 2203 960 2259 asseris
983 2202 1295 2266 institutos;
1326 2209 1447 2253 cum
1476 2196 1618 2250 Deus
1640 2193 1754 2248 haec
1783 2191 1863 2245 in-

267 2309 351 2356 ter
375 2314 474 2354 sua
507 2296 753 2367 primitus
779 2294 1017 2349 instituta
1045 2305 1149 2345 non
1176 2287 1434 2354 nominet,
1466 2284 1559 2340 sed
1587 2283 1637 2338 in
1671 2297 1863 2353 pecca-

267 2389 404 2446 toris
431 2384 697 2458 supplicio
732 2384 1128 2441 comminetur:
1165 2379 1290 2434 hinc
1317 2374 1571 2446 estquod
1613 2372 1863 2428 sudorem

267 2478 586 2543 laborantis,
621 2485 677 2530 ut
707 2490 813 2530 non
844 2474 973 2528 satis
1003 2471 1069 2526 ad
1098 2483 1393 2526 aerumnam
1418 2467 1684 2538 pertinere
1709 2464 1865 2518 vide-

267 2581 456 2637 retur,
488 2569 650 2625 etiam
690 2564 933 2622 naturale
971 2562 1335 2633 adjumentum
1375 2568 1498 2613 esse
1543 2553 1759 2619 dixisti,
1809 2561 1868 2607 ut

268 2662 481 2719 scilicet
500 2658 833 2732 operantium
856 2663 1004 2711 artus
1029 2653 1226 2710 sudore
1249 2656 1590 2713 recreentur;
1616 2654 1865 2716 tanquam

272 2754 421 2810 Deus
463 2752 563 2807 ista
605 2748 790 2804 dicens
824 2762 931 2802 non
971 2746 1233 2814 irrogaret
1257 2740 1575 2812 supplicium
1604 2752 1702 2808 pro
1740 2750 1863 2805 pec-

267 2853 395 2900 cato
423 2883 438 2908 ,
466 2839 561 2895 sed
600 2839 753 2893 daret
787 2837 1006 2905 insuper
1049 2833 1349 2904 praemium.
1401 2830 1714 2898 Quanquam
1770 2826 1872 2880 hoc

269 2946 513 3003 congrue
538 2929 840 2983 diceremus
862 2968 876 2992 ,
907 2925 950 2980 si
984 2924 1230 2979 sudorem
1268 2919 1469 2975 laboris
1499 2919 1570 2971 ita
1595 2915 1867 2981 laudares,

271 3035 329 3082 ut
361 3033 496 3079 tunc
521 3020 726 3076 diceres
756 3016 1052 3072 institutum
1074 3031 1089 3067 :
1110 3026 1248 3066 nunc
1264 3019 1441 3065 autem
1462 3017 1652 3064 etame
1681 3021 1873 3077 pecca-

269 3128 385 3174 tum
424 3114 503 3168 sic
528 3110 763 3166 aflirmas
788 3108 842 3163 in
869 3105 1117 3178 paradiso
1148 3100 1418 3157 hominem
1444 3098 1786 3163 collocatum,
1817 3103 1874 3151 ut

273 3206 558 3278 operando
602 3212 798 3258 terram
843 3197 960 3254 sine
999 3196 1182 3251 labore
1226 3207 1333 3248 non
1374 3197 1557 3254 esset;
1586 3187 1734 3259 quasi
1768 3202 1874 3242 non

278 3306 467 3371 posset
494 3295 584 3350 illa
616 3293 870 3355 firmitas,
900 3299 955 3345 et
984 3287 1124 3342 nulla
1167 3282 1450 3341 infirmitas
1475 3279 1737 3350 corporis,
1769 3293 1874 3333 non

280 3393 457 3450 solum
498 3391 612 3444 sine
632 3389 836 3452 labore,
861 3398 1046 3440 verum
1071 3381 1230 3437 etiam
1258 3394 1378 3435 cum
1401 3376 1562 3431 animi
1585 3373 1872 3443 voluptate,

282 3485 430 3558 quod
458 3483 724 3539 delectare
746 3485 976 3551 poterat,
1007 3474 1237 3545 operari.
1265 3470 1372 3528 Sed
1401 3485 1497 3525 cur
1524 3468 1626 3522 hoc
1655 3465 1875 3528 dixeris,

283 3577 537 3635 occulere
553 3570 838 3645 nequivisti
868 3587 880 3624 :
903 3566 1238 3640 apertissime
1258 3564 1454 3634 quippe
1477 3559 1734 3630 loqueris,
1756 3571 1878 3611 cum

284 3669 444 3727 addis
468 3708 485 3735 ,
512 3664 649 3732 Quid
674 3679 857 3719 novum
884 3658 1128 3714 accidisse
1161 3655 1396 3716 dicimus,
1424 3653 1468 3706 si
1495 3651 1697 3706 sentiret
1729 3649 1882 3703 sudo-

285 3779 429 3828 rem,
474 3762 558 3830 qui
596 3754 941 3827 experiebatur
982 3745 1250 3805 laborem?
1293 3736 1592 3799 Tantumne
1638 3751 1689 3795 te
1732 3738 1885 3793 libuit

287 3854 628 3929 quietissime
656 3850 931 3906 beatorum
964 3846 1082 3900 loco
1106 3884 1120 3908 ,
1151 3855 1258 3897 non
1287 3838 1459 3894 solum
1488 3835 1727 3891 triStitias
1766 3847 1886 3903 par-

292 3946 563 4005 turitionis
610 3944 662 3999 in
704 3940 915 3997 feminis
936 3979 951 4004 ,
983 3949 1168 3991 verum
1197 3932 1357 3988 etiam
1398 3928 1452 3984 in
1479 3928 1608 3983 viris
1634 3925 1884 3981 sudorem

293 4040 497 4097 laboris
522 4036 831 4101 immittere,
861 4040 916 4086 ut
946 4029 1055 4084 Deo
1086 4027 1372 4082 damnante
1398 4062 1413 4088 ,
1476 4019 1607 4075 nihil
1642 4015 1770 4073 novi
1799 4015 1889 4071 da-

293 4140 484 4189 mnato
504 4130 710 4185 diceres
728 4121 1019 4181 accidisse?
1045 4119 1343 4175 Tantumne
1373 4113 1551 4169 illudis
1574 4128 1635 4166 ae
1662 4108 1891 4180 despicis

294 4226 642 4284 severitatem
662 4220 685 4253 ³
712 4217 829 4287 Dei,
853 4226 912 4273 ut
937 4214 1080 4288 quod
1112 4209 1364 4282 irrogavit
1392 4209 1480 4263 ille
1507 4205 1803 4277 pmnaliter,
1835 4210 1891 4257 tu

295 4327 557 4376 donatum
590 4313 900 4370 naturaliter
937 4305 1249 4366 asseveres?
1278 4303 1336 4359 Si
1363 4302 1493 4357 nihil
1539 4298 1661 4355 novi
1691 4294 1894 4352 homini

297 4408 563 4467 accidisse
592 4406 724 4460 dicis
748 4447 763 4472 ,
795 4404 879 4458 eui
910 4402 1048 4457 lleus
1077 4398 1209 4454 dixit
1234 4439 1249 4463 ,
1279 4394 1343 4451 In
1389 4394 1572 4450 sudore
1596 4389 1749 4462 [aciei
1795 4399 1896 4442 tua:

299 4501 422 4557 edes
448 4512 629 4568 panem
655 4505 826 4557 tuum;
857 4500 1047 4563 negato
1079 4492 1180 4544 hoc
1213 4490 1379 4543 Deum
1408 4485 1607 4541 dixisse
1633 4484 1895 4537 damnan—

303 4580 447 4650 tcnt.
471 4592 551 4644 An
574 4586 814 4642 dicturus
837 4600 898 4640 es
917 4624 930 4647 ,
960 4584 1048 4637 ille
1078 4582 1290 4652 quidem
1332 4579 1601 4633 hominem
1629 4575 1899 4631 damnavit

306 4687 394 4742 his
424 4680 620 4745 verbis,
650 4676 743 4732 scd
773 4675 900 4730 nihil
926 4673 1127 4728 lnnnini
1155 4686 1220 4725 ex
1239 4669 1339 4724 hoc
1358 4667 1549 4723 accidit
1572 4666 1735 4720 novi?
1757 4664 1898 4733 Ergo

305 4777 401 4834 ille
429 4769 718 4829 damnavit,
750 4765 844 4820 sed
872 4780 977 4819 non
1006 4773 1087 4817 est
1113 4762 1211 4815 iste
1250 4756 1567 4814 damnatus?
1593 4755 1901 4809 Frustratus

304 4880 390 4928 est
415 4867 650 4935 impetus
675 4857 890 4915 ultionis
911 4899 926 4922 ,
958 4865 1208 4925 tanquam
1235 4852 1374 4906 Deus
1406 4849 1568 4904 telum
1606 4845 1822 4917 cjecerit
1848 4850 1903 4899 et

307 4980 419 5019 non
453 4955 681 5031 potuerit
705 4952 862 5009 ferire
885 4964 1043 5022 quem
1075 4944 1278 5001 voluit?
1325 4941 1455 5006 Imo,
1488 4939 1660 5010 inquis
1680 4979 1695 5004 ,
1738 4943 1791 4993 et
1811 4936 1904 4990 da-

282 5051 530 5111 'mnatus
556 5059 656 5115 est,
690 5057 745 5103 ct
773 5044 906 5100 nihil
934 5043 981 5098 ei
1011 5039 1203 5096 accidit
1231 5036 1371 5092 novi.
1399 5034 1498 5090 Hic
1523 5032 1688 5087 risum
1723 5039 1905 5085 tenere

307 5144 534 5205 diflicile
576 5149 678 5197 est.
708 5138 766 5194 Si
808 5136 951 5193 enim
1000 5133 1282 5187 damnatus
1320 5135 1434 5191 est,
1464 5134 1515 5181 et
1539 5122 1668 5179 nihil
1707 5121 1754 5175 ei
1782 5119 1902 5177 novi

310 5236 546 5300 accidit;
578 5229 786 5286 solebat
812 5243 940 5298 ergo
978 5221 1255 5301 damnari,
1282 5234 1346 5274 ac
1374 5234 1466 5288 per
1495 5217 1595 5270 hoc
1623 5212 1824 5268 solebat
1851 5218 1908 5266 et

315 5341 542 5402 peccare
574 5343 587 5379 :
616 5336 723 5378 non
753 5319 893 5374 enim
919 5317 1260 5372 damnaretur
1285 5311 1498 5382 injuste.
1529 5309 1611 5362 An
1643 5305 1763 5377 quia
1786 5318 1905 5358 cum

316 5397 450 5477 tunc
474 5418 705 5490 primum
733 5424 984 5483 peccasse
1012 5423 1169 5464 nemo
1207 5405 1446 5476 ainbigit,
1479 5401 1674 5472 injuste
1704 5397 1910 5465 solebat

323 5522 449 5573 ante
477 5487 767 5564 damnari?
795 5501 912 5558 Non
956 5500 1096 5555 enim
1124 5539 1139 5565 ,
1169 5497 1307 5551 sicut
1334 5495 1403 5550 de
1433 5495 1671 5564 pariente
1699 5487 1907 5554 dixisti,

389 5624 407 5655 ι
430 5621 505 5671 sic
526 5626 632 5668 Mss.
656 5614 776 5666 Editi
816 5610 1042 5672 vero,_atl
1086 5621 1229 5669 quem
1266 5604 1528 5670 pertineat;
1551 5604 1747 5664 omisso,
1787 5601 1914 5664 furo-

325 5696 576 5808 "i'imu.
598 5736 789 5808 writes-
811 5729 1259 5808 Mrs-tueris:

392 5806 419 5841 ³
438 5805 511 5856 Slc
533 5796 637 5854 atas.
663 5798 780 5849 Editi
805 5802 986 5857 autem,
1014 5796 1258 5843 veritatem

1642 341 1845 399 LIBER
1880 337 2166 401 SEXTL'S.

3405 333 3543 392 £570

1953 471 2055 528 hoc
2079 471 2270 527 saltem
2299 466 2424 525 novi
2448 465 2705 522 accidisse
2727 464 2928 520 homini
2958 464 3132 520 lassus
3159 479 3241 531 es,
3263 464 3403 536 quod
3431 467 3546 523 sie-

1952 572 2009 619 ιιι
2040 562 2245 618 mulieri
2276 560 2431 617 dolor
2463 558 2852 631 parturitionis,
2886 557 2954 612 ita
2995 557 3114 613 viro
3150 556 3313 615 sudor
3343 557 3545 615 laboris

1953 661 2035 709 est
2057 651 2268 708 additus
2298 669 2311 707 :
2342 650 2446 707 hoc
2485 649 2646 706 modo
2670 649 2814 705 enim
2839 690 2855 715 ,
2883 648 2985 703 hac
3011 648 3283 704 additione
3305 663 3429 719 quas
3452 664 3545 704 an-

1954 752 2040 800 tea
2086 758 2192 799 non
2222 742 2362 809 fuit,
2390 741 2514 798 novi
2548 740 2623 795 illi
2663 738 2865 810 aliquid
2903 739 3163 795 accidisse
3193 737 3543 796 concederes.

1953 835 2059 892 Sed
2087 850 2208 890 cum
2232 833 2388 900 dicis,
2421 832 2557 900 Quid
2576 831 2623 886 ei
2649 830 2829 885 accidit
2850 829 3003 885 novi?
3031 844 3188 900 quem
3215 838 3391 884 tamen
3415 844 3546 887 con.

1957 926 2124 983 literis
2150 940 2269 981 esse
2292 925 2637 986 damnatum;
2668 922 2796 994 quid
2823 921 2967 977 aliud
2992 920 3251 988 afﬁrmas,
3276 935 3436 992 quam
3466 921 3547 978 sic

1952 1034 2078 1075 eum
2104 1019 2277 1073 solere
2301 1016 2580 1073 damnari?
2602 1014 2708 1070 Aut
2728 1014 2773 1069 si
2798 1012 2976 1069 solere
3006 1011 3122 1068 ﬁeri
3145 1027 3250 1067 non
3277 1010 3506 1067 dicimus
3525 1052 3543 1076 .

1958 1111 2059 1165 nisi
2102 1108 2244 1181 quod
2272 1107 2486 1165 assidue
2523 1106 2720 1163 factum
2763 1105 3044 1171 novimus;
3071 1112 3221 1160 certe
3240 1104 3318 1160 sic
3340 1103 3427 1160 vel
3455 1119 3548 1160 se-

1956 1202 2064 1257 mel
2090 1214 2311 1257 necesse
2351 1207 2436 1256 est
2470 1206 2596 1254 ante
2635 1196 3093 1253 damnatumesse
3126 1193 3393 1250 concedas
3414 1233 3431 1260 ,
3461 1194 3549 1248 cui

1957 1293 2088 1349 nihil
2110 1293 2231 1348 novi
2255 1290 2533 1356 accidisse,
2554 1288 2697 1360 quod
2717 1288 2797 1344 sic
2819 1286 3099 1353 damnatus
3122 1295 3222 1353 est,
3247 1299 3546 1341 asseveras.

1957 1383 2061 1441 Ubi
2106 1382 2253 1439 vides
2274 1421 2291 1448 ,
2320 1382 2373 1437 in
2403 1395 2524 1452 quae
2563 1379 2728 1436 fueris
2767 1378 2989 1451 abrupta
3031 1390 3362 1447 progressus.
3414 1374 3549 1430 Redi

1958 1490 2089 1547 ergo
2116 1489 2147 1530 a
2174 1474 2466 1545 praecipitio
2486 1471 2767 1528 laboriosa:
2791 1468 3167 1539 disputationis
3195 1477 3299 1524 tua:
3322 1476 3422 1535 ,,et
3440 1467 3550 1524 noli

1959 1567 2171 1624 labores
2208 1573 2264 1622 et
2302 1565 2516 1621 dolores
2553 1564 2610 1619 in
2643 1562 2800 1619 sedes
2829 1562 3057 1619 felicium
3085 1560 3398 1632 gaudiorum
3421 1597 3438 1626 ,
3465 1569 3552 1615 at-

1959 1673 2065 1729 que
2093 1658 2145 1713 in
2193 1657 2369 1713 locum
2412 1654 2695 1712 inell‘abilis
2735 1653 2932 1725 quietis
2961 1650 3177 1709 inferre.
3208 1650 3346 1718 Quid
3367 1690 3384 1718 ,
3408 1651 3550 1721 quod

1960 1750 2121 1806 etiam
2142 1749 2384 1818 corporis
2400 1756 2625 1804 mortem
2650 1748 2729 1802 sic
2749 1743 2995 1816 paradiso
3012 1742 3224 1800 conaris
3239 1742 3549 1805 immittere.

1963 1852 2022 1896 ut
2046 1856 2164 1896 eam
2206 1840 2354 1895 dicas
2383 1837 2774 1909 praevaricatori
2808 1851 2904 1906 pro
2943 1835 3202 1891 benelicio
3230 1832 3392 1890 fuisse
3429 1849 3554 1903 pro-

1964 1932 2181 1987 missam
2203 1972 2219 1997 ,
2244 1932 2323 1986 vel
2347 1931 2522 2001 potius
2560 1929 2844 1984 indicatam
2864 1967 2880 1991 ,
2917 1925 3005 1981 ubi
3035 1926 3172 1980 Deus
3196 1924 3363 1990 dixit,
3392 1922 3555 1979 Terra

1964 2042 2016 2080 es
2038 2065 2052 2093 ,
2077 2034 2123 2079 et
2166 2025 2220 2079 in
2264 2036 2449 2080 terram
2467 2023 2561 2077 ibis
2584 2038 2603 2076 :
2632 2030 2881 2090 tanquam
2920 2018 3150 2074 nesciret
3177 2017 3339 2071 homo
3382 2015 3461 2070 sic
3495 2030 3573 2071 se.

1966 2115 2128 2171 fuisse
2153 2116 2471 2180 institutum,
2500 2124 2557 2168 ut
2575 2113 2689 2168 sive
2711 2118 2977 2183 peccaret,
2999 2108 3115 2165 sive
3142 2122 3248 2162 non
3281 2115 3553 2176 peccaret,

1968 2209 2254 2263 moriturus
2281 2217 2456 2271 esset;
2486 2217 2538 2260 et
2563 2204 2701 2259 hanc
2728 2203 2805 2257 illi
2826 2201 3104 2258 scientiam
3139 2209 3264 2254 tunc
3300 2198 3437 2253 Deus
3455 2196 3556 2251 do-

1967 2300 2193 2364 naverit,
2223 2298 2439 2369 quando
2455 2312 2576 2352 eum
2603 2310 2697 2366 pro
2722 2291 3310 2361 commissainiquitatc
3332 2290 3560 2345 damna-

1969 2391 2086 2446 vit?
2111 2391 2395 2461 Disputans
2422 2389 2617 2458 quippe
2656 2386 2727 2443 de
2766 2386 2848 2440 his
2868 2383 2959 2440 Dei
2983 2382 3181 2448 verbis,
3212 2380 3299 2436 ubi
3320 2381 3425 2445 ait,
3461 2378 3561 2433 «In

1969 2481 2154 2536 sudore
2172 2480 2321 2552 faciei
2345 2488 2447 2533 tute
2464 2478 2582 2533 edes
2608 2491 2789 2547 panem
2817 2483 2961 2528 tuum
2978 2513 2996 2540 ,
3027 2472 3188 2526 donec
3214 2472 3484 2525 revertaris
3509 2469 3564 2522 in

1972 2586 2156 2630 terram
2190 2575 2253 2628 de
2269 2589 2372 2647 qua
2389 2581 2620 2643 sumptus
2660 2584 2745 2634 es;
2772 2569 2890 2640 quia
2910 2578 3044 2622 terra
3076 2582 3129 2620 es
3148 2608 3164 2631 ,
3197 2574 3244 2620 et
3282 2565 3339 2618 in
3379 2572 3569 2617 terram

1971 2668 2066 2722 ibis
2087 2684 2137 2722 ε»
2168 2664 2293 2720 lltec
2316 2679 2457 2729 sane,
2490 2661 2686 2731 inquis,
2715 2676 2835 2732 pars
2861 2667 3085 2714 extrema
3115 2655 3377 2712 sententia
3395 2697 3410 2720 ,
3434 2654 3565 2708 sicut

1972 2756 2065 2811 illa
2090 2756 2336 2817 mulieris,
2358 2754 2427 2807 ad
2451 2752 2717 2818 indicium,
2741 2766 2843 2805 non
2870 2748 2940 2803 ad
2966 2746 3279 2819 supplicium
3305 2746 3518 2817 pertinet
3545 2760 3566 2798 :

1974 2847 2219 2918 quinimo,
2242 2854 2294 2899 ut
2314 2860 2396 2899 res
2420 2843 2633 2908 indicat,
2655 2840 2946 2895 aemulatur
2973 2838 3249 2893 hominem.
3281 2835 3414 2903 Quia
3434 2836 3568 2891 enim

1973 2953 2152 3009 supra,
2175 2935 2374 3006 inquis,
2404 2939 2879 2989 commemorarent
2900 2929 3101 2983 dolores
3116 2967 3132 2993 ,
3164 2927 3363 2981 labores
3376 2965 3392 2991 ,
3408 2926 3569 2980 sudo-

1976 3046 2076 3096 res,
2099 3044 2314 3100 quorum
2349 3042 2550 3089 sensum
2572 3033 2756 3078 natura
2772 3066 2785 3088 ,
2813 3022 3118 3076 nimietatem
3147 3035 3361 3089 persona
3397 3034 3570 3072 susce-

1977 3128 2156 3192 perat;
2180 3136 2243 3173 ne
2262 3118 2357 3172 hoc
2399 3118 2454 3171 in
2492 3125 2736 3171 eternium
2775 3112 3028 3167 videretur
3065 3108 3267 3166 extendi
3288 3148 3305 3176 ,
3338 3108 3575 3177 mitiﬁcet

1978 3209 2330 3282 tegritudinem
2363 3207 2607 3261 terminus
2647 3202 2898 3258 indicatus
2919 3218 2938 3257 :
2962 3217 3024 3256 ac
3045 3200 3090 3256 si
3116 3199 3342 3266 diceret,
3386 3197 3573 3253 Verum

1979 3316 2083 3355 non
2106 3314 2302 3371 semper
2334 3298 2432 3351 ista
2476 3293 2714 3367 patieris,
2735 3292 2825 3348 sed
2853 3291 3025 3346 donec
3050 3289 3358 3345 converteris
3384 3287 3440 3343 in
3465 3296 3571 3343 ter-

1980 3407 2094 3445 ram
2112 3389 2295 3463 de'qua
2322 3394 2556 3456 sumptus
2576 3399 2666 3449 es;
2691 3382 2814 3455 quia
2836 3391 2972 3436 terra
2997 3397 3071 3449 es,
3097 3389 3145 3435 et
3172 3380 3226 3433 in
3248 3387 3436 3433 terram
3454 3376 3571 3431 ibis.

1983 3484 2113 3541 [hac
2148 3481 2334 3538 dicens
2363 3476 2684 3549 persuadere
2717 3473 2951 3539 conaris,
2982 3473 3055 3527 ita
3089 3470 3302 3542 quidem
3330 3476 3574 3526 creatum

1986 3573 2282 3637 hominem,
2310 3577 2369 3624 ιιι
2387 3567 2595 3624 etiamsi
2625 3566 2677 3620 in
2708 3563 3026 3620 rectitudine
3052 3578 3081 3615 v
3107 3570 3195 3626 ιω,
3220 3560 3272 3615 in
3295 3575 3398 3629 qua
3425 3573 3578 3619 crea-

1989 3676 2074 3722 tus
2102 3671 2186 3719 est
2203 3703 2220 3728 ,
2248 3668 2620 3733 permaneret,
2645 3666 2820 3712 tamen
2861 3653 3101 3710 mortalis
3132 3651 3449 3707 necessitate
3477 3665 3578 3705 na-

1990 3766 2123 3813 tura:
2151 3752 2473 3824 quandoque
2517 3755 2844 3811 moreretur;
2875 3744 2967 3801 sed
2996 3745 3096 3799 hoc
3120 3743 3168 3799 ei
3202 3758 3306 3797 non
3346 3755 3468 3797 esse
3494 3740 3579 3795 in-

1990 3848 2221 3905 dicatum
2247 3885 2264 3911 ,
2297 3843 2398 3898 nisi
2431 3851 2670 3910 tempore
2695 3836 3052 3893 damnationis
3090 3849 3200 3888 sua:
3222 3873 3240 3900 ,
3263 3842 3320 3886 ut
3342 3846 3584 3887 atrntnna

1991 3938 2130 4008 ejus,
2158 3952 2224 3990 ne
2246 3940 2519 4005 putaretur
2543 3939 2762 3994 aeterna,
2792 3926 2860 3982 de
2891 3926 3156 3995 promisso
3179 3923 3446 3992 acciperet
3474 3920 3593 3976 line.

1993 4029 2261 4085 solatium.
2306 4026 2523 4082 Putaret
2556 4035 2683 4091 ergo
2717 4018 2887 4073 Adam
2926 4030 3031 4072 non
3072 4030 3131 4070 se
3158 4014 3470 4069 moriturum
3491 4049 3517 4078 ,.
3538 4011 3593 4065 si

1996 4120 2099 4175 hoc
2141 4119 2217 4174 illi
2255 4131 2375 4172 non
2420 4113 2709 4168 indicasset
2764 4110 2948 4164 Deus:
2980 4106 3082 4161 hoc
3131 4115 3319 4161 autem,
3357 4118 3463 4161 non
3510 4101 3586 4157 illi

1996 4210 2285 4267 iudicasset
2349 4206 2522 4271 Deus,
2584 4202 2684 4256 nisi
2747 4208 3079 4270 peceatorem
3144 4194 3386 4250 danmari
3422 4207 3587 4263 opor-

2001 4308 2135 4356 teret
2185 4316 2198 4352 :
2254 4305 2557 4355 remaneret
2590 4306 2719 4362 ergo
2758 4290 2810 4344 in
2866 4289 2966 4343 hoc
3020 4301 3234 4350 errore,
3264 4298 3373 4355 quo
3422 4291 3591 4339 teter-

2000 4407 2127 4449 num
2153 4404 2234 4457 se,
2264 4394 2358 4441 aut
2381 4398 2650 4456 nunquam
2678 4381 2995 4437 moriturum
3019 4393 3140 4433 esse
3176 4374 3463 4451 credebat,
3488 4371 3591 4431 nisi

2001 4484 2069 4540 ad
2093 4479 2405 4553 sapientiam
2431 4518 2447 4546 ,
2477 4492 2580 4547 qua
2608 4489 2673 4531 se
2697 4472 2859 4527 homo
2899 4467 3213 4539 cognoscit,
3245 4465 3447 4537 peccati
3476 4477 3590 4518 me-

2002 4577 2112 4631 rito.
2140 4570 2461 4643 perveniret.
2496 4567 2747 4624 Sentisne
2787 4561 2921 4633 quid
2958 4558 3148 4615 dicas?
3193 4556 3390 4626 Acripe
3428 4553 3589 4608 aliud.

2004 4667 2199 4725 Procul
2226 4664 2386 4719 dubio
2405 4660 2651 4716 nesciens
2670 4656 2839 4712 Adam
2868 4669 2927 4708 se
2948 4667 3068 4707 esse
3092 4649 3430 4713 moriturum,
3453 4643 3599 4714 quod

2007 4761 2111 4816 nisi
2136 4764 2411 4830 peccasset
2439 4754 2622 4822 utique
2651 4748 2912 4806 nesciret.
2939 4753 3116 4798 tamen
3144 4740 3188 4795 si
3229 4752 3451 4809 peccare
3493 4751 3595 4793 no-

2008 4827 2196 4907 luisset
2230 4848 2390 4903 ctiam
2425 4844 2526 4898 hoc
2565 4840 2813 4896 nesciens
2847 4836 3035 4892 beatus
3072 4838 3250 4897 esset,
3281 4837 3338 4889 et
3372 4827 3605 4888 credens

2007 4941 2277 5000 contraria
2314 4936 2523 4995 veritati
2566 4934 2732 4989 miser
2761 4945 2866 4985 non
2904 4934 3068 4984 esset.
3097 4922 3336 4978 Audisnc
3362 4919 3488 4991 quid
3519 4918 3601 4981 tli-

2009 5033 2139 5092 cas?
2163 5032 2360 5101 Accipe
2377 5038 2433 5085 et
2461 5026 2694 5083 tertium.
2716 5023 2771 5080 Si
2787 5019 3005 5093 justitia‘.
3026 5032 3137 5073 sua:
3157 5023 3398 5083 tempore
3424 5010 3596 5075 Adam

2011 5125 2264 5182 credebat
2294 5139 2355 5179 se
2396 5135 2497 5177 nec
2533 5131 2761 5186 corpore
2802 5111 3118 5168 moriturum
3140 5149 3156 5173 ,
3190 5106 3235 5162 si
3265 5105 3359 5161 Dei
3404 5118 3606 5175 prirce-

2013 5227 2161 5288 ptum
2191 5213 2412 5270 minime
2437 5208 2727 5270 violasset,
2758 5202 3075 5261 moriturum
3099 5205 3280 5252 autem
3311 5204 3437 5250 tunc
3464 5192 3604 5248 didi-

2013 5283 2105 5372 cit,
2133 5304 2346 5378 quando
2388 5300 2641 5356 violavit:
2672 5299 2773 5352 hoc
2815 5305 2914 5348 nos
2958 5287 3269 5352 credimus,
3298 5283 3441 5356 quod
3481 5297 3606 5337 cum

2014 5374 2168 5458 esset
2187 5398 2396 5469 justus,
2424 5395 2512 5449 ille
2548 5387 2834 5452 credebat;
2862 5384 2964 5439 hoc
2999 5390 3180 5436 autem
3216 5391 3316 5432 vos
3352 5374 3569 5433 creditis
3590 5418 3608 5441 ,

2015 5491 2158 5565 quod
2200 5490 2302 5545 nisi
2329 5487 2555 5556 injustas
2582 5495 2740 5538 nosse
2764 5492 2873 5533 non
2897 5474 3114 5533 meruit.
3144 5470 3338 5527 Noster
3360 5483 3489 5537 ergo
3518 5479 3606 5520 cr-

2016 5561 2107 5646 ror
2134 5594 2239 5642 stat
2261 5584 2314 5639 in
2342 5588 2492 5652 parte
2512 5576 2748 5649 justitiat,
2785 5582 2837 5627 et
2858 5571 2910 5624 in
2941 5575 3094 5640 parte
3113 5561 3405 5634 iniquitatis
3434 5566 3609 5611 vestra

2019 5677 2296 5750 sapientia.
2323 5670 2649 5739 lntelligisne
2675 5664 2801 5743 quid
2822 5660 3009 5719 dicas?
3256 5656 3607 5750 et-quartutn.

2021 5739 2269 5829 Si'bcato
2302 5774 2349 5821 ct
2383 5762 2527 5834 justo
2568 5759 2638 5814 illi
2670 5739 2870 5812 homini
2910 5766 3015 5807 non
3045 5742 3287 5804 indicavit
3322 5739 3457 5794 Deus
3484 5747 3607 5789 eor-
