4118 6514
584 346 722 404 lli?!

591 461 739 532 puris
767 459 886 532 ejus
915 468 1144 515 mortem
1193 458 1426 513 futuram
1451 499 1467 524 ,
1499 454 1754 512 indicavit
1777 461 1952 508 autem
1982 451 2180 506 misero

581 561 638 606 et
660 551 931 622 peccatori
957 567 972 616 ;
1005 550 1390 621 congruentius
1423 548 1658 604 creditur
1679 588 1695 614 ,
1726 547 1918 600 timore
1962 558 2180 615 quoque

582 642 774 698 mortis
814 657 939 697 eum
970 642 1218 697 cruciare
1249 640 1483 696 voluisse
1505 681 1520 705 ,
1547 639 1706 696 etiam
1737 638 1838 692 isto
1870 635 2074 692 scilicet
2094 633 2181 690 di-

581 749 749 804 gnum
788 732 1037 803 judicans
1067 747 1190 788 esse
1232 741 1520 788 tormento.
1553 729 1619 787 Ut
1661 728 1801 784 enim
1831 727 2029 782 clamat
2067 726 2180 797 ipsa

587 834 805 892 natura,
834 826 954 896 plus
990 839 1140 880 mors
1162 823 1445 891 metuitur,
1467 837 1627 894 quam
1657 820 1903 877 labores:
1935 818 2181 874 laborant

583 919 784 989 quippe
808 931 997 973 omnes
1025 916 1268 972 homines
1291 931 1356 969 ne
1381 917 1690 980 moriantur,
1719 911 1766 968 si
1790 912 1868 968 eis
1889 911 2009 967 talis
2034 910 2182 980 optio

585 1017 940 1080 proponatur,
976 1018 1032 1062 ut
1054 1006 1306 1063 continuo
1335 1005 1664 1072 moriantur,
1691 1003 1738 1058 si
1761 1019 1864 1058 non
1901 1001 2183 1057 laborave-

585 1100 698 1153 rint
727 1114 742 1153 :
769 1099 1192 1170 quotusquisque
1234 1107 1410 1151 autem
1449 1095 1746 1166 reperitur,
1775 1094 1865 1165 qui
1893 1093 2028 1149 mori
2068 1107 2180 1147 ma-

585 1188 668 1256 lit,
699 1204 859 1259 quam
889 1188 1164 1244 laborare?
1191 1187 1431 1258 Denique
1457 1187 1568 1256 ipse
1589 1184 1758 1241 Adam
1789 1199 1884 1255 per
1913 1192 1988 1238 tot
2007 1197 2180 1238 annos

585 1279 775 1334 maluit
816 1279 1092 1343 laborare,
1132 1292 1431 1348 quamnon
1477 1275 1766 1331 laborando
1800 1283 1857 1330 et
1893 1275 2033 1329 fame
2066 1287 2181 1328 nio-

585 1369 777 1425 riendo
815 1368 975 1423 vitam
1005 1368 1168 1423 simul
1202 1376 1258 1423 et
1286 1367 1519 1422 laborem
1560 1366 1731 1421 linire.
1758 1364 1889 1419 Nam
1927 1380 2034 1435 quo
2073 1362 2180 1418 alio

583 1474 746 1514 sensu
772 1458 999 1513 naturali
1026 1459 1186 1513 etiam
1214 1457 1346 1512 Cain
1377 1456 1494 1526 plus
1522 1465 1748 1510 mortem
1779 1455 1987 1520 timuit,
2014 1469 2176 1524 quam

583 1549 863 1605 laborem?
889 1549 1006 1615 Quo
1033 1547 1140 1602 alio
1183 1562 1344 1602 sensu
1375 1561 1474 1617 per
1515 1560 1621 1601 non
1662 1544 1840 1616 iniqua
1877 1559 1978 1600 nec
2017 1543 2182 1598 iultu.

581 1655 738 1695 tnana
759 1639 955 1709 judicia
977 1681 992 1704 ,
1018 1638 1224 1693 minora
1263 1637 1486 1693 crimina
1517 1637 1700 1693 labore
1721 1635 1984 1692 mctallico
2008 1676 2024 1704 ,
2059 1651 2176 1690 ma-

573 1730 694 1799 jora
739 1737 911 1785 morte
943 1729 1152 1799 judices
1187 1727 1473 1784 damnant?
1496 1727 1648 1784 Unde
1697 1737 1876 1784 autem
1914 1735 2177 1799 martyres

577 1829 723 1876 tanta
762 1820 929 1891 gloria
971 1819 1364 1891 praedicantur,
1395 1820 1539 1890 quod
1589 1833 1688 1890 pro
1728 1818 1933 1890 justitia
1976 1818 2176 1873 mortui

572 1921 734 1980 sunt,
766 1912 871 1968 nisi
912 1911 1036 1984 quia
1075 1913 1247 1982 major
1285 1913 1454 1968 virtus
1481 1921 1570 1968 est
1613 1923 1840 1968 mortem
1878 1927 2133 1982 spernere
2155 1950 2170 1979 ,

570 2018 731 2074 quam
762 2003 1039 2058 laborem?
1069 2003 1296 2073 Pr0pter
1321 2002 1463 2070 quod
1497 2018 1603 2058 non
1629 2003 1705 2057 ait
1729 2002 1986 2057 Dominus
2011 2043 2028 2070 ,
2059 2017 2169 2056 nut-

563 2093 734 2163 jorem
759 2093 1057 2148 claritatem
1080 2107 1228 2148 nemo
1253 2092 1420 2159 habet,
1443 2109 1601 2164 quam
1627 2103 1684 2148 ut
1700 2093 1938 2160 laboret;
1973 2093 2090 2160 sed,
2117 2103 2174 2149 ut

568 2186 797 2240 uitiatum
821 2202 968 2240 suam
1006 2195 1164 2257 ponat
1190 2202 1284 2257 pro
1303 2186 1480 2240 amicis
1512 2187 1617 2240 suis
1639 2184 1818 2259 (Joan.
1848 2201 1945 2251 xv,
1975 2185 2088 2258 15).
2113 2184 2170 2242 Si

568 2291 699 2349 ergo
745 2277 918 2347 major
951 2285 1036 2332 est
1066 2276 1299 2332 charitas
1351 2277 1523 2342 mori,
1569 2292 1728 2348 quam
1771 2276 2018 2333 laborare
2072 2293 2171 2348 pro

565 2367 796 2432 amicis;
827 2368 948 2437 quis
974 2377 1082 2421 tam
1111 2381 1289 2425 czeeus
1314 2375 1398 2422 est
1420 2408 1436 2434 ,
1465 2376 1524 2421 ut
1549 2382 1658 2422 non
1699 2368 1877 2423 videat
1904 2368 2166 2424 minorem

570 2470 786 2526 prunam
820 2457 1016 2512 laboris
1059 2471 1182 2513 esse
1215 2471 1374 2526 quam
1418 2458 1609 2512 mortis
1631 2457 1655 2510 Ἰ
1679 2459 1788 2512 Aut
1806 2458 1851 2512 si
1899 2458 2020 2529 plus
2068 2458 2168 2514 bo-

573 2563 664 2602 tno
711 2547 874 2603 debet
917 2547 1156 2603 laborem
1203 2557 1445 2604 metuere
1467 2589 1484 2615 ,
1506 2564 1665 2620 quam
1715 2558 1986 2616 mortem;
2037 2566 2168 2623 quo-

567 2640 733 2695 modo
815 2657 922 2695 non
985 2649 1072 2696 est
1131 2641 1329 2696 misera
1391 2642 1506 2712 ipsa
1572 2653 1800 2707 natura,
1867 2659 1988 2715 quae
2047 2646 2168 2716 plus

567 2740 796 2786 mortem
840 2733 1052 2798 metuit,
1103 2748 1264 2802 quam
1313 2732 1595 2788 laborem?
1638 2734 1702 2788 Et
1739 2743 1795 2789 tu
1843 2734 1944 2790 ista
1999 2751 2105 2790 non
2143 2737 2165 2770 ⁸

565 2824 849 2893 cogitans,
905 2822 1042 2879 dicis
1091 2823 1320 2879 indicata
1372 2825 1472 2879 sibi
1525 2838 1620 2880 sua
1676 2836 1851 2882 morte
1893 2825 2164 2884 hominem

563 2916 896 2970 consulatum
924 2957 941 2982 ,
981 2931 1048 2971 ne
1089 2931 1244 2970 suum
1290 2917 1526 2972 laborem
1580 2928 1792 2988 putaret
1829 2927 2090 2975 atternum
2146 2938 2161 2976 :

562 3021 707 3073 eum,
763 3006 810 3061 si
860 3015 1096 3063 vestrum
1163 3004 1357 3077 dogma
1393 3023 1577 3064 verum
1634 3019 1798 3076 esset,
1843 3026 1952 3082 quo
2006 3011 2161 3068 afﬁr-

560 3101 722 3152 matis
775 3097 967 3166 Adam,
1027 3099 1234 3154 etiamsi
1285 3115 1393 3155 non
1439 3111 1736 3171 peccasset,
1793 3103 1958 3159 fuisse
1995 3104 2163 3161 mori-

566 3197 777 3255 turum,
809 3198 1088 3260 propterea
1137 3189 1241 3246 hoc
1289 3191 1363 3245 illi
1406 3191 1748 3247 indicandum
1797 3208 1904 3248 non
1948 3194 2157 3264 fuisset,

561 3289 851 3350 antequam
899 3280 1160 3351 inciperet
1199 3297 1359 3352 paena
1398 3282 1761 3339 damnationis
1789 3285 1974 3358 alﬂigi,
1997 3303 2066 3342 ne
2091 3287 2159 3343 il-

556 3372 668 3427 lum
718 3373 861 3427 Deus
910 3373 1216 3444 priusquam
1268 3384 1565 3446 peccasset,
1592 3377 1780 3431 mortis
1816 3377 2012 3434 timore
2049 3388 2160 3435 tor-

552 3474 777 3534 queret;
807 3475 933 3520 tunc
957 3475 1157 3530 autem,
1185 3482 1308 3524 cum
1334 3467 1468 3538 jam,
1503 3458 1851 3541 posteaquam
1890 3474 2151 3542 peccavit,

555 3570 715 3626 pana
763 3556 1134 3628 dignissimum
1172 3559 1472 3630 judicaret,
1513 3561 1776 3618 indicaret
1827 3564 1986 3618 etiam
2035 3578 2156 3620 esse

557 3653 912 3715 umriturum,
945 3659 1004 3705 ιιι
1039 3652 1286 3708 eamdem
1331 3668 1543 3724 pinnam
1591 3655 1732 3710 Deus
1772 3655 1980 3726 justus,
2029 3657 2153 3713 mali

557 3740 704 3795 ultor
742 3741 987 3808 admissi,
1017 3743 1180 3799 etiam
1209 3745 1400 3800 timore
1425 3746 1613 3802 mortis
1641 3757 1881 3818 augeret.
1902 3748 2154 3821 Quisquis

553 3831 717 3903 igitur
736 3831 854 3888 luec
884 3833 977 3888 Dei
1001 3835 1186 3900 verba,
1215 3837 1411 3906 quibus
1434 3845 1516 3891 est
1538 3837 1753 3907 punitus
1775 3838 1964 3903 Adam,
1988 3855 2152 3910 quan-

548 3925 623 3976 do
662 3924 869 3978 dictum
915 3933 1019 3988 est,
1053 3925 1212 3980 Terra
1240 3943 1312 3993 es,
1346 3937 1391 3981 et
1417 3929 1470 3981 iu
1496 3939 1685 3982 terram
1705 3929 1824 3994 ibis,
1852 3930 2147 3988 secundum

553 4013 715 4069 ﬁdem
743 4013 1060 4070 catholicam
1111 4016 1378 4088 intelligit,
1407 4034 1509 4075 nec
1554 4020 1668 4074 vult
1715 4021 2050 4079 introducere
2095 4024 2148 4080 in

555 4104 862 4175 paradisum
890 4107 1134 4178 corporis
1154 4118 1382 4165 mortem
1412 4111 1715 4182 praecipue;
1748 4128 1816 4168 ne
1847 4114 2148 4172 introducat

551 4204 610 4250 et
648 4195 889 4263 morbos,
936 4214 1168 4270 quorum
1219 4201 1511 4258 miserabili
1556 4203 1813 4260 varietate
1856 4207 2148 4262 morientes

547 4287 796 4344 videmus
821 4289 1006 4362 afﬂigi,
1047 4301 1105 4347 et
1147 4293 1450 4363 paradisum
1500 4305 1700 4351 sancta:
1742 4298 2050 4369 voluptatis,
2079 4313 2145 4354 ac

550 4383 846 4452 spiritualis
873 4394 927 4440 et
951 4387 1250 4455 corporalis
1279 4386 1568 4454 felicitatis,
1597 4389 1683 4444 cui
1712 4405 1811 4445 vos
1839 4406 1947 4446 non
1980 4391 2146 4463 pudet

547 4491 672 4532 esse
696 4480 1018 4544 contrarios,
1052 4479 1351 4548 doloribus,
1381 4481 1675 4549 laboribus,
1703 4484 2145 4540 mmroribusim-

546 4569 697 4639 plere
725 4579 977 4640 cogatur;
1010 4570 1151 4626 sicut
1176 4587 1273 4627 vos
1301 4572 1576 4644 cogimini,
1607 4588 1707 4629 nec
1750 4575 2002 4630 invenitis
2037 4591 2140 4648 qua

543 4660 696 4717 exire
724 4663 957 4732 possitis,
991 4664 1245 4734 quamdiu
1284 4675 1391 4721 tam
1437 4666 1660 4738 impium
1697 4667 1893 4740 dogma
1934 4677 2142 4727 mutare

545 4768 652 4809 non
686 4754 846 4811 vultis
870 4773 883 4810 :
906 4755 998 4827 qui
1024 4772 1174 4827 ergo,
1201 4767 1261 4813 ut
1285 4757 1418 4825 dixi,
1446 4759 1563 4814 hare
1609 4759 1703 4814 Dei
1749 4761 1911 4817 verba
1941 4775 2137 4817 secun-

537 4845 666 4901 dum
695 4848 1012 4902 catholicam
1035 4850 1259 4919 suscipit
1287 4859 1343 4905 et
1369 4849 1617 4920 intelligit
1644 4849 1835 4918 tidem;
1863 4853 2003 4908 sicut
2017 4867 2140 4910 cer~

538 4938 618 4993 nit
647 4953 857 5007 pinnam
891 4939 1093 4994 laboris
1133 4941 1186 4994 in
1233 4956 1302 4996 eo
1340 4939 1484 5010 quod
1511 4933 1715 4996 dictum
1737 4952 1840 5008 est,
1865 4942 1930 4996 In
1951 4944 2139 5000 sudore

539 5029 693 5101 [aciei
711 5039 812 5083 tuae
828 5031 946 5084 edes
973 5047 1154 5100 partem
1171 5041 1352 5096 tuum;
1382 5019 1454 5086 ita.
1478 5047 1690 5102 pinnam
1717 5034 1888 5089 cernit
1912 5044 1968 5090 et
1986 5051 2133 5090 mor-

542 5121 611 5175 tis
639 5120 690 5173 in
717 5133 784 5175 eo
808 5121 949 5191 quod
982 5123 1246 5192 sequitur,
1278 5121 1455 5177 Donec
1480 5124 1746 5178 revertaris
1771 5125 1822 5178 in
1867 5134 2052 5179 terram
2072 5127 2137 5180 de

539 5226 638 5280 qua
658 5221 889 5280 sumptus
909 5227 993 5280 es;
1019 5213 1142 5279 quia
1167 5222 1300 5268 terra
1347 5229 1421 5276 es,
1452 5223 1498 5268 et
1518 5213 1572 5267 iu
1599 5223 1784 5268 terram
1810 5216 1904 5271 ibis
1929 5232 1950 5271 :
1969 5233 2034 5274 ac
2057 5220 2137 5273 sic

543 5300 734 5369 accipit
758 5300 983 5363 dictum.
1017 5312 1270 5373 tanquam
1296 5303 1588 5370 diceretur,
1619 5304 1733 5376 Ego
1753 5307 1967 5377 quidem
1994 5319 2047 5364 te
2067 5309 2136 5364 de

542 5401 680 5446 terra
711 5393 938 5464 sumpsi,
969 5403 1023 5448 et
1052 5393 1327 5449 hominem
1357 5394 1456 5451 feci
1479 5411 1496 5462 ;
1521 5403 1580 5450 et
1605 5398 1784 5468 utique
1813 5401 1959 5470 potui
1986 5400 2135 5457 face-

539 5498 619 5548 re,
648 5493 706 5539 ut
751 5484 940 5540 eadem
990 5493 1130 5540 terra
1175 5502 1340 5557 quam
1383 5490 1649 5545 viventem
1692 5490 1817 5558 feci,
1857 5509 2132 5564 nunquam

503 5571 514 5582 ’
539 5585 822 5646 cogeretur
848 5575 956 5632 vita
1003 5593 1191 5634 were
1221 5594 1380 5648 quam
1404 5580 1564 5647 dedi;
1594 5583 1688 5638 sed
1713 5585 1837 5655 quia
1877 5595 2018 5642 terra
2048 5601 2130 5654 es,

538 5665 594 5726 id
619 5677 722 5736 est,
747 5668 1043 5724 secundum
1077 5683 1302 5726 carnem
1344 5685 1466 5742 qua
1493 5671 1560 5728 de
1598 5682 1739 5731 terra
1781 5689 1995 5752 sumpta
2025 5689 2130 5748 est,

603 5799 622 5830 I
646 5800 880 5853 mm
901 5800 1007 5853 tunc
1028 5813 1220 5867 negans
1239 5801 1494 5855 exciderat
1517 5803 1565 5855 in
1588 5797 1724 5859 libris
1748 5809 1911 5862 editis.

1251 342 1498 403 OPERIS
1536 337 1946 400 NPERFECTI
1982 335 2255 395 CU‘N'I'RA
2294 337 2654 412 JULIANUM,
2693 342 2751 402 S.
2795 345 3161 408 AUGUSTINI

3720 361 3858 420 15η

2290 468 2396 509 non
2419 456 2709 514 secundum
2737 475 2843 527 me,
2863 463 2950 533 qui
2980 471 3033 518 te
3051 463 3120 520 de
3141 473 3280 522 terra
3309 468 3535 539 sumpsi,
3563 470 3745 531 vivere
3772 492 3862 532 vo-

2287 547 2463 616 luisti;
2495 549 2763 608 laborahis
2801 554 2854 609 in
2886 565 3048 624 terra,
3079 555 3252 614 donec
3295 563 3578 619 revertaris
3612 564 3667 621 in
3709 583 3863 638 eam;

2286 648 2341 694 et
2365 639 2485 696 ideo
2511 645 2800 700 reverteris
2825 647 2876 701 in
2908 656 3125 717 terram,
3168 651 3291 722 quia
3335 661 3477 709 terra
3521 669 3613 722 es;
3647 668 3702 714 et
3722 660 3860 731 justa

2287 745 2444 801 poena
2483 732 2587 788 ibis
2624 734 2677 791 itt
2721 743 2919 793 terram
2948 738 3016 795 de
3053 756 3154 812 qua
3201 741 3370 799 factus
3397 760 3477 814 es,
3507 748 3627 818 quia
3652 751 3858 821 spiritui

2287 841 2395 881 non
2425 827 2652 884 obediin
2678 843 2709 884 a
2737 847 2844 901 quo
2891 831 3062 888 factus
3111 849 3190 890 es.
3230 834 3336 892 Iste
3383 837 3680 898 intellectus
3703 858 3858 904 sanus

2286 929 2447 990 atque
2475 920 2769 978 catholicus
2795 925 3060 996 praecipue
3089 927 3213 984 inde
3233 931 3592 1000 cognoscitur,
3613 935 3735 1006 quia
3755 953 3857 994 non
3905 1000 3908 1003 ,

2284 1010 2432 1081 cogit
2457 1013 2723 1069 mortibus
2749 1015 2973 1086 implere
2994 1028 3193 1074 terram
3222 1021 3533 1087 viventium,
3563 1033 3859 1100 terramque

2286 1102 2518 1161 felicium
2541 1109 2696 1163 malis
2713 1110 2961 1167 omnibus
2977 1112 3410 1172 laboriosissimis
3434 1126 3491 1172 et
3514 1120 3855 1190 gravissimis,

2285 1213 2404 1268 qua:
2434 1198 2676 1256 homines
2705 1200 2757 1256 in
2805 1203 2907 1259 hoc
2945 1218 3171 1275 corpore
3213 1209 3542 1279 corruptibili
3571 1213 3854 1281 patiuntur,

2285 1298 2341 1344 et
2386 1305 2448 1346 ea
2486 1305 2591 1346 non
2621 1291 2844 1349 ferendo
2872 1302 2930 1350 ut
2958 1297 3253 1354 moriantur
3281 1309 3555 1370 urgentur.
3577 1303 3692 1360 Non
3719 1308 3856 1363 enim

2283 1381 2504 1452 potestis
2549 1382 2750 1453 dicere,
2800 1385 2994 1443 leniter
3038 1387 3282 1445 homines
3325 1391 3378 1446 in
3419 1395 3663 1463 paradiso
3700 1397 3858 1454 fuisse

2283 1473 2594 1543 morituros,
2621 1475 2668 1530 si
2694 1492 2856 1533 nemo
2877 1490 3150 1550 peccasset
3171 1497 3188 1536 :
3209 1483 3332 1553 quia
3358 1494 3411 1538 et
3437 1484 3540 1542 hoc
3563 1500 3744 1544 contra
3765 1506 3855 1546 vos

2281 1571 2382 1620 est.
2425 1565 2480 1621 Si
2508 1567 2651 1623 enim
2695 1575 2824 1626 tunc
2867 1570 3061 1628 leniter
3113 1585 3473 1642 morerentur,
3507 1587 3562 1634 et
3589 1597 3728 1638 nunc
3753 1593 3852 1639 tam

2280 1672 2470 1729 aspere
2495 1661 2815 1730 moriuntur,
2853 1678 2949 1734 per
2991 1675 3268 1735 peccatum
3295 1668 3523 1726 hominis
3544 1682 3740 1730 mutata
3772 1686 3856 1733 est

2281 1751 2510 1808 humana
2524 1765 2712 1809 natura
2738 1772 2751 1809 :
2772 1757 2914 1827 quod
2937 1773 3032 1814 vos
3059 1769 3336 1831 negantes,
3357 1777 3744 1836 consequenter
3761 1783 3852 1824 co-

2278 1844 2462 1916 gimini
2494 1847 2625 1902 tales
2650 1847 2871 1904 omnino
2896 1859 3118 1920 mortes,
3150 1854 3334 1924 quales
3379 1872 3517 1912 nunc
3565 1868 3706 1924 sunt,
3736 1860 3851 1916 loco

2279 1937 2421 1992 illius
2469 1947 2628 1994 tanta:
2672 1938 2937 1997 felicitatis
2976 1952 3032 1999 et
3069 1944 3421 2015 jucunditatis
3458 1949 3767 2019 immittere;
3791 1968 3851 2010 ac

2278 2042 2374 2098 per
2419 2027 2522 2085 hoc
2565 2039 2620 2085 et
2665 2031 3073 2094 innumerabilia
3129 2054 3324 2112 genera
3369 2041 3695 2112 morborum,
3746 2053 3847 2100 tam

2275 2127 2484 2192 gravia,
2519 2135 2735 2199 tamque
2762 2130 3136 2201 intolerabilia,
3169 2143 3226 2188 ut
3254 2134 3332 2189 eis
3358 2134 3597 2192 homines
3621 2138 3851 2208 compel-

2275 2214 2455 2272 lantur
2483 2219 2534 2273 in
2562 2232 2811 2278 mortem.
2839 2223 2970 2292 Qua:
2997 2225 3227 2296 paradisi
3265 2225 3432 2284 facies
3475 2229 3518 2284 si
3547 2239 3746 2285 vestras
3771 2230 3848 2284 fa-

2273 2305 2385 2361 cies
2426 2308 2605 2380 aliquo
2646 2311 2849 2382 pudore
2890 2315 3156 2385 perfundit
3205 2326 3364 2389 atque
3408 2319 3711 2387 confundit;
3757 2322 3844 2393 qui

2274 2413 2382 2454 non
2409 2402 2569 2457 vultis
2593 2407 2836 2461 confiteri
2864 2416 3099 2464 nostram
3129 2425 3223 2480 per
3249 2419 3520 2481 peccatum
3548 2413 3735 2468 mutari
3753 2432 3844 2484 po-

2274 2490 2440 2548 tuisse
2466 2502 2733 2565 natnram,
2765 2508 2995 2554 vestram
3038 2499 3213 2571 potius
3255 2510 3454 2559 mutate
3494 2504 3834 2569 sententiam;

2272 2589 2328 2638 et
2355 2597 2554 2654 corpus
2596 2597 2865 2650 mortuum
2897 2601 3116 2660 pr0pter
3145 2603 3418 2663 peccatum
3447 2609 3565 2651 cum
3595 2597 3843 2666 Apostolo

2270 2676 2602 2734 conﬁtemini
2631 2679 2807 2748 (Rom.
2840 2697 2950 2750 vtn,
2980 2683 3069 2756 10)
3095 2702 3108 2739 :
3131 2684 3292 2741 dicite
3320 2701 3441 2742 cum
3472 2687 3703 2744 Ecclesia
3730 2690 3840 2758 Dei,

2269 2767 2316 2820 Α
2339 2769 2550 2825 muliere
2586 2771 2790 2826 initium
2832 2777 3024 2845 factum
3064 2785 3136 2832 est
3176 2785 3396 2848 peccati,
3420 2789 3464 2832 et
3485 2790 3684 2852 propter
3703 2781 3841 2835 illam

2268 2859 2517 2915 morimur
2557 2877 2728 2917 omnes
2771 2861 2966 2938 (Eccli.
2992 2883 3116 2935 xxv,
3145 2868 3257 2940 53).
3289 2872 3572 2941 Agnoscile
3599 2887 3714 2928 cum
3747 2874 3841 2928 Ec-

2267 2947 2431 3006 clesia
2481 2951 2596 3020 Dei,
2628 2954 2750 3024 quia
2799 2972 2983 3027 corpus
3029 2960 3358 3030 corruptibile
3423 2972 3662 3034 aggravat
3725 2965 3839 3018 aui-

2268 3057 2404 3095 mam
2431 3042 2586 3115 (Sap.
2609 3060 2687 3111 tx,
2725 3044 2834 3119 l5).
2857 3045 2974 3103 Non
3009 3051 3151 3105 enim
3183 3061 3306 3108 ante
3334 3065 3605 3123 peccatum
3646 3055 3697 3110 in
3740 3071 3836 3127 pa-

2266 3133 2447 3189 radiso
2492 3135 2596 3191 tale
2647 3147 2760 3192 erat
2797 3153 3029 3212 corpus,
3063 3152 3120 3198 ut
3165 3144 3257 3199 illo
3294 3146 3468 3200 anima
3517 3157 3835 3218 gravaretur.

2268 3225 2492 3282 Cantate
2511 3243 2631 3284 cum
2654 3231 2891 3288 Ecclesia
2912 3235 3004 3292 Dei
3028 3251 3042 3288 :
3071 3236 3238 3294 Homo
3257 3241 3466 3295 vanitati
3485 3241 3660 3302 similis
3675 3243 3838 3313 factus

2264 3328 2358 3384 est,
2391 3319 2499 3375 dies
2523 3321 2634 3392 ejus
2663 3325 2799 3378 velut
2827 3327 3005 3381 umbra
3038 3340 3338 3400 presterequ
3358 3331 3525 3405 (Psal.
3551 3349 3729 3400 cxun,
3761 3335 3834 3404 ι).

2262 3407 2446 3481 Neque
2473 3413 2614 3467 enim
2639 3416 2729 3485 qtti
2767 3425 2850 3472 est
2875 3417 2943 3473 ad
2981 3419 3383 3479 similitudinem
3416 3425 3508 3480 Dei
3549 3426 3729 3496 factus,
3753 3433 3839 3487 lic-

2263 3508 2346 3555 ret
2394 3501 2496 3556 nisi
2545 3519 2643 3574 per
2691 3517 2964 3576 peccatum
3015 3510 3207 3569 similis
3251 3517 3490 3585 vanitati,
3520 3529 3576 3575 ut
3624 3533 3835 3580 aetatum

2261 3607 2422 3649 cursu
2442 3605 2496 3651 et
2525 3598 2712 3654 mortis
2742 3599 2982 3670 incursu,
3008 3604 3152 3661 velut
3178 3608 3365 3664 umbra
3395 3610 3510 3668 dies
3540 3613 3679 3670 illius
3699 3634 3836 3688 prus-

2262 3687 2506 3743 tet-irent.
2530 3689 2704 3748 Nolite
2728 3693 2832 3749 luci
2871 3697 3229 3755 serenissima:
3256 3701 3498 3759 veritatis
3535 3687 3710 3764 nubila
3747 3726 3835 3767 ve-

2259 3782 2355 3837 stri
2381 3785 2585 3840 erroris
2604 3785 2881 3844 oﬂ'uuderc
2905 3807 2918 3843 :
2943 3791 3252 3861 paradisum
3272 3795 3363 3852 Dei
3387 3798 3550 3853 corda
3581 3800 3832 3870 ﬁdelium,

2257 3888 2417 3944 quem
2472 3875 2671 3932 debent
2717 3893 2920 3948 amare,
2964 3897 3070 3937 non
3109 3884 3306 3941 debent
3346 3889 3652 3946 amaricare.
3701 3893 3832 3960 Quid

2257 3965 2401 4020 enim
2430 3981 2523 4022 vos
2551 3969 2791 4036 olfeudit,
2816 3973 3063 4041 obsecro,
3095 3975 3221 4046 quid
3246 3993 3342 4034 vos
3366 3979 3583 4036 offendit
3612 3983 3695 4038 ille
3723 4003 3834 4040 llic-

2256 4057 2531 4114 morabilis
2557 4061 2834 4118 beatorum
2873 4073 2928 4119 et
2951 4067 3250 4137 quietorum
3272 4070 3438 4139 locus,
3472 4083 3528 4129 ut
3557 4091 3673 4131 eum
3696 4093 3834 4132 mur-

2257 4149 2399 4204 tibus
2444 4150 2741 4222 hominum,
2773 4163 2829 4210 et
2871 4171 2969 4227 per
3016 4157 3112 4215 bas
3160 4163 3313 4217 malis
3357 4165 3604 4220 omnibus
3647 4169 3833 4238 quibus

2254 4238 2531 4297 abundare
2546 4245 2816 4302 cernimus
2834 4251 3107 4320 angustias
3129 4255 3577 4328 necessitatesque
3607 4260 3832 4313 morien-

2255 4331 2410 4398 tium,
2441 4333 2609 4390 oculis
2652 4335 2883 4404 clausis,
2929 4341 3102 4398 fronte
3143 4343 3622 4416 impudentissima,
3655 4361 3828 4405 mente

2253 4426 2702 4497 pertinacissima,
2736 4430 2914 4503 lingua
2956 4435 3352 4506 loquacissima,
3379 4440 3552 4496 velitis
3577 4443 3822 4513 implere;

2251 4535 2321 4574 ne
2365 4521 2625 4591 cogamini
2652 4523 2893 4581 confiteri
2923 4524 2975 4581 in
3006 4528 3102 4585 bas
3129 4529 3402 4598 miserias,
3426 4533 3614 4604 quibus
3636 4533 3825 4590 videtis

2250 4608 2502 4666 refertum
2549 4627 2718 4684 genus
2773 4615 3063 4675 humanum
3107 4636 3137 4675 a
3184 4623 3444 4693 vagitibus
3491 4626 3821 4695 parvulorum

2249 4717 2420 4774 usque
2444 4701 2511 4757 ad
2540 4703 2809 4762 anhelitus
2835 4707 3252 4781 decrepitorum,
3283 4729 3378 4784 per
3406 4725 3676 4786 peceatum
3711 4733 3822 4771 ma-

2247 4793 2451 4848 ximum
2469 4793 2654 4863 ‘primi
2686 4795 2921 4855 hominis
2947 4799 3232 4858 humanam
3261 4805 3528 4861 corruisse
3557 4807 3821 4861 naturam!

2247 4885 2315 4942 Et
2341 4887 2465 4958 quia
2506 4888 2760 4960 injustam
2807 4907 2928 4950 esse
2971 4895 3236 4966 respicitis
3264 4908 3539 4968 parentum
3567 4899 3617 4954 in
3646 4909 3820 4971 poste-

2245 4993 2337 5034 ros
2360 4979 2477 5036 sine
2519 4983 2672 5054 culpa
2716 4985 2943 5042 transire
2972 5002 3203 5057 poenam,
3237 4991 3492 5048 transisse
3515 4992 3816 5049 concedatis

2242 5079 2299 5126 et
2323 5071 2555 5143 culpam.
2585 5073 2868 5132 Maximam
2908 5079 3103 5151 quippe
3143 5081 3354 5154 culpam
3395 5084 3550 5154 primi
3587 5083 3810 5140 hominis

2241 5161 2531 5233 exstitisse,
2555 5182 2713 5238 quam
2739 5176 2795 5222 tu
2815 5178 3118 5240 propterea,
3140 5182 3396 5245 quantum
3420 5177 3648 5246 potuisti,
3672 5186 3818 5232 exte-

2243 5269 2413 5310 nuare
2457 5268 2681 5315 conatus
2715 5275 2796 5329 es,
2829 5277 2896 5317 ne
2918 5273 3140 5334 propter
3169 5265 3310 5321 illam
3337 5267 3640 5324 crederetur
3660 5279 3813 5325 natu-

2241 5347 2552 5406 rabutnana
2595 5354 2833 5422 potuisse
2875 5357 3257 5430 mutari:ergo
3285 5360 3430 5415 illam
3457 5362 3660 5432 culpam
3701 5378 3812 5418 ma-

2240 5439 2439 5495 ximam
2479 5440 2671 5510 fuisse,
2705 5461 2812 5501 non
2842 5447 3016 5502 solum
3050 5463 3146 5518 per
3175 5450 3316 5520 ipsas
3342 5451 3582 5508 miserias
3605 5454 3813 5523 generis

2239 5529 2482 5598 humani,
2510 5549 2630 5605 qua:
2674 5535 2741 5591 ab
2778 5535 3060 5594 infantium
3109 5540 3386 5597 cunabulis
3421 5542 3695 5615 incipiunt,
3721 5559 3807 5598 reo

2237 5634 2358 5676 ru
2376 5619 2536 5679 etiam
2557 5639 2652 5695 per
2680 5635 2732 5682 te
2757 5626 2930 5700 ipsum
2955 5629 3146 5700 probo.
3173 5631 3239 5687 Et
3260 5639 3316 5686 tu
3340 5632 3482 5689 enim
3503 5633 3557 5688 in
3579 5632 3813 5690 secundo

2241 5757 2754 5879 “stadium,
2787 5763 2837 5813 in
2861 5763 3005 5818 editis
3035 5766 3267 5821 ominum
3302 5765 3598 5820 restitimus
3627 5779 3689 5818 ex
3714 5779 3812 5819 ins-
