4118 6536
250 352 384 416 im

248 470 320 526 tui
365 461 524 537 hujus
558 459 741 538 operis
778 458 916 516 libro
963 455 1246 512 maximam
1281 451 1507 508 formam
1536 448 1736 521 peccati
1769 447 1822 501 in

251 561 417 635 primo
447 554 666 612 homine
691 550 935 624 posuisti,
960 558 1019 604 ut
1041 563 1074 604 e
1098 544 1369 604 contrario
1397 543 1627 599 maxima
1652 540 1824 596 forma

245 632 458 724 iustitia
503 644 972 704 commendaretur
1021 641 1075 696 in
1119 639 1336 695 Christo
1361 636 1586 710 (Supra,
1635 635 1726 690 lib.
1768 632 1826 699 2,

247 759 394 815 capp.
428 739 552 800 l89.
583 737 740 807 l90):
773 733 914 807 quod
937 742 987 789 te
1005 731 1208 790 dixisse
1231 729 1360 785 mihi
1388 727 1586 784 videris
1609 725 1826 781 oblitus:

247 849 365 890 nam
389 832 435 888 si
466 844 675 887 memor
710 827 924 893 fuisses,
946 837 1219 895 nunquam
1261 819 1503 892 profecto
1551 824 1826 889 peccatum

245 923 373 983 Atla
419 930 530 978 tam
579 916 871 990 loquaciter
907 915 1147 970 minuere
1185 910 1450 968 nitereris.
1493 909 1606 980 Ego
1650 916 1829 977 autem

245 1015 536 1073 maximum
581 1009 710 1068 illud
737 1017 1012 1081 peccatum
1041 1005 1228 1073 fuisse,
1259 1018 1433 1074 poema
1471 1001 1639 1072 ipsius
1666 1013 1827 1070 gran-

243 1107 412 1162 ditate
453 1103 803 1160 demonstro:
827 1115 933 1156 non
971 1097 1116 1155 enim
1150 1105 1234 1153 est
1271 1093 1463 1164 major,
1496 1106 1656 1163 quam
1683 1097 1742 1145 ut
1763 1089 1832 1145 de

246 1196 497 1269 paradiso
529 1192 902 1266 projiceretur,
929 1197 987 1246 et
1010 1204 1040 1243 a
1071 1189 1217 1259 ligno
1249 1187 1370 1241 vita:
1395 1190 1735 1254 separaretur
1763 1196 1832 1236 ne

245 1289 453 1344 viveret
490 1287 544 1341 itt
579 1293 839 1340 aeternum
863 1298 878 1336 :
901 1279 1097 1337 additis
1139 1277 1301 1334 etiam
1343 1275 1502 1347 hujus
1542 1271 1832 1344 angoribus

242 1378 386 1444 vitae,
415 1385 476 1433 ut
498 1375 616 1432 dies
644 1374 762 1445 ejus
789 1382 844 1428 et
872 1372 927 1428 in
966 1369 1239 1427 laboribus
1279 1373 1579 1439 gemerent,
1609 1373 1666 1420 et
1693 1362 1832 1418 sicut

242 1468 435 1524 umbra
462 1465 768 1522 transirent.
793 1462 1080 1518 Enimvero
1107 1458 1447 1516 haereditaria
1479 1457 1593 1528 ipsa
1618 1454 1832 1526 generis

243 1559 488 1626 humani,
519 1557 588 1612 ab
630 1555 918 1611 infantibus
945 1567 1115 1624 usque
1153 1550 1222 1606 ad
1250 1563 1432 1613 senes,
1459 1545 1736 1602 calamitas
1763 1553 1835 1600 te-

241 1650 341 1706 stis
367 1658 486 1711 est;
512 1661 630 1718 quae
654 1643 884 1700 miseriae
909 1657 1018 1698 non
1041 1640 1303 1697 haberent
1320 1637 1680 1694 conditionem
1701 1649 1831 1704 sup.

243 1741 415 1814 plicii,
461 1740 562 1796 nisi
610 1737 952 1794 traherentur
989 1732 1308 1804 contagione
1352 1728 1578 1800 peccati.
1609 1727 1684 1783 De
1729 1740 1834 1796 qua

238 1835 562 1906 contagione
590 1831 868 1888 nobiscum
897 1826 1243 1898 pertinaciter
1267 1836 1502 1894 pugnas,
1531 1830 1587 1876 et
1615 1833 1685 1875 ne
1731 1818 1833 1872 ista

237 1928 518 1996 credatur,
549 1934 604 1982 et
639 1925 812 1996 ipsum
843 1928 1120 1993 peccatum
1152 1917 1308 1989 primi
1337 1914 1587 1980 hominis,
1615 1921 1674 1969 et
1698 1926 1832 1982 snp-

242 2019 467 2092 plicium
495 2017 613 2088 ejus
635 2024 916 2079 extenuas,
944 2020 1001 2068 et
1023 2011 1260 2076 dolores,
1286 2007 1521 2073 labores,
1552 2014 1606 2062 et
1633 2013 1836 2059 mortes

239 2111 297 2166 in
335 2107 647 2183 paradisum
695 2103 1036 2162 introducere
1071 2097 1533 2172 impudentissima
1553 2105 1607 2152 et
1633 2096 1836 2166 impiis-

239 2201 385 2257 sima
415 2199 762 2256 contentione
789 2194 1024 2252 conaris.
1055 2193 1199 2249 Dicis
1237 2191 1434 2247 etiam:
1463 2206 1483 2242 ι
1519 2187 1577 2244 Si
1617 2194 1838 2258 propter

241 2293 353 2349 hoc
382 2290 719 2348 maledicitur
742 2296 924 2354 terrae,
955 2295 1014 2342 ut
1047 2285 1138 2340 ille
1165 2282 1260 2355 qui
1288 2289 1600 2354 peccaverat
1628 2278 1838 2350 afﬂiga-

241 2395 356 2450 tur,
392 2400 492 2440 nec
518 2392 697 2439 tamen
736 2382 806 2437 ibi
837 2380 1109 2452 iniquitas,
1139 2377 1228 2433 ubi
1257 2374 1564 2431 maledictio
1595 2373 1838 2429 contine-

239 2488 370 2544 tur;
401 2491 496 2532 cur
515 2489 623 2530 non
644 2488 708 2528 ea
725 2472 1032 2528 conditione
1051 2470 1236 2535 etiam,
1255 2468 1301 2524 si
1315 2466 1449 2548 quid
1476 2479 1835 2522 aerumnarum

240 2581 458 2623 natura:
493 2575 690 2622 nostrze
721 2573 841 2636 post
867 2569 1144 2634 peceatum
1171 2559 1327 2630 primi
1357 2557 1588 2612 hominis
1609 2555 1834 2611 docere-

240 2669 338 2715 tur
370 2659 593 2724 illatum,
626 2663 942 2727 sequeretur
970 2663 1148 2708 tamen
1180 2664 1288 2706 non
1319 2647 1440 2704 ideo
1467 2647 1695 2702 miseros
1719 2659 1839 2701 esse

239 2751 575 2816 nascendos,
597 2758 656 2804 ut
684 2749 763 2804 rei
790 2746 1272 2810 convincerentur;
1300 2741 1393 2797 sed
1423 2749 1479 2796 ut
1505 2752 1838 2796 commemo-

237 2845 461 2900 ratione
501 2841 705 2914 peccati
747 2840 904 2910 primi
948 2837 1169 2892 amictio
1208 2834 1562 2900 succcdanea,
1593 2831 1678 2886 his
1703 2846 1839 2901 quos

235 2945 376 2993 reas
421 2950 527 2990 non
570 2932 786 2996 fecerat,
815 2927 1129 2984 imitationis
1159 2927 1315 2980 make
1355 2924 1618 2979 indiceret
1644 2922 1843 2978 cautio-

235 3023 416 3082 nem?
435 3044 454 3076 ι
486 3021 656 3078 Video
680 3019 872 3091 quibus
897 3016 1158 3088 premaris
1177 3015 1454 3086 angustiis.
1477 3013 1719 3068 Miserius
1743 3028 1842 3068 na-

234 3115 520 3173 sccntium
569 3113 778 3185 cogeris
822 3109 1104 3177 confiteri,
1143 3107 1393 3180 quoniam
1422 3106 1530 3160 vim
1579 3105 1672 3160 tibi
1717 3103 1844 3158 facit

234 3220 439 3264 rerum
466 3203 754 3269 evidentia,
783 3216 942 3272 quam
984 3215 1093 3272 pra:
1116 3197 1291 3255 oculis
1311 3195 1553 3253 omnium
1578 3193 1844 3252 constitu-

234 3311 361 3357 tam
397 3310 595 3367 negare
630 3309 736 3350 non
767 3292 1000 3349 sineris:
1028 3291 1124 3346 has
1149 3297 1328 3344 autem
1357 3287 1602 3349 miserias
1626 3301 1846 3341 nascen-

235 3391 414 3457 tium,
439 3388 605 3444 etiam
640 3385 692 3440 in
720 3382 974 3456 paradiso
1005 3379 1211 3436 futuras
1237 3378 1425 3446 fuisse,
1461 3377 1506 3433 si
1537 3391 1696 3433 nemo
1722 3389 1846 3446 pec-

233 3487 458 3546 cassat,
484 3478 567 3534 vis
586 3475 806 3549 quidem
829 3488 1108 3538 asserere;
1138 3471 1234 3528 sed
1259 3470 1438 3526 cernis
1462 3479 1514 3525 te
1541 3467 1846 3524 hominibus

159 3630 168 3638 ,
233 3571 646 3645 qualecumque
661 3582 756 3624 eor
771 3565 1108 3633 habentibus,
1127 3562 1178 3620 id
1197 3562 1522 3635 persuadere
1540 3576 1648 3624 non
1667 3575 1844 3632 posse.

235 3666 524 3722 Remanet
551 3660 731 3733 igitur,
759 3667 818 3714 ut
856 3665 1074 3727 propter
1111 3662 1384 3725 peccatum
1431 3653 1586 3724 primi
1615 3651 1849 3706 hominis

234 3770 432 3830 genus
457 3755 748 3811 humanum
776 3750 993 3807 fatearis
1020 3749 1274 3805 miserum
1302 3747 1553 3804 elfectum
1578 3763 1592 3801 :
1625 3744 1721 3802 sed
1747 3746 1850 3801 hoc

233 3847 504 3906 absolute
542 3845 722 3902 dicere
747 3842 1074 3908 formidans,
1109 3858 1130 3894 ι
1157 3839 1215 3898 Si
1247 3839 1375 3911 quid
1397 3853 1790 3903 aerumnarum,
1823 3855 1844 3891 ι

235 3940 475 4012 inquis,
517 3953 539 3992 r
566 3945 772 3993 natura:
808 3941 1007 3991 nostra:
1032 3941 1154 4006 post
1187 3939 1460 4003 peccatum
1492 3930 1648 4002 primi
1673 3929 1851 3986 homi-

235 4035 332 4090 nis
362 4031 656 4088 doceretur
692 4027 918 4084 illatum.
949 4044 970 4080 ι
1002 4024 1139 4095 Quid
1173 4034 1286 4093 est,
1323 4043 1343 4078 ι
1369 4024 1426 4081 Si
1459 4022 1587 4095 quid
1622 4022 1851 4079 docere-

235 4131 378 4181 tur?
411 4141 432 4177 ι
473 4120 617 4176 Itane
646 4134 773 4175 vero
802 4133 891 4174 res
929 4114 1394 4184 manifestissima,
1435 4129 1594 4185 quant
1633 4121 1689 4168 tu
1718 4128 1853 4184 quo-

232 4233 358 4290 que
399 4214 520 4285 jam
563 4211 763 4269 sentire
798 4208 1172 4281 compelleris,
1217 4221 1325 4262 non
1363 4204 1622 4262 docetur?
1664 4205 1748 4260 An
1785 4218 1854 4260 eo

233 4307 599 4369 redeundum
625 4315 739 4374 est,
780 4305 923 4361 unde
959 4319 1057 4374 per
1100 4301 1215 4356 haec
1249 4300 1409 4356 verba
1434 4299 1633 4356 sensim
1673 4298 1854 4368 fugere

233 4399 578 4465 meditaris;
621 4397 921 4467 intelligens
962 4409 1119 4465 quam
1164 4390 1484 4448 intolerabili
1527 4388 1856 4446 absurditate

234 4493 539 4553 credatur.
567 4489 901 4546 nascentium
940 4484 1185 4541 miserias
1219 4485 1382 4540 etiam
1412 4482 1465 4537 in
1495 4481 1742 4560 paradiso
1769 4479 1854 4535 fud

234 4595 408 4642 turus
437 4580 604 4637 fuisse
623 4620 640 4648 ,
668 4578 717 4636 si
740 4592 903 4635 nemo
927 4574 1238 4648 peccasset?
1265 4572 1420 4640 Quod
1444 4573 1490 4627 si
1518 4571 1696 4628 dicere
1727 4571 1854 4626 hor-

234 4676 462 4738 rescis,
491 4671 742 4744 quoniam
764 4683 951 4725 revera
973 4667 1324 4724 vehementer
1343 4663 1669 4719 horrendum
1692 4672 1774 4718 est
1796 4664 1810 4696 '
1839 4681 1853 4718 :

231 4785 348 4826 cur
375 4764 526 4822 dicis
544 4803 560 4831 ,
597 4781 619 4816 ι
645 4760 854 4818 etiamsi
877 4759 1195 4824 doceretur;
1226 4775 1248 4810 ι
1279 4771 1402 4812 cum
1430 4756 1548 4811 sine
1571 4754 1676 4810 ulla
1701 4754 1857 4810 dubi-

235 4861 473 4917 tatione
492 4855 769 4922 doceatur,
791 4867 899 4909 non
923 4849 1124 4922 aliquid
1149 4863 1530 4914 aerumnarum,
1553 4845 1648 4902 sed
1669 4860 1858 4902 omnes

237 4965 542 5011 :erumnas
569 4946 900 5004 nascentium
930 4952 1052 5017 post
1091 4952 1365 5016 peccatum
1394 4940 1552 5013 primi
1589 4939 1818 4995 hominis
1840 4980 1857 5006 ,

239 5048 366 5101 imo
395 5048 624 5114 propter
649 5047 928 5110 peccatum
952 5035 1110 5108 primi
1150 5033 1416 5100 hominis,
1451 5038 1648 5088 nostrae
1687 5031 1860 5085 illatas

237 5155 382 5197 esse
417 5134 660 5190 natura?
684 5130 814 5199 Sed,
846 5147 867 5183 ι
894 5145 1025 5197 non,
1052 5147 1073 5183 ι
1106 5127 1304 5200 inquis,
1336 5144 1356 5179 ι
1386 5125 1506 5181 ideo
1524 5132 1650 5180 sunt
1677 5122 1860 5179 miseri

238 5235 557 5288 nascentes
577 5266 594 5292 ,
627 5231 686 5279 ut
714 5236 836 5279 esse
859 5221 938 5278 rei
966 5219 1374 5276 convincantur.
1401 5234 1422 5270 ι
1455 5213 1566 5271 Nec
1588 5228 1688 5284 ego
1708 5212 1858 5279 dico,

241 5323 393 5378 Ideo
425 5314 612 5372 miseri
641 5325 767 5372 sunt
793 5320 1096 5377 nascentes,
1127 5317 1187 5366 ut
1210 5308 1595 5365 convincantur
1617 5305 1695 5360 rei
1723 5319 1736 5359 :
1766 5303 1862 5359 sed

238 5415 384 5470 dico
411 5408 618 5480 petitis,
645 5406 771 5463 Ideo
792 5405 1181 5460 convincuntur
1206 5401 1284 5457 rei
1308 5415 1447 5462 esse,
1470 5397 1719 5470 quoniam
1739 5403 1867 5450 sunt

236 5499 482 5561 miseri.
509 5497 695 5554 Justus
713 5504 802 5553 est
824 5496 968 5550 enim
994 5493 1136 5549 Deus
1151 5531 1169 5560 ,
1200 5490 1341 5564 quod
1368 5489 1582 5544 assidue
1605 5495 1790 5542 contra
1810 5494 1865 5544 te

236 5593 442 5658 dicis,
473 5597 530 5646 et
558 5588 736 5646 neseis
759 5603 778 5644 :
799 5586 978 5658 justus
1011 5592 1129 5652 est,
1155 5584 1410 5654 inquam,
1457 5579 1632 5646 Deus;
1663 5589 1720 5635 et
1741 5577 1864 5633 ideo

280 5730 338 5842 ἆ
366 5727 460 5783 sic
499 5729 609 5785 III.
638 5729 693 5778 ω
714 5721 876 5787 vtam,
919 5716 1147 5786 «aiant
1173 5727 1345 5772 nam
1375 5713 1545 5772 dicere
1569 5712 1870 5768 horratum

245 5807 333 5848 cu
344 5820 368 5840 ο

1602 335 1800 393 LIBEIi
1839 329 2126 390 SEXTUS.

3385 338 3522 398 ιεπ

1938 452 2218 500 nascentes
2259 459 2358 501 nec
2385 423 2560 502 facere
2597 459 2700 503 nec
2735 446 2850 504 fleri
2889 448 3088 506 sineret
3125 465 3354 509 miseros
3373 494 3387 519 ,
3415 454 3522 510 nisi

1937 544 2119 592 nosset
2145 550 2290 593 reos.
2320 535 2472 594 Unde
2497 552 2606 594 non
2631 538 2789 596 aliter
2817 538 2951 596 fides
2973 541 3237 598 catholica
3271 543 3523 614 intelligit

1936 626 2078 698 quod
2113 627 2190 683 ait
2213 627 2532 699 Apostolus,
2566 627 2668 685 Per
2695 646 2852 685 unum
2881 630 3133 686 hominem
3161 642 3418 703 peccatum
3441 635 3524 689 in-

1937 721 2085 775 trarit
2109 721 2163 776 in
2186 721 2450 788 mundum,
2476 731 2523 776 et
2544 739 2635 794 per
2649 733 2912 795 peccatum
2931 738 3100 789 mors;
3123 734 3169 779 et
3189 725 3260 778 ita
3277 726 3330 779 in
3348 742 3524 782 omnes

1937 811 2166 868 homines
2197 813 2515 883 pertransiit,
2544 813 2600 868 in
2627 830 2728 884 quo
2755 830 2928 890 omnes
2965 823 3295 886 peccaverunt
3337 816 3520 886 (Rom.

1938 918 1992 967 ι’,
2027 902 2135 975 12).
2169 903 2322 972 Quod
2364 913 2418 960 tu
2450 906 2638 962 nolens
2665 905 2869 962 referre
2901 906 2970 962 ad
2999 907 3220 978 originis
3255 924 3450 964 nexum
3480 911 3521 976 ⁸,

1937 995 2258 1068 detorquere
2271 997 2482 1053 conaris
2495 997 2562 1054 ad
2579 998 2888 1054 imitationis
2902 999 3296 1072 exemplumzex
3317 1016 3424 1072 quo
3443 1002 3521 1067 fit,

1941 1095 1998 1141 ut
2021 1101 2142 1142 cum
2171 1087 2264 1143 tibi
2286 1088 2499 1153 dicitur,
2519 1090 2626 1145 Cur
2651 1105 2780 1161 ergo
2795 1092 3038 1148 miserias
3064 1093 3279 1162 generis
3305 1092 3522 1150 humani

1940 1178 1991 1232 in
2021 1179 2138 1249 ipso
2158 1177 2463 1250 incipientis
2487 1181 2660 1237 artatis
2681 1181 2922 1250 exordio,
2951 1183 3246 1240 innumeris
3269 1191 3326 1240 et
3348 1182 3525 1239 diver-

1938 1270 2014 1326 sis
2041 1270 2198 1327 malis
2220 1273 2333 1328 suis
2359 1281 2723 1344 protestantur
2749 1274 3012 1342 infantes,
3043 1275 3136 1347 qui
3173 1276 3317 1332 nulla
3345 1276 3524 1336 itaita.-

1941 1357 2086 1413 tione
2128 1359 2450 1428 peccaruntl
2491 1366 2742 1430 tanquam
2778 1360 3112 1431 gravissima’
3133 1369 3191 1416 et
3230 1360 3524 1417 inevitabili

1940 1462 2189 1518 pressura
2219 1448 2504 1518 stomachi,
2528 1449 2581 1505 in
2609 1451 2708 1506 hos
2731 1451 2960 1506 vomitus
2981 1467 3252 1523 erumpas,
3275 1459 3331 1508 et
3352 1450 3522 1517 dicas,

1939 1537 2059 1594 Non
2086 1539 2209 1609 quia
2235 1539 2312 1594 rei
2341 1550 2500 1607 sunt,
2548 1540 2671 1596 ideo
2699 1550 2824 1598 sunt
2863 1542 3044 1598 miseri
3083 1541 3172 1611 qui
3201 1552 3521 1604 nascuntur;

1940 1627 2039 1685 sed
2081 1637 2139 1684 ut
2183 1627 2284 1686 hac
2328 1631 2557 1688 miseria.
2588 1632 2934 1697 commoniti,
2977 1640 3204 1688 careant
3248 1641 3525 1703 peccatum

1943 1719 2100 1789 primi
2125 1719 2358 1776 hominis
2385 1720 2602 1776 itnitari.
2625 1721 2717 1778 Sic
2741 1722 2885 1777 enim
2917 1723 3093 1792 putavi
3126 1721 3330 1792 planius
3353 1729 3407 1777 et
3432 1737 3527 1778 ex-

1945 1809 2190 1879 plicatius
2231 1825 2353 1867 esse
2400 1810 2686 1867 dicendum
2707 1852 2723 1879 ,
2773 1811 2916 1882 quod
2969 1821 3024 1866 tu
3068 1809 3349 1867 obscurius
3399 1826 3526 1882 per-

1943 1901 2260 1972 plexiusque
2281 1901 2486 1957 dixisti.
2515 1902 2622 1958 Sed
2647 1901 3048 1973 quomodolibet
3073 1903 3175 1958 hoc
3193 1902 3340 1958 dicas
3359 1942 3376 1970 ,
3405 1901 3528 1972 quis

1943 2007 2049 2048 non
2078 1993 2255 2048 videat
2277 1993 2456 2050 studio
2491 1994 2840 2050 defendenda:
2869 1995 3137 2066 opinionis
3168 2003 3271 2050 tua:
3308 1997 3528 2050 omnino

1945 2092 1998 2140 te
2029 2084 2307 2142 attendere
2335 2085 2478 2142 nolle
2499 2086 2628 2157 quid
2651 2086 2836 2142 dicas?
2861 2085 3055 2144 ldeonc
3079 2085 3290 2142 fuerant
3304 2127 3318 2151 ,
3345 2101 3528 2158 quaeso

1946 2188 2019 2246 te,
2049 2177 2294 2234 homines
2321 2179 2633 2235 innocentes
2665 2179 2930 2251 plectendi
2959 2180 3208 2244 miseria,
3248 2193 3353 2234 non
3386 2177 3530 2249 quod

1944 2271 2109 2326 ullum
2136 2280 2412 2342 peccatum
2444 2257 2725 2339 haberent,
2750 2271 2848 2328 sed
2885 2282 2942 2328 ut
2967 2285 3072 2327 non
3099 2271 3392 2328 haberent?
3425 2269 3530 2326 De-

1944 2362 2057 2418 buit
2083 2379 2212 2434 ergo
2238 2372 2293 2418 et
2333 2363 2438 2418 Eva
2467 2363 2615 2433 prius
2640 2362 2757 2419 fieri
2785 2364 2980 2418 misera
3003 2377 3162 2434 quam
3191 2377 3279 2417 rea
3297 2401 3312 2426 ,
3341 2371 3399 2416 ut
3427 2361 3531 2415 tni-

1947 2455 2087 2510 seria
2113 2470 2209 2511 sua
2229 2465 2668 2511 cotnmuneretur
2687 2471 2792 2511 non
2818 2456 3121 2512 consentire
3145 2454 3404 2525 serpenti.
3429 2455 3536 2510 De-

1947 2546 2061 2602 buit
2084 2554 2141 2602 et
2165 2545 2334 2602 Adam
2365 2548 2516 2617 prius
2544 2547 2720 2618 puniri
2747 2548 2888 2602 malo
2922 2548 3152 2603 miseria:
3171 2587 3188 2615 ,
3220 2562 3288 2602 ne
3311 2546 3380 2602 ad
3422 2561 3536 2600 ma-

1948 2637 2056 2692 lum
2087 2637 2288 2708 peccati
2316 2637 2552 2694 seducta
2587 2638 2918 2694 consentiret
2959 2638 3133 2693 uxori.
3175 2637 3359 2693 Placet
3389 2639 3532 2692 enim

1950 2729 2077 2797 tibi,
2108 2738 2165 2784 ut
2190 2730 2364 2801 poenis
2393 2729 2816 2800 praecedentibus
2841 2727 3065 2785 erimina
3093 2737 3400 2794 caveantur,
3427 2742 3536 2783 non

1953 2830 2012 2875 ut
2035 2819 2383 2891 sequentibus
2408 2819 2769 2884 vindicentur;
2801 2835 2864 2874 ac
2891 2820 2971 2876 sic
3007 2819 3246 2884 inverse,
3278 2834 3383 2872 non
3415 2817 3537 2889 quia

1949 2918 2226 2981 peccatum
2255 2918 2360 2974 est,
2387 2909 2482 2965 sed
2506 2925 2576 2966 ne
2603 2919 2870 2980 peccetur,
2901 2925 3007 2964 non
3037 2919 3236 2974 reatus,
3265 2908 3360 2964 sed
3385 2909 3542 2974 inno-

1949 3001 2124 3056 centia
2155 3001 2424 3070 puniatur.
2453 3001 2702 3071 Corrige,
2747 3000 2997 3064 obsecro,
3025 3015 3365 3070 perversam,
3397 3015 3538 3069 pra:-

1951 3098 2330 3163 posteratnque
2356 3092 2676 3148 sententiam
2703 3109 2717 3146 :
2749 3092 2874 3162 quia
2903 3093 3086 3163 utique
3111 3092 3343 3147 tunicam
3367 3092 3540 3147 corri-

1949 3195 2128 3253 geres,
2153 3181 2200 3236 si
2229 3190 2282 3237 te
2299 3181 2489 3238 dextra
2512 3182 2566 3238 in
2596 3182 2813 3238 sinistra
2841 3181 2979 3237 forte
3005 3181 3248 3238 vestires.
3277 3182 3386 3238 lloc
3406 3183 3538 3250 dixi,

1951 3273 2205 3344 quoniam
2237 3280 2474 3344 peccata,
2499 3288 2567 3344 ne
2595 3282 2909 3344 sequantur,
2935 3273 3210 3344 suppliciis
3234 3273 3542 3344 prmcetlen-

1955 3363 2097 3418 tibus
2123 3363 2204 3418 vis
2242 3362 2456 3429 caveri;
2488 3378 2610 3418 cum
2655 3363 2864 3418 soleant
2904 3372 2960 3419 et
3001 3363 3231 3418 debeant
3267 3364 3542 3434 suppliciis

1953 3457 2299 3526 sequentibus
2341 3449 2574 3527 peccata
2608 3454 2964 3527 praecedentia
3008 3455 3289 3512 vindicari.
3338 3457 3544 3514 Deinde

1954 3546 2042 3603 die
2080 3547 2270 3614 nobis,
2299 3546 2568 3619 quomodo
2608 3547 2950 3604 calamitosos
2968 3562 3415 3628 pommoneamus
3461 3549 3544 3604 in-

1955 3637 2161 3705 fantes,
2191 3648 2251 3694 ut
2280 3638 2588 3694 intueantur
2623 3638 2896 3695 miseriam
2935 3655 3087 3695 suam
3107 3681 3124 3707 ,
3157 3655 3225 3694 ne
3267 3649 3544 3710 peceatum

1957 3731 2114 3802 primi
2137 3730 2367 3786 hominis
2391 3732 2696 3798 imitentur;
2725 3730 2814 3802 qui
2843 3746 2943 3787 nec
2970 3731 3164 3786 imitari
3190 3747 3542 3803 quemquam,

1957 3837 2057 3880 nec
2079 3821 2408 3880 commoneri
2430 3823 2605 3878 adhuc
2631 3830 2876 3894 possunt.
2897 3822 3174 3880 Maledicta
3221 3823 3362 3879 enim
3406 3834 3546 3880 terra

1962 3913 2126 3990 (unde
2165 3914 2232 3970 ad
2263 3915 2366 3970 hoc
2389 3921 2536 3969 tuum
2561 3913 2975 3970 deliramentum
3001 3915 3171 3970 sumis
3198 3914 3501 3986 exemplum
3525 3956 3542 3982 ,

1957 4008 2080 4078 quia
2105 4007 2184 4062 sic
2208 4014 2499 4077 potuerunt
2519 4016 2801 4062 nascentes
2827 4005 2968 4063 efliei
2990 4008 3193 4075 miseri,
3217 4017 3274 4062 ut
3299 4017 3549 4063 caverent

1959 4107 2177 4170 peccata
2204 4098 2553 4170 gignentium,
2585 4101 2830 4170 quamvis
2859 4116 2963 4154 non
2990 4116 3055 4156 ex
3085 4100 3167 4156 eis
3197 4100 3408 4156 trahant
3435 4101 3550 4156 ori-

1958 4189 2135 4262 ginale
2163 4201 2438 4260 peccatum
2460 4230 2476 4256 ,
2506 4190 2954 4261 quemadmodum
2989 4201 3127 4246 terra
3157 4192 3438 4246 maledicta
3466 4201 3548 4246 est

1962 4290 2179 4354 propter
2204 4282 2436 4337 hominis
2465 4297 2712 4352 pinnam,
2759 4282 3006 4353 quamvis
3042 4282 3154 4352 ipsa
3197 4296 3304 4337 non
3347 4283 3548 4338 habens

1960 4372 2194 4448 culpam)
2223 4391 2322 4431 cur
2359 4390 2465 4430 non
2502 4373 2733 4429 attentlis
2763 4375 2884 4445 quia
2928 4375 3066 4429 sicut
3110 4390 3217 4428 non
3252 4373 3409 4428 habet
3438 4375 3550 4428 cnl-

1964 4483 2104 4540 pam,
2134 4467 2213 4523 sic
2237 4482 2303 4522 ex
2331 4467 2416 4522 illa
2447 4466 2822 4523 maledictione
2851 4484 2958 4523 tton
2987 4468 3146 4523 habet
3174 4482 3416 4537 poenam;
3453 4469 3546 4523 sed

1964 4560 2237 4631 peccantis
2275 4558 2537 4624 hominis,
2578 4574 2701 4615 cum
2743 4559 3080 4615 maledicitur
3119 4568 3296 4625 terra,
3337 4559 3447 4628 ipsa
3496 4560 3550 4612 lit

1965 4653 2157 4726 poma?
2177 4652 2466 4709 Nasccntes
2479 4661 2657 4706 autem
2674 4665 2800 4706 cum
2825 4649 3005 4705 miseri
3026 4661 3169 4711 sunt,
3194 4650 3294 4720 ipsi
3315 4651 3552 4704 sentiunt

1965 4744 2212 4800 miserias
2248 4757 2406 4807 suas;
2437 4741 2536 4812 ipsi
2565 4739 2802 4806 nullum,
2847 4741 2984 4796 sicut
3011 4742 3242 4812 putatis,
3279 4741 3552 4795 trahentes

1967 4843 2270 4906 peccatum;
2314 4830 2638 4896 immeritas,
2679 4830 2726 4886 si
2765 4829 2869 4886 hoc
2911 4830 2981 4884 ita
3009 4839 3127 4896 est,
3176 4829 3554 4901 proculdubio

1965 4927 2231 4983 sustinent
2261 4940 2479 4997 poenas;
2511 4924 2604 4997 qui
2643 4938 2742 4980 nec
2765 4921 3044 4979 admoneri
3074 4921 3281 4989 adhuc,
3316 4930 3373 4977 ut
3406 4921 3549 4987 dixi,

1966 5017 2164 5091 aliquid
2187 5025 2426 5090 possunt,
2449 5031 2549 5072 nec
2565 5025 2841 5088 peccatum
2864 5014 3021 5086 primi
3043 5013 3273 5070 hominis
3291 5013 3484 5069 imitari
3507 5015 3552 5081 ’,

1969 5123 2188 5185 propter
2213 5111 2355 5183 quod
2392 5109 2624 5167 debeant
2665 5109 2962 5166 admoneri.
3008 5109 3088 5165 An
3135 5107 3554 5180 exspectandum

1969 5213 2054 5261 est
2098 5212 2157 5259 ut
2184 5202 2474 5260 crescendo
2513 5202 2824 5273 perveniant
2864 5199 2931 5256 ad
2977 5199 3202 5255 liberum
3245 5200 3555 5266 arbitrium,

1971 5297 2184 5369 quando
2208 5297 2441 5353 sentiant
2467 5295 2878 5360 admonentem,
2915 5303 3077 5363 atque
3116 5292 3371 5348 intuendo
3398 5290 3560 5346 mise-

1972 5390 2108 5445 riam
2133 5402 2282 5443 suam
2301 5426 2317 5453 ,
2360 5386 2571 5458 culpam
2602 5400 2709 5441 non
2745 5385 3014 5440 imitentur
3043 5383 3309 5439 alienam?
3337 5381 3441 5439 Sed
3469 5379 3560 5436 ubi

1973 5480 2221 5553 ponimus
2249 5487 2358 5534 tam
2397 5478 2594 5533 multos
2631 5478 2721 5549 qui
2751 5491 2922 5548 usque
2946 5475 3014 5531 ad
3040 5475 3181 5531 diem
3225 5476 3410 5531 mortis
3449 5487 3562 5532 suae

1973 5570 2094 5643 quis
2111 5569 2295 5636 fuerit,
2318 5566 2409 5625 vel
2426 5577 2606 5626 utrum
2630 5566 2812 5635 fuerit,
2835 5567 2918 5624 vel
2941 5565 3069 5640 quid
3092 5564 3368 5624 admiserit
3377 5562 3559 5623 Atiam
