4118 6514
584 335 608 390 I
621 330 724 390 575

586 442 978 504 nesciunti‘libi
994 440 1242 514 ponimus
1253 435 1570 493 tammultos
1585 433 1672 505 qui
1689 433 1835 503 prius
1854 429 2174 493 moriuntur,

582 556 744 612 quam
759 537 1070 608 perveniant
1085 532 1153 589 ad
1168 540 1401 593 cetatem,
1418 530 1469 584 in
1481 543 1587 598 qua
1598 526 1830 581 sentiant
1841 533 2179 577 commoneno

586 646 694 689 lem
712 632 736 687 ?
754 632 852 688 Ubi
868 628 1117 701 ponimus
1132 640 1225 681 eos
1241 623 1331 695 qui
1350 632 1456 677 tam
1487 619 1691 675 insulso
1705 631 1768 672 ac
1784 615 1929 701 fatuo
1946 622 2171 667 nascun-

584 734 673 780 tur
701 699 937 793 ingenio,
957 728 1015 775 ut
1043 732 1143 773 nec
1167 716 1395 788 grandes
1420 712 1626 782 possint
1649 723 1771 765 cum
1789 699 1972 776 aliquo
1998 703 2177 757 fructu

585 815 692 870 tale
712 810 911 883 aliquid
929 807 1241 865 admoneri?
1260 805 1461 874 Nempe
1480 801 1531 856 hi
1545 814 1733 855 omnes
1756 800 1771 831 ¹
1794 806 1935 853 tanta
1960 793 2195 851 miseria.

588 908 707 961 sine
729 906 841 960 ullo
865 901 1077 964 merito,
1099 900 1216 954 sine
1241 898 1342 951 ulla
1365 894 1594 949 utilitate
1618 893 1940 961 plectuntur.
1970 887 2067 943 Ubi
2094 894 2178 941 est

582 996 790 1067 justitia
820 994 954 1050 Dei?
982 1007 1139 1063 qnam
1182 990 1227 1044 si
1268 987 1565 1057 cogitares,
1609 994 1883 1053 nunquam
1924 978 2176 1034 crederes
2233 1038 2237 1043 ξ

582 1092 705 1145 sine
735 1089 842 1145 ullo
868 1087 1057 1143 merito
1084 1081 1283 1154 peccati
1326 1078 1602 1150 originalis
1632 1086 1738 1131 tam
1784 1074 2012 1130 miseros
2054 1085 2177 1127 esse

586 1190 889 1237 nascentes.
929 1177 1037 1235 Sed
1061 1175 1312 1247 quoniam
1341 1187 1464 1228 cum
1497 1168 1809 1225 conditione
1842 1167 2048 1221 locutus
2074 1177 2134 1219 es
2157 1179 2193 1216 :.

586 1289 694 1328 non
724 1273 866 1327 enim
886 1270 1030 1335 aisti,
1051 1267 1313 1337 Quoniam
1336 1265 1592 1328 docetur;
1622 1259 1718 1316 sed
1744 1259 1885 1319 aisti.
1923 1276 1941 1308 ι
1969 1255 2023 1311 Si
2045 1252 2173 1325 quid

584 1365 869 1421 doceretur
904 1342 1263 1419 aerumnarum
1300 1367 1417 1430 post
1448 1364 1725 1429 peccatum
1753 1352 1912 1423 primi
1941 1348 2174 1405 hominis

586 1467 785 1512 nostrze
829 1455 1034 1510 illatum
1069 1466 1192 1509 esse
1223 1459 1426 1506 natura:
1456 1460 1470 1504 ':
1503 1468 1523 1501 ο
1559 1454 1774 1518 paratus
1812 1459 1903 1509 es,
1935 1450 1993 1496 ut
2033 1439 2175 1495 arbi-

585 1557 720 1613 tror,
743 1545 941 1609 dicere,
973 1543 1089 1599 Non
1116 1542 1356 1598 docetur.
1390 1540 1465 1595 Ac
1490 1553 1586 1609 per
1607 1538 1707 1592 hoc
1730 1542 1896 1590 restat
1921 1541 1979 1588 ut
2000 1531 2171 1599 dicas,

585 1637 722 1690 mala
747 1649 866 1706 qua:
882 1633 1125 1690 videmus
1147 1631 1400 1702 parvulos
1424 1628 1652 1700 perpeti,
1666 1627 1832 1683 etiam
1852 1625 1902 1679 in
1926 1621 2172 1694 paradiso

579 1726 753 1782 futura
781 1727 961 1788 fuisse.
981 1724 1027 1779 si
1048 1734 1210 1779 nemo
1245 1729 1541 1793 peccasset,
1567 1736 1634 1774 ne
1652 1726 1871 1790 propter
1896 1722 2169 1786 peccatum

581 1818 735 1889 primi
767 1816 1001 1872 hominis
1022 1830 1085 1872 ea
1114 1814 1329 1870 fatearis
1354 1820 1561 1868 exorta.
1594 1811 1669 1864 Ita
1709 1823 1831 1864 cum
1876 1808 1975 1861 hns
2002 1803 2172 1859 nodos

577 1909 774 1980 quzcris
814 1906 1078 1971 evadere,
1119 1913 1173 1960 et
1211 1903 1325 1958 ﬁeri
1357 1919 1422 1956 ea
1453 1900 1650 1957 nostris
1688 1898 1933 1953 manibus
1963 1894 2167 1960 labilis,

574 2011 761 2056 contra
794 1998 1100 2070 paradisum
1126 1995 1294 2051 stabis
1319 1993 1636 2057 immobilis;
1665 1990 1750 2046 cui
1773 1991 1851 2044 sic
1875 2003 1933 2043 es
1957 1995 2173 2041 contra-

576 2094 710 2161 rius,
743 2105 799 2148 ut
823 2092 939 2163 ejus
965 2090 1206 2147 felicitati
1229 2100 1284 2144 et
1318 2088 1481 2159 quieti
1525 2085 1831 2150 turbandm,
1863 2093 1916 2138 et
1953 2082 2169 2137 dolores

576 2184 981 2255 parturientium
998 2225 1014 2250 ,
1046 2190 1102 2238 et
1137 2182 1350 2237 labores
1374 2178 1708 2250 operantiqu
1729 2214 1745 2243 ,
1771 2184 1828 2231 et
1850 2173 2170 2244 jactationes

575 2278 988 2350 :rgrotantium,
1027 2274 1351 2345 morbosque
1394 2271 1762 2334 morientium,
1811 2266 2169 2322 audacissimo

574 2385 674 2426 ore
716 2379 772 2426 et
814 2370 988 2425 fronte
1033 2366 1389 2438 perditissima
1436 2364 1714 2419 immittas.
1765 2360 1872 2418 Sed
1915 2361 1971 2415 in
2012 2359 2169 2414 laude

581 2460 770 2515 mortis
798 2473 1048 2530 magnum
1081 2468 1133 2513 te
1160 2466 1312 2528 putas
1335 2455 1535 2526 aliquid
1567 2454 1836 2509 invenisse
1862 2451 2002 2523 quod
2025 2451 2169 2507 dice-

579 2566 687 2617 res,
726 2570 745 2604 (
774 2552 943 2622 prima
972 2569 990 2603 ι
1026 2550 1260 2615 scilicet,
1298 2568 1318 2601 ι
1347 2547 1628 2602 occasione
1655 2545 1940 2610 claruisse,
1967 2544 2166 2600 malum

581 2656 689 2697 non
715 2655 836 2697 esse
861 2650 1090 2697 mortem
1108 2681 1124 2707 ,
1171 2639 1312 2710 quod
1342 2654 1461 2695 eam
1486 2638 1661 2707 justus
1698 2637 1902 2707 primus
1930 2634 2167 2691 omnium

580 2732 864 2789 dedicavit.
897 2753 916 2786 ι
954 2734 1096 2804 Ergo
1120 2731 1286 2787 redde
1314 2732 1597 2793 rationem,
1624 2729 1894 2799 quomodo
1922 2744 2028 2783 non
2071 2728 2167 2784 ha-

581 2826 733 2881 beret
759 2840 918 2896 quam
947 2825 1220 2880 dedicaret
1240 2824 1413 2893 justus
1431 2865 1446 2889 ,
1480 2822 1581 2878 nisi
1610 2820 1746 2877 hanc
1771 2821 2060 2877 aediﬁcaret
2088 2823 2169 2877 in-

574 2914 771 2985 justus.
818 2915 1018 2969 Auctor
1055 2913 1250 2983 quippe
1293 2921 1347 2968 et
1377 2912 1598 2967 cll'cctor
1640 2911 1829 2967 mortis
1867 2912 2007 2967 illius
2034 2913 2183 2969 Cain.

576 3005 802 3072 exstitit,
825 3019 930 3061 non
954 3004 1107 3061 Abel.
1132 3004 1224 3060 llle
1248 3003 1428 3075 itaque
1444 3003 1731 3070 dedicavit,
1755 3002 1848 3075 qui
1870 3002 2165 3059 fabricavit.

576 3098 721 3154 Mors
748 3098 890 3154 enim
932 3097 1165 3153 hominis
1207 3098 1363 3163 boni,
1397 3098 1594 3154 malum
1633 3113 1769 3169 opus
1809 3098 1906 3155 fuit
1936 3099 2183 3154 hominis.

576 3189 722 3244 mali.
752 3189 855 3246 Iste
893 3198 1068 3245 autem
1106 3190 1198 3260 qui
1237 3204 1335 3259 pro
1369 3189 1512 3244 bono
1548 3190 1744 3245 malum
1774 3190 2030 3261 pertulit,
2059 3204 2169 3245 non

574 3287 825 3348 mortem,
857 3282 953 3336 sed
986 3283 1299 3352 martyrium
1322 3282 1623 3349 dedicavit,
1653 3299 1850 3354 gerens
1885 3284 2003 3354 ejus
2033 3282 2170 3354 ﬁgu-

574 3385 688 3426 ram
708 3412 724 3436 ,
754 3386 911 3442 quem
938 3373 1169 3443 populus
1193 3372 1499 3428 Judmorum
1526 3383 1775 3445 tauquam
1803 3375 1975 3433 malus
2003 3374 2169 3431 frater

570 3463 801 3518 carnalis
825 3463 1035 3518 occidit.
1064 3463 1354 3534 Propterea
1378 3465 1556 3536 itaque
1575 3466 1841 3536 gloriosus
1869 3466 2022 3533 Abel,
2058 3482 2163 3522 non

571 3556 694 3625 quia
719 3554 918 3624 aliquid
948 3555 1072 3610 boni
1097 3556 1327 3626 sumpsit
1352 3572 1382 3611 a
1409 3555 1594 3625 fratre,
1624 3556 1717 3613 sed
1739 3558 1862 3629 quia
1903 3558 2167 3628 patienter

573 3661 670 3715 pro
688 3646 895 3717 justitia
927 3647 1228 3714 moriendo,
1268 3648 1412 3703 man
1440 3648 1556 3718 ejus
1582 3663 1712 3704 usus
1735 3657 1819 3704 est
1843 3649 2001 3705 bene.
2030 3648 2164 3704 Nam

569 3740 709 3793 sient
742 3739 882 3794 bono
911 3739 1045 3811 legis
1077 3741 1217 3795 male
1246 3741 1443 3796 utendo
1472 3743 1908 3811 prmvaricatores
1937 3743 2166 3812 puniun-

571 3841 693 3896 tur;
724 3830 799 3885 ita
824 3848 855 3886 e
883 3833 1155 3887 contrario
1182 3833 1323 3887 malo
1349 3834 1536 3888 mortis
1567 3834 1704 3889 bene
1728 3834 1928 3889 utendo
1955 3842 2161 3906 marty-

569 3936 659 3977 res
698 3932 1043 3977 coronantur.
1087 3921 1319 3979 Proinde
1358 3924 1404 3978 si
1451 3939 1557 3979 non
1597 3924 1901 3995 dedignaris
1943 3925 2123 3982 dicere
2147 3969 2162 3993 ,

572 4010 716 4081 quod
747 4021 799 4065 te
827 4026 991 4067 cerno
1021 4013 1252 4079 nescire,
1282 4028 1427 4069 mors
1456 4014 1508 4069 in
1537 4014 1890 4071 morientibus
1915 4017 2164 4073 omnibus

572 4103 712 4157 mala
756 4110 874 4172 est;
903 4103 954 4158 in
998 4104 1230 4160 mortuis
1272 4114 1449 4161 autem
1480 4107 1795 4177 quibusdam
1834 4109 2008 4176 maia,
2048 4111 2165 4180 quia

571 4195 794 4250 busdam
827 4196 985 4251 bona.
1021 4197 1133 4253 lloc
1160 4199 1328 4254 secuti
1360 4208 1517 4265 sunt,
1562 4201 1652 4271 qui
1694 4201 1764 4257 de
1807 4202 1950 4257 bono
1977 4204 2162 4258 mortis

571 4287 865 4344 laudabiles
889 4289 1283 4360 disputationes
1317 4292 1479 4347 etiam
1518 4293 1711 4348 litteris
1752 4294 2159 4349 mandaverunt.

570 4379 713 4435 Mors
737 4396 864 4450 ergo
884 4382 1013 4452 justi
1045 4385 1230 4439 Abelis
1261 4383 1547 4458 habitantis
1587 4386 1639 4440 in
1670 4388 1884 4457 requie,
1926 4403 2032 4442 non
2073 4402 2164 4443 so-

573 4473 683 4528 lum
729 4475 866 4530 mala
909 4492 1014 4531 non
1041 4485 1144 4541 est,
1176 4493 1358 4531 verum
1389 4478 1549 4533 etiam
1576 4478 1713 4534 bona
1743 4490 1845 4535 est.
1878 4480 1956 4534 Tu
1982 4490 2160 4536 autem

571 4566 624 4621 in
658 4566 961 4637 paradisum
992 4584 1098 4623 non
1127 4568 1385 4624 bonorum
1411 4579 1743 4626 mortuorum
1775 4574 2033 4643 requiem,
2067 4572 2159 4627 sed

564 4663 835 4718 critciatus
856 4664 1221 4731 morientium,
1255 4679 1322 4718 nc
1352 4664 1611 4719 bonorum
1649 4665 1720 4720 ibi
1747 4667 1959 4736 requies
1982 4675 2156 4731 esset,

567 4757 808 4811 intulisti.
841 4758 948 4811 Aut
971 4758 1015 4811 si
1043 4756 1196 4821 dicis,
1227 4755 1281 4813 Si
1317 4772 1474 4813 nemo
1496 4767 1791 4828 peccasset,
1824 4758 1879 4813 in
1910 4758 2158 4828 paradiso

564 4848 682 4903 sine
708 4849 947 4903 cruciatu
970 4848 1216 4903 homines
1238 4860 1611 4905 morerentur:
1644 4850 1833 4905 saltem
1861 4850 1985 4921 quia
2006 4860 2158 4905 extra

566 4940 869 5009 paradisum
886 4955 992 4995 non
1010 4938 1121 4995 fere
1133 4941 1407 5011 quisquam
1419 4941 1536 4996 sine
1545 4942 1782 4996 cruciatu
1797 4941 2042 5005 moritur,
2051 4952 2163 4994 tan-

564 5032 687 5085 dem
705 5033 979 5088 convictus
994 5041 1153 5103 atque
1163 5034 1516 5101 contortus,in
1531 5034 1766 5088 deterius
1775 5041 2155 5088 commutatam

565 5132 784 5193 peccato
824 5124 976 5193 primi
1020 5124 1250 5180 hominis
1280 5124 1564 5179 humanam
1602 5124 1860 5180 conﬁtere
1890 5134 2153 5179 naturam.

636 5214 871 5269 XXVIII.
912 5216 1030 5271 Jun.
1061 5216 1197 5285 Quid
1227 5227 1495 5287 postremo
1514 5217 1583 5270 de
1608 5217 1724 5285 ipso
1743 5225 1994 5285 serpente
2009 5217 2157 5272 dice-

564 5305 690 5359 tur?
728 5305 1005 5362 Diabolum
1047 5306 1421 5362 malcdictione
1474 5307 1563 5361 illa
1606 5300 1872 5375 punitum,
1931 5323 1998 5361 an
2056 5309 2156 5364 hoc

561 5411 844 5452 commune
873 5398 1060 5467 reptile
1087 5398 1283 5451 animal
1312 5397 1588 5465 opinaris?
1614 5395 1666 5450 id
1699 5404 1802 5459 est,
1849 5397 1991 5451 illam
2029 5413 2165 5453 seu-7

562 5488 777 5543 tentiam
805 5503 924 5559 qua:
950 5490 1025 5542 ait
1048 5487 1115 5540 ad
1137 5495 1462 5555 serpentem,
1492 5485 1795 5538 Maledictus
1821 5496 1871 5539 tu
1898 5488 1961 5540 ab
1988 5489 2157 5542 omni-

564 5578 655 5635 bus
691 5578 1061 5650 peccatoribus.
1092 5587 1143 5630 et
1168 5576 1231 5628 ab
1261 5576 1491 5628 cornibus
1520 5575 1688 5629 bestiis
1722 5592 1837 5645 qua:
1859 5589 1974 5631 sunt
2004 5594 2157 5648 super

627 5772 646 5806 ι
671 5776 753 5825 me
777 5778 923 5825 vetus
956 5768 1116 5821 codex
1168 5773 1287 5816 Pori.
1327 5768 1485 5831 addit,
1529 5769 1571 5822 si
1616 5782 1634 5820 :
1676 5783 1771 5823 non
1796 5772 1943 5823 male.

1272 316 1519 378 OPERIS
1552 310 1971 375 IMPERFECTI
2005 309 2276 370 CONTRA
2317 302 2675 382 JULIANUM,
2718 315 2775 373 S.
2817 314 3182 377 AUGUSTINI

3732 326 3861 385 I576

2283 433 2516 494 terram;
2552 442 2707 500 super
2744 442 2916 499 pectus
2964 441 3012 485 et
3046 440 3262 488 ventrem
3298 440 3443 489 tuum
3475 435 3775 502 ambulabis,
3822 449 3865 492 τι

2283 525 2473 572 terram
2502 520 2829 576 manducabis
2853 523 3083 578 euntibus
3107 522 3282 578 diebus
3327 524 3443 580 rita:
3464 534 3565 580 tum
3594 526 3614 599 (
3636 525 3763 583 Gen.
3788 545 3860 595 ιιι,

2286 609 2354 664 η
2384 606 2426 681 ),
2458 610 2510 665 in
2540 609 2738 667 diaboli
2763 612 3043 683 supplicio,
3071 630 3140 669 an
3172 614 3357 672 bestia:
3374 615 3528 686 hujus
3547 633 3664 689 qua:
3690 622 3863 675 vernis

2283 702 2554 759 caloribus
2580 704 2826 760 educitur
2853 705 2922 762 de
2950 707 3212 774 cavernis,
3242 707 3517 766 arbitraris
3542 710 3813 782 impletatn
3840 715 3863 767 ?

2282 792 2339 848 Si
2366 793 2416 848 in
2446 793 2609 865 hujus
2630 798 2892 867 serpentis
2913 840 2930 863 ,
2973 799 3126 868 cujus
3150 801 3358 870 species
3384 804 3436 856 in
3474 817 3667 874 corpus
3697 806 3879 862 enode.

2284 885 2570 955 porrigitur
2596 894 2756 956 atque
2781 888 2851 943 ob
2892 889 3031 943 illius
3056 890 3227 960 culpas
3270 893 3518 948 meritum
3562 893 3707 950 dicas
3748 911 3860 951 eam

2283 973 2474 1031 factam
2501 993 2620 1037 esse
2644 978 2980 1050 terrifagam;
3013 997 3142 1052 ergo
3168 990 3220 1037 et
3247 983 3494 1039 omnibus
3531 984 3714 1041 bestiis
3757 996 3859 1042 tra-

2281 1067 2389 1122 dux
2406 1069 2696 1138 iniquitatis
2714 1070 2993 1138 incumbit,
3016 1086 3173 1142 quam
3194 1081 3348 1142 putas
3368 1073 3467 1129 nisi
3484 1090 3577 1145 per
3594 1075 3858 1131 libidinem

2280 1163 2582 1216 coeuntium
2614 1176 2720 1217 non
2750 1178 2909 1233 posse
2939 1162 3129 1219 deduci
3161 1180 3175 1218 :
3211 1164 3373 1235 ﬁtque
3397 1176 3454 1220 ut
3476 1166 3633 1221 etiam
3655 1182 3859 1236 serpen-

2282 1262 2394 1310 tum
2434 1256 2728 1324 libidinem,
2753 1258 2971 1329 jamque
2995 1258 3119 1315 inde
3160 1259 3598 1317 irrationabilium
3629 1263 3860 1317 animans

2280 1346 2432 1414 tium,
2462 1362 2675 1405 asseras
2704 1364 2733 1404 a
2759 1349 2974 1405 diabolo
3004 1349 3170 1406 fuisse
3211 1352 3518 1421 plantatam,
3560 1363 3857 1423 retentaque

2278 1439 2541 1494 sententia
2589 1439 2866 1496 Manicbazi
2920 1440 3075 1497 nobis
3133 1458 3349 1498 carmen
3374 1445 3392 1476 ¹
3422 1445 3709 1514 inclangas.
3763 1447 3853 1502 Sin

2278 1538 2456 1585 autem
2478 1531 2733 1603 quidquid
2759 1532 2826 1587 ad
2869 1542 3170 1604 serpentem
3212 1534 3424 1602 dicitur,
3465 1536 3855 1607 intelligibiliter

2278 1618 2331 1674 in
2343 1617 2556 1675 diabolo
2572 1621 2870 1690 proﬁtearis
2886 1624 3162 1695 impletum
3176 1642 3192 1688 ;
3210 1640 3414 1683 annues
3429 1628 3545 1684 sine
3558 1628 3738 1695 dubio,
3754 1644 3853 1685 nec

2277 1708 2385 1767 hoc
2402 1711 2543 1782 quod
2569 1712 2637 1768 ibi
2661 1728 2759 1783 pro
2778 1715 2979 1771 ultione
2999 1715 3287 1786 profertur,
3307 1717 3557 1775 indicium
3581 1736 3718 1776 nunc
3738 1735 3854 1777 reo-

2276 1817 2396 1856 rum
2421 1818 2541 1858 esse
2564 1816 2894 1875 serpentum,
2919 1822 3021 1863 nec
3034 1808 3304 1864 diabolum
3335 1818 3527 1866 terram
3558 1812 3718 1869 edere
3730 1829 3852 1871 cor-

2276 1894 2529 1963 poraliter
2556 1914 2569 1950 :
2588 1895 2682 1951 sed
2703 1898 2802 1952 etsi
2833 1906 2958 1953 tunc
2973 1898 3326 1955 ministerium
3342 1901 3588 1958 draconis
3608 1905 3847 1973 arripuit,

2273 1992 2433 2055 atque
2462 1984 2565 2041 hoc
2582 1987 2732 2057 quasi
2758 1988 2946 2056 telum,
2968 2005 3074 2060 quo
3092 1989 3160 2045 ad
3179 1992 3560 2048 vulnerandum
3588 1994 3849 2051 hominem

2274 2090 2404 2130 usus
2429 2076 2621 2145 fuerat,
2651 2080 2909 2135 severitas
2931 2089 3112 2150 postea
3137 2092 3354 2151 paterna
3367 2084 3620 2154 confregit
3640 2103 3658 2148 ;
3679 2096 3849 2142 tamen

2276 2178 2548 2237 peccatum
2574 2169 2626 2224 in
2648 2171 2818 2225 solius
2844 2173 3057 2242 agentis
3076 2173 3350 2230 voluntate
3392 2176 3671 2232 resedisse.
3693 2177 3850 2232 Cibos

2272 2266 2451 2312 autem
2480 2268 2533 2313 et
2563 2261 2744 2330 spinas
2782 2270 2839 2316 et
2871 2261 3097 2318 sudores
3132 2265 3304 2332 primo
3338 2263 3501 2319 fuisse
3541 2266 3850 2323 naturaliter

2273 2347 2533 2416 instituta,
2565 2360 2679 2419 post
2711 2352 2763 2407 in
2789 2352 3052 2424 aliquibus
3077 2365 3230 2411 aucta
3262 2355 3583 2425 judicialiter
3607 2398 3621 2421 ,
3651 2358 3717 2412 ad
3754 2375 3849 2411 no-

2272 2452 2439 2499 stram
2466 2460 2597 2500 vero
2617 2454 2829 2501 aetatem
2853 2447 2970 2503 sine
2992 2449 3191 2518 peccati
3209 2448 3347 2505 illius
3366 2449 3747 2507 admiratione!
3763 2468 3849 2506 re.

2272 2534 2446 2602 nisse;
2486 2552 2573 2592 res
2604 2545 2709 2592 tam
2739 2549 2938 2608 apertzr.
2962 2550 3119 2608 sunt,
3147 2549 3204 2596 ut
3243 2541 3483 2612 longiore
3523 2542 3728 2613 penitus
3761 2558 3847 2598 as-

2272 2627 2507 2682 sertione
2527 2643 2635 2683 non
2655 2639 2872 2698 egeant.

2343 2718 2480 2773 Anc.
2525 2718 2661 2787 Quid
2687 2720 2934 2791 estquod
2962 2721 3200 2792 vipereas
3218 2725 3438 2779 astutias
3466 2736 3580 2781 tuas
3602 2726 3754 2781 etiam
3780 2725 3846 2783 de

2272 2818 2525 2880 serpente
2550 2812 2906 2883 contorques?
2930 2813 3060 2881 Quis
3079 2813 3222 2870 enim
3249 2814 3413 2871 divini
3453 2816 3569 2872 libri
3592 2818 3702 2874 hare
3725 2832 3843 2874 ver-

2274 2897 2360 2962 ba,
2382 2915 2503 2969 quae
2531 2905 2986 2971 commemorasti,
3010 2915 3364 2976 congruenter
3392 2908 3711 2979 intelligens,
3741 2926 3845 2966 non

2273 2988 2452 3045 videat
2491 2991 2541 3044 in
2586 2990 2858 3048 diabolum
2902 2996 3103 3063 potius,
3137 2996 3227 3067 qui
3269 3008 3516 3067 serpente
3542 2998 3606 3054 ad
3633 2998 3684 3054 id
3708 3001 3845 3070 quod

2271 3080 2460 3147 voluit,
2487 3090 2544 3135 nt
2572 3083 2743 3151 potuit
2767 3082 2813 3148 ⁸,
2843 3099 2972 3140 usus
3010 3094 3110 3148 est,
3138 3101 3296 3156 quam
3333 3087 3386 3142 in
3430 3088 3597 3158 ipsum
3633 3082 3842 3156 animal,

2272 3171 2657 3244 qualecumque
2681 3182 2971 3242 terrenum,
3005 3177 3150 3232 Illam
3181 3179 3437 3248 prolatam
3465 3179 3624 3239 fuisse
3645 3191 3845 3238 senten-

2274 3262 2438 3317 tiam?
2474 3264 2578 3320 Sed
2607 3266 2728 3336 quia
2758 3281 2863 3322 non
2897 3284 2991 3338 per
3024 3270 3279 3338 seipsum,
3310 3286 3404 3341 per
3431 3282 3727 3343 serpentem
3747 3289 3845 3329 au-

2274 3363 2380 3410 tem
2408 3356 2738 3413 seductorias
2766 3358 3006 3430 loquelas
3040 3360 3283 3417 diabolus
3320 3373 3565 3432 operatus
3596 3373 3696 3430 est,
3728 3364 3859 3426 ideo.

2270 3446 2337 3500 ad
2376 3457 2679 3515 serpentem
2719 3449 2925 3504 locutus
2972 3460 3054 3506 est
3098 3452 3269 3517 Deus,
3314 3453 3453 3524 quod
3497 3454 3843 3525 signiﬁcanda:

2271 3536 2491 3601 malitia:
2519 3536 2715 3594 diaboli
2741 3540 3072 3605 conveniret,
3101 3553 3154 3597 et
3180 3550 3366 3598 natura
3394 3543 3549 3613 hujus
3579 3544 3737 3615 ﬁgura
3755 3560 3843 3601 es-
3925 3614 3929 3618 ι

2270 3637 2352 3683 set
2380 3628 2537 3684 illius.
2579 3629 2809 3686 Proinde
2843 3633 2987 3702 quod
3027 3632 3160 3689 dixit
3191 3635 3330 3690 Deus
3357 3636 3608 3706 serpenti,
3630 3636 3844 3691 Maledi-

2269 3729 2380 3775 rtus
2424 3730 2479 3775 tu
2514 3720 2577 3775 ab
2618 3724 2848 3779 omnibus
2890 3725 3170 3795 pecoribus,
3195 3736 3242 3780 et
3268 3728 3496 3783 omnibus
3539 3729 3699 3785 bestiis
3734 3746 3843 3799 qua:

2270 3824 2387 3867 sunt
2412 3830 2566 3884 super
2590 3825 2806 3881 terram;
2833 3832 2987 3888 super
3011 3830 3180 3889 pectus
3210 3829 3256 3874 et
3276 3830 3492 3876 ventrem
3510 3832 3648 3876 tuum
3670 3824 3845 3883 artibu-

2271 3904 2418 3971 labis,
2449 3915 2495 3960 et
2513 3915 2698 3961 terram
2725 3910 3051 3965 manducabis
3071 3911 3299 3966 omnibus
3319 3912 3626 3969 diebus-vita
3647 3924 3765 3979 tum,
3785 3922 3840 3970 et

2268 4008 2494 4065 cmtcra;
2545 4008 2691 4057 tanto
2741 4001 3121 4072 intelliguntur,
3163 4011 3217 4061 et
3257 4014 3590 4076 exponuntur
3630 4006 3833 4068 melius,

2268 4100 2469 4160 quanto
2491 4092 2870 4161 congruentius
2894 4093 2962 4149 de
2983 4093 3198 4150 diabolo
3217 4097 3562 4166 accipiuntur.
3586 4095 3688 4153 Sed
3710 4112 3836 4167 quo-

2268 4182 2410 4236 niam
2459 4184 2750 4239 secuudum
2793 4186 2952 4241 ctiam
2993 4197 3193 4241 rectam
3234 4187 3411 4254 Iidem,
3455 4187 3631 4243 multis
3669 4197 3837 4244 tamen

2268 4273 2443 4329 modis
2471 4274 2644 4329 dehis
2663 4275 2920 4346 disputari
2941 4278 3100 4345 solet,
3128 4293 3228 4334 nec
3248 4279 3314 4333 ad
3335 4293 3547 4335 causam
3568 4295 3701 4334 nunc
3721 4295 3853 4350 per:

2267 4363 2401 4419 tinet
2426 4364 2550 4434 quid
2577 4380 2762 4421 eorum
2789 4367 2959 4438 magis
2983 4368 3174 4439 eligam
3205 4384 3482 4439 promere;
3527 4370 3652 4426 satis
3675 4379 3838 4425 estut

2268 4456 2362 4511 tibi
2386 4456 2760 4527 reSpondeam,
2784 4460 2980 4518 diaboli
3006 4472 3249 4529 naturam
3271 4477 3597 4534 nequaquam
3622 4463 3686 4518 ad
3706 4478 3845 4529 con:

2266 4550 2549 4605 nesionem
2582 4554 3084 4624 successionemque
3112 4554 3414 4626 propaginis
3439 4555 3721 4628 pertinuere,
3748 4554 3834 4609 ubi

2265 4640 2465 4710 peccati
2494 4642 2763 4712 originalis
2800 4647 3024 4714 qua-stio
3060 4647 3303 4711 vertitur.
3346 4647 3421 4702 De
3448 4647 3612 4717 spinis
3637 4661 3757 4702 vero
3778 4654 3835 4702 et

2264 4731 2460 4787 sudore
2505 4733 2815 4802 laborantis,
2849 4752 3008 4805 quam
3048 4736 3379 4806 impudenter
3416 4738 3666 4803 afﬁrmes,
3695 4738 3833 4809 quod

2265 4821 2570 4893 priusquam
2617 4835 2946 4894 peccaretur,
2978 4827 3175 4882 fuerint
3213 4828 3480 4894 instituta,
3507 4829 3664 4885 credo
3697 4831 3836 4900 quod

2265 4913 2583 4981 persuadeat
2601 4915 2897 4985 legentibus
2917 4920 3160 4989 superior
3187 4928 3369 4973 nostra
3393 4919 3683 4989 responsio.
3706 4918 3833 4975 Vul-

2267 5004 2332 5058 tis
2368 5005 2564 5076 quippe
2605 5006 2783 5062 faccre
2825 5009 2982 5063 talem
3020 5009 3343 5079 paradisum,
3374 5018 3433 5066 ut
3467 5011 3608 5067 nulla
3638 5014 3836 5068 ratione

2263 5095 2468 5151 dicatur
2521 5098 2615 5153 Dei
2665 5114 2804 5164 esse,
2848 5100 2943 5155 sed
2989 5114 3240 5157 vesnum.
3284 5102 3673 5168 Verumtamen.
3715 5118 3834 5160 cum

2264 5195 2387 5241 ante
2409 5197 2683 5257 peccatum
2714 5190 2894 5259 spinas
2916 5190 3117 5247 dixeris
3143 5192 3429 5257 institutas,
3460 5193 3510 5248 in
3541 5194 3832 5263 paradisum

2264 5290 2355 5330 eas
2377 5292 2484 5331 non
2510 5293 2673 5334 ausus
2702 5296 2782 5349 es,
2806 5281 3175 5348 introducere;
3208 5284 3316 5339 imo
3333 5286 3632 5354 expressisti
3657 5285 3831 5340 easibi

2265 5381 2370 5421 non
2392 5367 2554 5424 fuisse
2587 5387 2599 5422 :
2629 5369 2720 5424 ubi
2747 5378 2922 5427 tamen
2947 5372 3183 5428 laborem
3214 5390 3410 5443 ponere
3433 5375 3657 5439 voluisti,
3687 5374 3835 5443 cujus

2261 5472 2364 5580 an".
2381 5471 2749 5583 Εόὶιὶ,ῃξὲ’νηετη.
2779 5483 2928 5527 Vetus
2947 5476 3105 5529 codex
3127 5485 3262 5539 titan,
3278 5476 3476 5529 crimen.
3503 5479 3662 5542 Aptius
3678 5476 3834 5528 codex

2370 5567 2402 5583 ..
2428 5548 2512 5581 cur
2608 5548 2642 5583 ι.

2982 5600 3158 5664 Morel,
3187 5599 3338 5652 Elem.
3359 5602 3512 5652 Critic.
3533 5635 3547 5662 ,
3569 5611 3679 5664 με.
3714 5597 3832 5659 518,

2262 5654 2792 5722 Ιρέςίιχαᾰηιὶφζὶςιξοηε.
2824 5720 2829 5722 Α
2861 5670 2914 5710 Μ.

2262 5719 2522 5842 “twigs,
2547 5719 2612 5770 rid
2631 5719 2684 5772 id
2702 5720 2831 5785 quod
2855 5721 2999 5775 voluit
3024 5734 3138 5776 usus
3154 5730 3245 5776 est.
3270 5729 3334 5776 Ex
3360 5733 3462 5778 Mss.
3485 5722 3759 5788 adiecimus,
3772 5733 3827 5778 ut
