4118 6540
310 434 446 489 1577

309 560 445 602 onus
471 544 569 601 etsi
598 560 700 601 non
737 546 939 617 pungit,
969 547 1184 617 premit.
1218 544 1621 612 Verumtamen,
1648 547 1693 601 si
1717 557 1772 601 et
1799 545 1890 599 libi

309 639 481 708 placet
506 636 688 706 spinas
713 653 818 692 non
849 653 1145 707 congruere
1170 637 1447 709 paradiso;
1477 637 1619 693 itane
1644 652 1772 693 vero
1794 653 1890 691 na-

310 740 440 784 tunc
468 728 740 796 humanm,
770 737 827 784 ut
855 730 926 784 ibi
951 731 1096 800 prius
1119 739 1262 785 esset
1283 731 1372 786 ubi
1398 730 1565 800 spina:
1592 745 1698 785 non
1727 739 1888 796 sunt,

306 831 361 876 et
385 837 526 877 nunc
547 821 616 876 ibi
638 822 708 877 sit
735 823 822 877 ubi
841 832 983 888 sunt,
1010 824 1152 878 nulla
1177 823 1518 879 beatitudinis
1541 824 1592 879 in
1621 824 1890 880 miseriam

307 913 599 968 mutatione
623 913 978 984 contingeret,
1008 923 1100 969 aut
1142 914 1260 969 sine
1302 915 1410 969 ullo
1450 914 1652 984 peccati
1696 915 1891 970 merito

304 1003 649 1072 contigisset?
693 1003 862 1074 Cogat
887 1020 1018 1076 ergo
1039 1021 1133 1059 vos
1159 1020 1453 1076 agnoscere
1479 1005 1737 1075 originale
1762 1020 1890 1076 pee-

302 1103 502 1160 catum,
529 1094 635 1149 tale
661 1095 873 1159 saltem,
902 1096 1063 1166 quale
1083 1111 1188 1150 non
1211 1096 1455 1164 potuistis
1477 1112 1670 1166 negare
1689 1096 1890 1166 suppli-

301 1184 464 1250 cium,
491 1183 536 1238 si
566 1200 672 1239 non
702 1185 954 1254 injustam
982 1201 1103 1242 esse
1129 1187 1347 1242 creditis
1373 1186 1564 1241 Deum.

373 1273 570 1330 XXIX.
599 1274 718 1331 JUL.
747 1275 950 1332 Tamen
980 1292 1048 1332 ne
1066 1277 1193 1347 quid
1220 1278 1548 1347 negligenter
1565 1277 1889 1345 pra-.teriisse

302 1368 601 1432 videamur,
620 1368 996 1438 accipealiud.
1028 1369 1181 1424 llunc
1212 1369 1618 1438 parturitionum
1647 1369 1886 1423 dolorem

299 1469 636 1529 compertum
660 1470 744 1516 est
773 1475 870 1531 pro
898 1461 1215 1530 parientium
1242 1461 1557 1531 corporibus
1582 1461 1888 1530 viribusque

299 1551 518 1607 variari.
561 1551 914 1608 Barbarorum
940 1561 1087 1608 certe
1115 1552 1344 1614 fetninm,
1373 1563 1430 1608 et
1452 1561 1741 1623 pastorum,
1769 1567 1888 1622 quae

296 1640 684 1702 exercitatione
723 1645 1089 1709 indurescunt,
1130 1646 1182 1700 in
1213 1646 1400 1700 mediis
1433 1645 1714 1700 itineribus
1743 1654 1886 1699 tanta

294 1736 554 1793 facilitate
583 1738 814 1806 pariunt,
845 1748 902 1792 ut
928 1754 1032 1792 non
1064 1739 1370 1794 intermisso
1395 1738 1570 1792 viandi
1597 1739 1776 1792 labore
1806 1737 1888 1791 fe-

295 1838 384 1881 tus
423 1842 549 1883 suos
579 1837 884 1898 procurent,
911 1837 966 1883 et
1006 1829 1185 1883 statim
1214 1828 1429 1894 vehant,
1469 1845 1589 1898 quze
1629 1828 1760 1882 nihil
1799 1843 1888 1897 pa-

292 1918 472 1974 riendi
493 1918 805 1974 difficultate
830 1930 1152 1984 marcentes,
1181 1936 1347 1975 onera
1379 1920 1578 1974 ventris
1598 1920 1664 1974 ad
1694 1920 1884 1974 hume-

290 2025 386 2064 ros
415 2023 540 2064 suos
565 2007 926 2075 transferunt;
959 2019 1014 2064 et
1036 2009 1361 2080 generaliter
1389 2010 1564 2080 iu0pia
1594 2009 1774 2064 vilium
1802 2011 1881 2063 fe-

289 2101 564 2154 minarum
589 2141 605 2167 ,
654 2115 870 2169 operam
919 2100 1264 2156 obstetricum
1308 2117 1413 2155 non
1461 2100 1727 2171 requirit:
1761 2111 1815 2155 at
1854 2116 1887 2156 e

290 2191 516 2258 regione
553 2191 843 2260 locupletes
883 2190 1088 2268 deliciis
1121 2191 1449 2256 molliuntur,
1477 2201 1532 2247 et
1567 2207 1674 2262 quo
1707 2192 1886 2262 plures

290 2281 542 2335 habuerit
561 2296 786 2352 qumque
808 2281 1088 2348 sollicitos,
1111 2297 1178 2337 eo
1201 2283 1431 2353 amplius
1449 2291 1502 2337 et
1527 2283 1683 2338 discit
1708 2292 1762 2336 et
1789 2297 1885 2353 ge-

288 2373 391 2427 stit
430 2388 762 2443 aegrescere,
811 2383 1066 2445 putatque
1112 2389 1172 2430 se
1223 2376 1383 2431 tantis
1429 2391 1621 2446 egere,
1671 2377 1886 2446 quantis

285 2463 534 2519 abundat
574 2466 864 2536 obsequiis.
910 2464 1214 2521 Maritorutn
1261 2481 1391 2522 sane
1426 2465 1650 2522 divitum
1698 2481 1887 2521 manus

288 2571 568 2627 nunquam
598 2557 649 2610 in
688 2557 930 2612 sentibus
957 2570 1252 2613 aerumnam
1281 2559 1436 2629 primi
1467 2559 1697 2614 hominis
1721 2575 1885 2629 expe-

285 2647 461 2713 ritur;
493 2647 732 2718 quinitno
751 2648 975 2705 fidentes
989 2651 1178 2722 copiis,
1197 2651 1469 2721 indignum
1489 2667 1548 2707 se
1566 2661 1756 2724 putant
1774 2667 1883 2706 nzo-

284 2751 538 2796 tnentum
577 2742 792 2812 aliquod
839 2744 978 2797 votis
1019 2743 1307 2800 fertilitatis
1354 2745 1686 2815 impendere,
1733 2755 1884 2800 extra

284 2831 636 2888 formidinem
673 2834 834 2888 etiam
874 2835 1028 2888 famis
1057 2836 1454 2904 possessionum
1477 2837 1788 2892 dilatatione
1813 2837 1886 2890 si-

281 2931 526 2988 stentes,
557 2921 814 2976 mandant
839 2922 1121 2992 aliquoties
1141 2963 1158 2988 ,
1202 2932 1264 2977 ut
1308 2925 1385 2980 ait
1423 2935 1574 2994 poeta
1595 2967 1611 2992 ,
1655 2925 1886 2997 Deiunge

277 3016 445 3070 boves
462 3013 503 3079 ³,
534 3013 657 3066 dum
682 3010 856 3065 tubera
879 3013 1049 3068 mittas
1080 3012 1340 3082 (Juvenal.
1366 3025 1464 3071 sat.
1492 3017 1546 3082 5,
1568 3032 1700 3071 vers.
1730 3018 1879 3086 H9).

278 3107 345 3161 Si
377 3120 515 3175 ergo
541 3113 595 3160 et
622 3104 938 3175 parientium
966 3105 1120 3161 dolor
1143 3116 1348 3177 spectat
1371 3108 1439 3164 ad
1466 3108 1700 3164 instituta
1733 3119 1886 3164 natu-

279 3217 392 3265 rae,
414 3199 558 3270 quod
587 3207 642 3254 et
667 3200 944 3256 brutorum
967 3200 1214 3271 exemplo
1237 3201 1562 3267 animalium,
1587 3211 1642 3257 et
1661 3211 1882 3257 senten-

277 3293 381 3345 tiae
425 3289 619 3345 divina:
658 3293 984 3361 proprietate
1008 3290 1316 3362 perdoctum
1342 3301 1452 3359 est;
1495 3292 1541 3347 si
1569 3292 1884 3362 interceptio

276 3382 588 3446 fructuum,
617 3390 672 3436 et
708 3391 927 3437 exortus
957 3382 1228 3454 spinarum
1267 3384 1408 3440 inter
1441 3393 1634 3441 caetera
1665 3385 1880 3458 quidem

271 3482 508 3528 creatus
529 3483 631 3539 est,
653 3475 897 3545 personis
917 3482 1092 3531 tamen
1114 3475 1430 3546 quibusdam
1459 3475 1625 3533 factus
1649 3487 1732 3534 est
1749 3477 1884 3534 den-

274 3572 403 3621 sior
436 3576 490 3620 et
516 3566 820 3632 molestior;
850 3567 895 3622 si
920 3575 1214 3638 postremo,
1245 3576 1303 3623 ut
1327 3565 1614 3624 difficultas
1643 3569 1756 3640 ipsa
1784 3586 1883 3642 pa-

273 3659 506 3722 rientis.
541 3659 611 3713 ita
635 3659 798 3714 etiam
824 3659 1096 3730 glebarum
1127 3660 1416 3730 spinositas
1441 3675 1539 3731 pro
1571 3663 1884 3732 corporibus

272 3752 711 3823 regionibusque
727 3753 986 3818 variatur;
1021 3761 1317 3823 pestremo,
1332 3753 1376 3808 si
1401 3755 1652 3825 perdurat
1675 3755 1766 3811 ille
1789 3771 1887 3811 an-

268 3861 387 3916 gor
420 3852 547 3914 post
574 3844 796 3914 gratiam
829 3844 881 3899 in
907 3844 1200 3901 visceribus
1223 3843 1565 3911 feminarum,
1590 3845 1732 3902 hunc
1757 3861 1884 3903 vero

267 3937 670 4007 opulentorum
693 3937 714 3968 ⁸
756 3936 987 3992 luxuries
1031 3937 1244 4008 penitus
1279 3936 1514 4007 ignorat;
1542 3938 1588 3994 si
1625 3939 1885 3995 resolutio

265 4027 541 4098 corporis
562 4039 779 4097 propter
806 4028 932 4097 quid
957 4037 1207 4084 secutura
1235 4038 1400 4094 esset,
1432 4045 1746 4101 expressum
1773 4040 1877 4098 est,

265 4130 331 4175 et
362 4118 587 4174 artibus
627 4119 794 4188 magis
821 4133 978 4188 quam
1007 4119 1278 4174 erroribus
1313 4119 1574 4190 applicata
1615 4139 1630 4176 :
1666 4132 1886 4191 apparet

267 4212 369 4266 hic
415 4223 640 4280 quoque
681 4209 1077 4265 Catholicorum
1107 4210 1317 4264 veritati
1344 4210 1522 4265 omnia
1548 4225 1879 4278 consonare,

266 4316 384 4358 nec
411 4299 711 4370 quidquam
738 4299 887 4354 vobis
909 4300 993 4355 vel
1015 4300 1240 4355 feminas
1267 4300 1544 4371 prodesse,
1568 4303 1649 4356 vel
1679 4303 1879 4372 spinas.

348 4392 508 4447 Anc.
535 4388 669 4444 Cum
695 4389 761 4445 de
783 4405 960 4460 paena,
987 4405 1144 4462 quam
1165 4391 1306 4446 Deus
1334 4390 1525 4446 inﬂixit
1546 4393 1734 4463 primis
1757 4410 1882 4463 pec-

261 4481 588 4544 catoribus,
615 4479 935 4550 disputares,
967 4481 1044 4535 sic
1063 4480 1377 4550 jamdudum
1405 4498 1435 4536 a
1463 4483 1686 4539 muliere
1710 4494 1884 4539 trans-

260 4578 430 4631 ieras
452 4613 470 4638 ,
513 4572 818 4636 utdiceres,
849 4590 868 4624 ι
901 4571 1181 4628 Sufficiant
1214 4573 1314 4628 ista
1354 4575 1424 4629 de
1452 4575 1695 4631 muliere.
1729 4595 1750 4629 ι
1773 4577 1883 4631 Cur

261 4679 422 4737 ergo
470 4677 579 4718 non
605 4664 831 4717 servasti
855 4663 1012 4717 fidem
1033 4663 1402 4733 promissionis
1431 4665 1573 4719 tuae?
1603 4666 1740 4722 Ecce
1761 4678 1881 4736 post

259 4768 388 4813 tam
420 4755 595 4810 multa
627 4755 768 4811 redis
791 4756 856 4810 ad
879 4771 1017 4820 eam,
1043 4756 1497 4826 ecceloquacitati
1521 4767 1624 4813 tute
1648 4773 1752 4812 non
1775 4761 1881 4814 suf-

257 4852 515 4913 ficium,
548 4863 667 4917 qua:
708 4848 921 4902 dixeras
962 4847 1026 4901 de
1067 4847 1278 4901 muliere
1322 4847 1590 4918 ειιθεεὶαιιι.
1621 4847 1726 4904 Sed
1779 4851 1878 4904 nisi

256 4943 401 4998 talis
423 4939 701 4996 verbosus
727 4953 899 5002 esses,
929 4939 1074 4994 unde
1111 4948 1236 4994 octo
1257 4938 1443 5006 libros,
1483 4954 1618 5009 quos
1646 4939 1736 4995 uni
1757 4956 1880 4996 meo

255 5033 496 5096 reddis,
526 5029 815 5101 impleres?
839 5030 947 5086 Sed
978 5030 1065 5086 dic
1093 5029 1234 5101 quod
1261 5030 1353 5085 tibi
1386 5031 1591 5100 placet:
1613 5046 1740 5087 ecce
1761 5042 1880 5103 post

256 5123 615 5197 promissam
642 5121 1021 5178 sufficientiam
1043 5163 1059 5189 ,
1087 5122 1466 5178 abundantiam
1493 5138 1704 5194 quoque
1733 5133 1878 5179 tuam

252 5216 563 5287 patienter
587 5212 908 5269 audivimus.
942 5210 1050 5268 Cur
1075 5213 1217 5269 enim
1262 5213 1454 5284 perdas
1482 5229 1569 5270 res
1604 5224 1710 5270 tam
1760 5215 1876 5272 bel-

252 5310 351 5362 las
372 5347 393 5373 ,
425 5318 558 5374 qute
583 5312 766 5373 postea
806 5303 901 5358 tibi
930 5304 985 5358 in
1024 5314 1259 5360 mentem
1289 5307 1595 5360 venerunt?
1620 5306 1878 5375 Quamvis

243 5409 316 5454 et
343 5393 502 5454 illud
527 5394 714 5448 venire
737 5394 954 5461 debuit,
997 5404 1056 5450 ut
1083 5395 1151 5451 de
1176 5395 1314 5451 libro
1338 5406 1452 5463 tuo,
1479 5398 1569 5468 qui
1595 5399 1876 5469 complen-

246 5492 371 5546 dus
400 5485 592 5541 adhuc
618 5487 671 5541 in
723 5486 970 5540 manibus
997 5497 1150 5552 erat,
1183 5489 1397 5544 tolleres
1439 5491 1582 5558 quod
1628 5491 1874 5561 dixeras,

247 5577 560 5648 Sufﬁciant
583 5577 680 5631 ista
700 5577 764 5629 de
783 5576 1029 5633 utuliere;
1057 5593 1124 5634 ne
1151 5588 1254 5633 tute
1289 5580 1653 5649 pollicitationi
1681 5591 1786 5638 tam
1805 5584 1877 5638 in-

324 5732 347 5763 ι
407 5728 696 5803 viguierlns
734 5728 853 5790 legit
893 5739 949 5781 ut
999 5737 1078 5780 BB.
1137 5741 1190 5784 At
1241 5740 1412 5784 Juven.
1445 5769 1466 5795 ,
1521 5736 1743 5803 disiunge
1794 5740 1876 5793 bo-

245 5805 362 5886 y“;
379 5794 539 5909 εάῖἁ,
564 5847 928 5913 luculentorunt.
945 5855 1107 5915 Aptius
1129 5861 1254 5918 Mss,
1278 5857 1625 5920 opulentorum.

554 5927 826 5990 PATROL.
861 5935 1049 5996 XLV.

1680 429 1879 487 LIBER
1919 426 2211 488 SEXTUS.

3453 444 3586 506 l578

2009 542 2263 598 decenter
2291 545 2593 601 contrarius
2632 545 2904 619 legercris.
2935 550 3040 606 Sed
3085 569 3246 625 perge
3269 599 3284 623 ,
3318 559 3499 628 profer
3527 562 3580 616 in

2002 634 2258 700 medium,
2282 647 2465 690 contra
2500 653 2659 708 quam
2691 641 2977 709 promisisti
2997 684 3012 706 ,
3043 658 3163 713 qu.e
3208 658 3392 716 postea
3431 653 3583 723 cogi-

2000 725 2141 778 tasti.
2173 725 2267 782 Dic
2301 728 2705 796 partttritiouum
2739 731 2973 788 laborem
3001 751 3099 804 pro
3129 739 3444 806 parientium
3460 759 3582 800 cor-

1998 818 2220 886 poribus
2245 820 2552 890 viribusque
2582 824 2805 890 variari;
2825 837 2984 896 atque
3005 828 3076 881 ita
3107 827 3352 888 describe
3388 834 3574 890 barba-

1998 925 2085 963 ras
2106 912 2440 984 rusticasque
2474 914 2700 971 feminas
2730 918 2780 970 in
2808 918 3060 977 facilitate
3083 924 3346 992 pariendi,
3385 938 3438 982 ut
3470 945 3570 986 nec

1997 1003 2262 1069 parturire
2291 1005 2608 1072 vidcantur;
2651 1024 2716 1062 ac
2754 1024 2851 1079 per
2899 1010 3002 1067 hoc
3037 1029 3142 1067 non
3175 1031 3394 1085 parvum
3423 1020 3576 1074 dolu-

1994 1106 2108 1145 rem
2133 1091 2194 1147 in.
2219 1094 2471 1163 pariendo
2491 1097 2692 1154 sentire
2711 1139 2727 1164 ,
2755 1101 2849 1155 sed
2868 1103 3090 1159 nullutn.
3123 1106 3275 1174 Quod
3302 1110 3346 1162 si
3379 1111 3445 1164 ita
3471 1125 3571 1175 est,

1993 1182 2120 1249 quid
2146 1193 2196 1238 te
2219 1184 2475 1254 adjuvat?
2506 1204 2686 1245 nonne
2720 1201 2907 1248 contra
2937 1203 2987 1250 te
3015 1196 3186 1265 ipsum
3215 1200 3574 1273 loqueris,qni
3616 1263 3621 1267 ,

1991 1273 2210 1331 dolores
2260 1278 2392 1333 istos
2421 1280 2491 1336 ita
2519 1285 2796 1340 naturales
2825 1301 2946 1342 esse
2970 1287 3150 1343 dixisti
3183 1332 3197 1356 ,
3239 1302 3298 1346 ut
3327 1294 3443 1348 sine
3473 1296 3576 1349 illis

1994 1364 2102 1419 Eva
2123 1382 2308 1436 parere
2333 1385 2438 1426 non
2475 1383 2672 1442 posset,
2705 1377 2914 1432 etiamsi
2948 1380 2998 1434 in
3030 1384 3276 1450 paradiso
3307 1387 3446 1441 nulla
3479 1389 3581 1442 ini-

1992 1459 2194 1527 quitate
2242 1475 2543 1534 perpetrata
2574 1469 2923 1536 persisteret?
2951 1472 3215 1546 Numquid
3245 1478 3495 1534 barbaras
3519 1497 3582 1536 ac

1993 1551 2217 1607 rusticas
2252 1563 2370 1608 tuas
2393 1555 2480 1610 illa
2513 1558 2680 1626 prima
2719 1563 2946 1618 muliere
2990 1565 3042 1619 in
3089 1567 3189 1623 hac
3221 1585 3280 1626 re
3309 1569 3578 1630 feliciores

1990 1652 2111 1695 esse
2136 1641 2382 1699 dicturus
2399 1661 2490 1714 es,
2528 1658 2584 1703 ut
2606 1650 2658 1703 in
2704 1650 2788 1707 bis
2813 1657 3132 1713 :erumnosis
3161 1668 3259 1714 terr
3272 1661 3318 1717 is
3344 1663 3460 1718 sine
3482 1665 3581 1718 do-

1992 1728 2106 1785 lore
2153 1734 2403 1803 pariant,
2447 1739 2589 1808 quod
2628 1741 2681 1796 in
2712 1744 2976 1811 paradiso,
3011 1747 3054 1802 si
3087 1763 3298 1817 pareret
3326 1752 3439 1820 illa,
3469 1771 3581 1812 non

1991 1823 2218 1889 posset?
2245 1832 2494 1896 tanquam
2538 1829 2589 1884 in
2621 1832 2738 1886 istis
2767 1843 2954 1890 natura
2993 1839 3063 1891 sit
3099 1848 3298 1896 munita
3339 1844 3568 1901 feminea

1992 1911 2045 1965 in
2077 1914 2266 1970 melius
2293 1933 2453 1986 quam
2485 1918 2658 1977 fuerat
2687 1923 2924 1980 instituta
2946 1967 2961 1992 ,
3013 1930 3233 2002 plusque
3259 1935 3483 1992 valuerit
3517 1938 3573 1993 in

1992 2017 2056 2058 ea
2105 2008 2356 2063 mutatula
2384 2011 2616 2068 humana
2651 2019 2670 2044 ⁸
2692 2019 3025 2086 exercitatio,
3053 2037 3212 2092 quam
3240 2027 3292 2080 in
3340 2029 3569 2084 creando

1989 2095 2166 2153 divina
2195 2103 2454 2169 operatio.
2476 2105 2532 2160 Si
2551 2122 2678 2164 vero
2701 2110 2752 2164 iu
2773 2108 2876 2168 tuis
2902 2115 3078 2170 verbis
3097 2131 3203 2171 non
3234 2119 3314 2174 vis
3343 2119 3568 2193 intelligi

1989 2188 2104 2242 sine
2131 2188 2409 2248 doloribus
2435 2210 2624 2263 parere
2671 2198 2880 2258 feroces
2901 2215 3246 2278 agrestesque
3279 2188 3569 2276 mulieres,

1937 2303 1941 2307 ~
1988 2287 2148 2348 atque
2168 2282 2250 2336 eis
2273 2282 2344 2336 ita
2370 2295 2578 2354 partum
2601 2290 2934 2348 tolerabilem
2955 2293 3270 2368 facilemque
3297 2303 3570 2367 concedis,

1990 2378 2049 2422 ut
2071 2379 2249 2426 tamen
2282 2387 2376 2428 eas
2413 2389 2536 2431 cum
2565 2380 2796 2449 pariunt,
2825 2382 3009 2439 dolere
3031 2385 3278 2454 fatearis;
3312 2394 3571 2462 numquid

1989 2459 2111 2514 ideo
2129 2472 2220 2516 est
2245 2465 2390 2519 nulla
2418 2481 2597 2536 poma,
2628 2472 2750 2538 quia
2774 2474 2951 2529 minor
2973 2477 3090 2531 est?
3113 2478 3236 2534 Sive
3255 2496 3383 2551 ergo
3400 2459 3574 2537 minus

1987 2553 2207 2610 doleant
2223 2598 2237 2622 ,
2261 2571 2384 2612 cum
2406 2561 2620 2629 pariunt
2641 2565 2753 2618 ista:
2783 2563 3000 2623 femina:
3023 2609 3038 2634 ,
3065 2571 3179 2626 sive
3221 2573 3338 2628 aliis
3361 2574 3574 2632 feminis

1987 2648 2244 2717 arquales,
2280 2651 2362 2706 vel
2393 2667 2579 2708 earum
2625 2656 2785 2712 etiam
2820 2660 3133 2729 quibusdam
3161 2667 3390 2735 majores
3418 2667 3574 2722 dolo-

1989 2754 2102 2804 res,
2134 2753 2440 2812 comparata
2463 2761 2561 2816 per
2579 2751 3018 2808 exercitationem
3049 2757 3379 2827 fortitudine,
3411 2761 3574 2817 mira-

1988 2829 2166 2886 biliter
2191 2832 2399 2898 ferant,
2430 2853 2529 2892 nec
2560 2839 2654 2895 illo
2681 2843 2923 2898 cruciatu
2955 2844 3244 2916 fatigentur
3271 2858 3430 2921 atque
3458 2853 3575 2908 lan-

1984 2933 2280 2990 guescant;
2323 2925 2508 2982 dolent
2553 2938 2730 2986 tamen
2751 2971 2768 2995 ,
2794 2941 2850 2988 et
2879 2935 3058 3005 utique
3079 2952 3268 2994 omnes
3287 2941 3532 2998 dolentes
3553 2984 3570 3009 ,

1987 3024 2083 3066 seu
2119 3015 2284 3083 magis
2321 3031 2418 3071 seu
2457 3017 2633 3074 minus
2671 3021 2935 3090 doleant,
2995 3027 3225 3097 majores
3271 3031 3576 3090 minoresve

1987 3118 2194 3174 poenas,
2223 3107 2318 3162 sed
2357 3117 2532 3164 tamen
2559 3125 2765 3180 pteuas,
2790 3116 2812 3146 ⁸
2845 3115 2962 3170 sine
2987 3117 3091 3172 ulla
3120 3120 3448 3180 dubitatione
3479 3141 3577 3196 pa-

1987 3197 2210 3256 tiuntur.
2239 3199 2323 3255 Tu
2369 3211 2548 3256 autem
2594 3203 2639 3258 si
2671 3214 2723 3260 te
2749 3209 3016 3278 cogitares
3037 3251 3052 3276 ,
3108 3227 3212 3266 nou
3253 3214 3396 3280 dico,
3427 3217 3577 3272 chri-

1985 3287 2252 3357 stianum,
2309 3289 2406 3346 sed
2427 3292 2868 3366 qualemcumque
2896 3298 3188 3367 hominem,
3220 3303 3423 3360 facilius
3455 3306 3576 3362 nul-

1988 3376 2101 3434 lum
2130 3393 2252 3435 esse
2287 3382 2640 3439 contenderes
2663 3386 2968 3455 paradisum
2994 3389 3109 3457 Dei,
3152 3409 3309 3462 quam
3335 3410 3458 3450 eum
3489 3396 3574 3450 fa-

1985 3482 2139 3524 ceres
2166 3479 2250 3526 tua
2281 3472 2538 3544 sacrilega
2566 3473 2926 3546 disputatione
2959 3483 3244 3549 poenalem.
3285 3484 3576 3556 Eleganter

1984 3571 2116 3613 sane
2151 3558 2344 3616 divites
2391 3561 2535 3619 viros
2584 3565 2652 3619 ab
2720 3567 3062 3624 haereditario
3127 3571 3285 3642 primi
3337 3573 3574 3632 hominis

1987 3650 2168 3708 labore
2195 3651 2458 3722 defendis,
2487 3655 2738 3726 ignorans
2760 3699 2777 3726 ,
2809 3669 2902 3715 aut
2932 3671 2984 3718 te
3011 3663 3152 3719 scire
3178 3663 3521 3723 dissimulans
3543 3709 3562 3734 ,

1991 3745 2224 3800 amarius
2254 3745 2496 3804 laborare
2541 3751 2956 3821 cogitationibus
2979 3754 3177 3812 divites
3200 3796 3218 3824 ,
3253 3775 3412 3830 quam
3444 3776 3575 3832 ope-

1990 3835 2285 3891 rationibus
2307 3852 2588 3909 pauperes.
2613 3839 2842 3898 Nomine
2864 3845 3062 3915 quippe
3090 3847 3303 3904 sudoris
3341 3865 3575 3920 generao

1987 3926 2094 3982 lem
2121 3941 2274 3983 sacra
2295 3928 2569 4000 Scriptura
2593 3932 2913 4004 significavit
2939 3937 3177 3998 laborem
3198 3979 3213 4005 ,
3257 3955 3288 3994 a
3313 3957 3422 4012 quo
3451 3944 3576 3998 nul-

1989 4017 2076 4074 lus
2107 4019 2384 4076 hominum
2413 4029 2497 4077 est
2538 4023 2808 4092 immunis,
2840 4041 2961 4082 cum
2989 4029 3076 4083 alii
3110 4029 3358 4087 laborant
3394 4034 3574 4104 operi-

1989 4108 2090 4164 bus
2113 4109 2263 4166 duris
2287 4151 2302 4174 ,
2327 4111 2418 4168 alii
2442 4113 2851 4172 sollicitantibus
2869 4122 3032 4174 curis.
3061 4122 3142 4176 Ad
3172 4123 3390 4180 eosdem
3420 4125 3574 4182 labo-

1987 4216 2078 4256 res
2097 4203 2364 4271 pertineut
2391 4205 2554 4260 etiam
2582 4207 2757 4264 studia
2783 4225 3120 4284 quorumque
3137 4215 3478 4273 discentium.
3505 4219 3573 4274 Et

1985 4307 2104 4361 qute
2127 4293 2264 4362 parit
2288 4293 2402 4350 lucc
2423 4335 2438 4358 ,
2467 4296 2569 4352 nisi
2601 4307 2741 4354 terra
2768 4299 2902 4366 haec,
2931 4318 3092 4372 quam
3138 4304 3398 4363 formator
3420 4309 3563 4380 ejus,

1985 4381 2198 4450 quando
2229 4383 2456 4452 primum
2487 4385 2756 4445 hominem
2782 4391 3052 4462 condidit,
3077 4411 3182 4450 non
3211 4395 3414 4456 fecerat
3435 4415 3571 4458 one-

1987 4476 2200 4529 rosam?
2228 4477 2378 4533 Nunc
2402 4493 2547 4544 vero,
2585 4481 2725 4538 sicut
2752 4484 3012 4555 scriptum
3038 4496 3144 4554 est,
3169 4489 3366 4560 Corpus
3387 4509 3570 4548 corru-

1987 4566 2160 4632 ptibile
2176 4578 2418 4638 aggravet
2444 4571 2688 4640 annnam,
2709 4581 2759 4627 et
2777 4577 3018 4646 deprimit
3042 4587 3243 4633 terrena
3261 4581 3563 4638 iultabitatio

1984 4671 2184 4709 sensum
2203 4659 2363 4711 multa
2381 4659 2718 4729 cogitantem;
2757 4673 2806 4716 et
2831 4663 3103 4734 dilicuit"
3121 4669 3428 4725 aestimamus
3451 4687 3567 4742 qua

1984 4744 2037 4797 iu
2057 4755 2192 4798 terra
2217 4757 2336 4801 sunt
2353 4789 2368 4812 ,
2397 4759 2444 4802 et
2470 4765 2584 4819 qur
2604 4750 2659 4805 in
2686 4763 2957 4822 prospectat
2981 4765 3120 4822 sunt,
3143 4759 3425 4814 invenimus
3451 4777 3567 4816 cura

1984 4835 2154 4891 labore
2176 4837 2332 4909 (Sap.
2363 4854 2446 4906 ιι,
2477 4841 2567 4906 15,
2601 4842 2714 4913 16).
2751 4842 2876 4899 Sive
2898 4859 3028 4916 ergo
3049 4847 3230 4914 utiles,
3261 4849 3376 4905 sive
3404 4847 3564 4906 inuti-

1985 4927 2064 4984 les
2082 4944 2442 5000 quascumque
2469 4930 2743 4988 doctrinas
2765 4935 2982 4991 studeat
3006 4937 3170 4993 homo
3195 4939 3428 5009 discere,
3469 4958 3570 5013 ag-

1982 5028 2241 5089 gravante
2272 5021 2506 5078 animam
2549 5026 2892 5096 corruptibili
2945 5042 3192 5099 corpore,
3231 5047 3451 5089 necesse
3488 5047 3577 5091 est

1982 5111 2209 5168 laboret.
2237 5113 2497 5181 Quocirca
2523 5116 2686 5171 etiam
2726 5118 2806 5173 sic
2830 5117 2880 5174 ei
2905 5129 3045 5175 terra
3077 5122 3178 5177 ista
3201 5124 3386 5194 spinas
3409 5129 3568 5196 parit.

1983 5201 2092 5258 Nec
2125 5203 2196 5258 ab
2229 5203 2314 5260 his
2336 5207 2506 5276 spinis
2536 5208 2737 5264 divites
2764 5210 3012 5266 dicantur
3041 5213 3201 5270 alicui
3225 5235 3238 5270 :
3264 5220 3566 5286 praesertim

1981 5296 2107 5366 quia
2133 5298 2321 5366 spinas
2373 5299 2491 5355 illas
2520 5301 2572 5356 in
2605 5300 2920 5371 Evangelio,
2951 5305 3148 5374 quibus
3189 5308 3331 5378 jacta
3359 5312 3568 5367 semina

1983 5403 2052 5444 ne
2094 5388 2162 5443 ad
2190 5388 2570 5447 fecunditatem
2606 5394 2920 5463 perveniant
2945 5439 2962 5462 ,
2988 5400 3381 5469 opprimuntur,
3409 5419 3569 5460 curas

1981 5491 2103 5535 esse
2131 5480 2286 5551 hujus
2301 5483 2424 5537 vita:
2451 5492 2507 5538 et
2530 5485 2918 5542 sollicitudines
2943 5489 3251 5548 divitiarum
3277 5494 3420 5552 Deus
3442 5513 3557 5550 ma-

1980 5573 2146 5644 gister
2167 5574 2386 5644 exponit
2405 5573 2624 5645 (Matth.
2670 5594 2783 5645 xm,
2812 5580 2908 5650 9.9.)
2934 5599 2950 5647 ;
2983 5583 3074 5653 qui
3102 5596 3249 5638 certe
3277 5600 3383 5639 non
3423 5588 3568 5640 solos

2090 5685 2376 5760 vignierius.
2395 5688 2627 5760 imitanda
2648 5675 3154 5756 cfercitatt'ommisso,
3170 5695 3400 5758 humana;
3419 5701 3566 5748 resti-

1983 5753 2131 5811 tuitur
2153 5759 2217 5794 ex
2240 5753 2589 5811 manuscriptis.

2044 5810 2064 5838 ι
2097 5813 2161 5857 Ex
2211 5810 2643 5873 manuscriptorum
2682 5815 2775 5865 fide
2823 5817 3041 5866 addimus
3061 5852 3074 5876 ,
3125 5820 3210 5866 sea'
3263 5825 3421 5870 tamen
3465 5830 3566 5876 νω-

1981 5878 2087 5916 ηαδ.

2937 5961 3385 6044 (CingmanteJ
