4136 6498
571 414 709 472 157‘.)
917 478 921 482 ι

563 541 829 600 pauperes
849 568 862 587 .
904 538 1089 580 verum
1120 521 1281 579 etiam
1313 522 1505 577 divites
1535 531 1692 577 vocat
1735 520 1942 579 dicens.
1983 518 2156 574 Venite

564 621 633 676 ad
656 636 756 683 me,
779 633 953 673 omnes
972 616 1061 688 qui
1081 614 1341 670 laboratis.
1372 614 1600 683 Propter
1620 612 1744 681 quid
1773 622 1951 666 autem
1977 619 2154 673 vocat.

569 714 670 769 nisi
711 711 854 784 quod
883 710 1041 781 paulo
1068 719 1188 779 post
1217 708 1347 762 dicit
1373 748 1388 773 ,
1419 707 1480 760 Et
1506 705 1767 759 invenietis
1793 704 2016 773 requiem
2041 701 2158 755 ani-

564 807 741 862 mabus
752 803 925 860 vestris
942 802 1157 874 (Matth.
1181 819 1254 869 sl,
1266 801 1357 865 28,
1373 800 1469 869 29)
1481 800 1506 853 ?
1518 797 1743 866 Quando
1758 798 1897 852 istud
1915 796 2039 861 erit,
2056 794 2155 849 nisi

565 897 782 968 quando
808 895 1081 964 corruplio
1106 906 1420 964 corporum,
1449 905 1568 961 qua:
1593 904 1739 944 nunc
1760 895 2013 959 aggravat
2034 887 2152 940 aui-

567 1004 702 1052 tuas,
736 1004 841 1042 nou
885 985 1027 1042 erit?
1051 985 1203 1040 Nunc
1228 998 1359 1038 vero
1389 982 1636 1037 laborant
1662 993 1962 1051 pauperes,
2002 978 2153 1032 labo-

565 1087 687 1134 rant
712 1079 925 1144 divites,
955 1078 1196 1132 laborant
1222 1075 1372 1146 justi,
1402 1074 1650 1129 laborant
1688 1071 1875 1143 iniqui,
1902 1071 2154 1126 laborant

563 1174 1041 1244 magni,~laborant
1066 1172 1264 1243 pusilli,
1297 1186 1328 1225 a
1358 1169 1446 1224 die
1469 1169 1648 1225 exitus
1675 1168 1691 1200 ¹
1720 1167 1789 1222 de
1814 1175 2008 1222 ventre
2042 1180 2157 1219 ma-

551 1264 669 1320 ‘tris
695 1279 902 1330 eorum,
935 1278 1104 1333 usque
1133 1263 1185 1317 in
1214 1261 1357 1317 diem
1385 1260 1674 1330 sepultura:
1699 1257 1754 1314 in
1784 1266 2011 1312 matrem
2038 1271 2156 1311 om-

544 1356 731 1410 'uium.
764 1355 1123 1426 Tam-quippe
1153 1353 1443 1423 malignum
1493 1358 1577 1405 est
1620 1349 1726 1404 hoc
1772 1347 2053 1413 smculum,
2093 1355 2153 1401 ut

545 1447 665 1503 ‘nisi
692 1449 891 1505 exitum
919 1446 1046 1502 hinc
1074 1444 1253 1510 fuerit,
1272 1443 1535 1514 promissa
1551 1440 1769 1511 requies
1785 1437 1939 1494 nobis
1961 1437 2155 1492 adesse

544 1553 667 1597 mon
703 1539 918 1611 possit:
947 1537 1191 1610 quamvis
1222 1551 1320 1608 per
1342 1533 1839 1606 przevaricationem
1860 1529 2017 1601 primi
2052 1528 2151 1582 ho-

547 1634 722 1689 minis
767 1632 921 1688 labor
967 1630 1198 1702 posteris
1234 1630 1353 1699 ejus
1402 1625 1718 1692 advenerit;
1764 1635 1940 1679 tamen
1991 1622 2150 1677 etiam

561 1735 719 1786 reatu
737 1722 1190 1795 przevaricatiouis
1219 1721 1361 1775 illius
1389 1734 1549 1791 quem
1580 1717 1844 1773 traximus
1869 1714 2152 1786 jam'solu-

558 1830 633 1885 to,
663 1829 719 1875 ut
748 1818 1114 1874 ﬁdeiexamen
1135 1824 1470 1879 exerceatur,
1494 1815 1648 1871 labor
1669 1821 1911 1868 remanet
1935 1808 2002 1865 ad
2029 1824 2152 1865 cer-

558 1922 758 1967 tamen.
807 1909 1034 1980 Oportet
1063 1909 1206 1965 enim
1252 1923 1357 1962 nos
1399 1915 1610 1961 certare
1642 1919 1763 1960 eum
1793 1904 1971 1971 vitiis,
2004 1910 2059 1957 et
2096 1902 2148 1956 in

560 2007 679 2074 ipso
699 2002 995 2059 certamine
1017 2001 1261 2057 laborare
1279 2043 1295 2068 ,
1326 2000 1497 2056 donec
1524 1999 1756 2055 donetur
1785 1997 1939 2053 nobis
1961 1996 2151 2052 adver-

555 2095 757 2150 sarium
783 2093 1139 2149 non‘habere.
1166 2091 1507 2163 Quapropter
1547 2100 1610 2145 ut
1659 2090 1785 2145 boni
1813 2088 2148 2159 praxliatores

554 2185 921 2255 perducantur
959 2184 1026 2240 ad
1055 2183 1295 2255 praemia,
1328 2182 1588 2253 supplicia
1616 2189 1897 2236 vertuntur
1923 2179 1976 2233 in
2000 2193 2141 2249 prm-

552 2277 646 2332 lia.
680 2277 1025 2333 Parvulorum
1063 2291 1295 2348 quoque,
1335 2274 1512 2330 soluto
1540 2280 1691 2355 reatu
1720 2269 1989 2342 originali,
2023 2284 2151 2340 pro-

554 2377 739 2435 pterea
768 2366 982 2422 labores
1019 2375 1237 2422 manent
1265 2406 1280 2431 ,
1313 2363 1557 2435 quamvis
1599 2378 1667 2418 ex
1722 2362 1838 2432 ipso
1862 2369 2016 2418 reatu
2046 2359 2145 2414 do-

554 2463 781 2512 ceantur
821 2456 1034 2519 exorti;
1083 2456 1207 2526 quia
1243 2454 1403 2510 etiam
1441 2455 1522 2507 sic
1572 2452 1683 2507 Deo
1733 2451 1933 2520 placuit
1983 2448 2146 2505 ﬁdem

555 2547 786 2617 probare
812 2545 1079 2616 majorum
1105 2589 1120 2611 ,
1154 2561 1185 2600 a
1218 2544 1413 2616 quibus
1437 2544 1490 2600 ei
1515 2542 1815 2599 offeruntur
1833 2551 1891 2597 ut
1916 2552 2144 2611 regene-

558 2647 763 2694 rentur.
809 2637 993 2706 Qualis
1041 2646 1096 2693 et
1124 2645 1322 2708 quanta
1348 2636 1482 2692 fides
1509 2643 1659 2691 esset
1703 2648 1883 2691 rerum
1913 2633 2151 2690 invisibi-

557 2730 707 2795 lium,
741 2730 785 2791 si
814 2728 1096 2784 invisibilis
1120 2728 1485 2784 remuneratio
1509 2728 1765 2783 continuo
1788 2735 2141 2798 sequeretur;

554 2835 620 2876 ac
642 2836 748 2876 non
778 2821 955 2895 potius
973 2818 1135 2875 dilata
1162 2820 1350 2889 requie
1373 2834 1495 2890 qua:
1517 2818 1865 2890 promittitur,
1896 2824 2148 2889 ageretur

550 2911 678 2968 ﬁdei
710 2912 983 2982 negotium
1011 2926 1133 2966 eum
1160 2910 1351 2977 corde,
1374 2926 1480 2966 non
1509 2926 1631 2967 cum
1652 2909 1856 2975 oculis;
1879 2924 1944 2966 ac
1959 2908 2041 2964 sic
2063 2907 2148 2974 fu-

534 3012 729 3058 "turum
752 3002 1009 3059 sa-culum
1026 3042 1042 3068 ,
1089 3001 1178 3057 ubi
1213 3001 1343 3056 nulli
1385 3001 1598 3057 labores
1621 3010 1801 3068 erunt,
1826 3001 1969 3071 quod
1995 3016 2135 3056 non-

532 3097 678 3151 dum
705 3094 969 3160 videmus,
992 3102 1050 3150 et
1072 3092 1397 3149 crederetur
1422 3093 1706 3160 sincerius,
1736 3101 1793 3148 et
1814 3091 2146 3149 desiderabi-

550 3187 658 3243 lius
674 3182 1050 3256 quzereretur?
1076 3185 1153 3240 Ac
1180 3199 1277 3254 per
1305 3183 1408 3239 hoc
1435 3184 1577 3239 Deus
1627 3183 1841 3239 labores
1887 3193 2105 3239 nostros
2125 3224 2141 3249 ,

548 3276 605 3332 id
629 3284 710 3332 est
727 3290 928 3347 .puenas
973 3282 1205 3340 nostras,
1238 3274 1306 3329 ad
1345 3274 1606 3329 utilitates
1652 3284 1867 3330 nostras
1910 3272 2144 3330 mirabili

547 3364 1181 3437 benignitate-convertit.
1216 3364 1341 3419 llaec
1369 3363 1617 3419 refellere
1637 3364 1862 3434 cupiens
1888 3363 2148 3419 inutiliter

530 3471 608 3513 tu
632 3460 879 3514 laboras:
906 3457 1123 3514 Hiberas
1151 3458 1296 3513 enim
1322 3456 1583 3528 pariendo
1622 3458 1829 3529 spinas,
1860 3472 1967 3513 non
1994 3457 2141 3513 evel-

530 3549 745 3617 lendo;
770 3565 870 3606 nos
888 3558 1064 3606 aulem
1086 3549 1396 3604 laboramus
1420 3559 1475 3604 ul
1502 3549 1686 3618 spinas
1709 3556 1827 3603 tuas
1844 3589 1857 3613 ,
1885 3556 2141 3619 quantum

545 3642 713 3698 donat
739 3642 1352 3706 Dominus,-evellamus.
1401 3641 1512 3696 Nisi
1537 3640 1675 3697 forte
1703 3640 1825 3697 ideo
1854 3656 1963 3696 non
1989 3640 2140 3696 labo-

544 3750 672 3791 rare
705 3744 755 3791 te
779 3734 980 3805 iactas,
1011 3734 1263 3804 quoniam
1293 3741 1370 3789 tot
1411 3733 1577 3789 libros
1614 3748 1805 3805 magna
1837 3733 2035 3805 ingenii
2066 3735 2144 3789 fa-

547 3829 748 3883 cilitate
773 3827 1092 3893 conscribis,
1131 3841 1195 3881 ac
1214 3820 1366 3883 sicut
1392 3826 1497 3881 illa:
1528 3826 1774 3883 barbara:
1803 3842 1866 3882 ac
1906 3828 2139 3882 rustica-

542 3934 639 3975 nte
664 3918 800 3974 fetus
819 3932 965 3983 suos,
1010 3917 1082 3972 ita
1107 3926 1163 3972 et
1206 3927 1260 3971 tu
1291 3918 1409 3972 sine
1427 3916 1741 3973 difficultate
1770 3918 1952 3987 apinas
1975 3920 2136 3988 paris.

535 4008 654 4064 Sed
685 4016 812 4079 puto
832 4006 973 4078 quod
1007 4014 1059 4060 te
1085 4006 1153 4061 de
1177 4006 1374 4075 ingenii
1403 4004 1657 4062 facilitate
1680 4006 1910 4061 inaniter
1929 4007 2136 4075 jactes;

549 4112 771 4170 prorsus
800 4097 1015 4153 laboras
1041 4115 1053 4149 :
1084 4095 1356 4167 quomodo
1399 4097 1544 4151 enim
1574 4096 1688 4168 agis
1733 4105 1793 4151 ut
1840 4112 1954 4153 non
1985 4097 2136 4152 labo-

535 4204 657 4256 res,
689 4188 778 4259 qui
807 4188 966 4242 etiam
993 4187 1206 4242 conaris
1255 4187 1593 4242 introducere
1638 4188 1691 4242 in
1720 4188 2024 4258 paradisum
2055 4188 2136 4241 la-

545 4279 746 4345 bores?
776 4277 908 4334 Nam
939 4279 1123 4349 utique
1142 4292 1231 4333 res
1259 4277 1360 4333 ista
1383 4287 1583 4348 quanto
1608 4279 1988 4349 impossibilior
2007 4295 2137 4350 pro-

549 4374 726 4437 batur,
756 4379 906 4426 tanto
937 4377 1058 4426 tuus
1079 4369 1230 4425 labor
1253 4378 1308 4425 et
1331 4369 1581 4441 amplior,
1601 4379 1656 4426 et
1683 4371 1896 4427 inanior
1921 4372 2133 4426 inveni-

540 4476 654 4521 tur.

596 4554 788 4614 ΔΠΧ.
821 4554 940 4611 ira.
978 4553 1125 4609 llaud
1148 4567 1282 4609 sane
1331 4553 1712 4626 impugnavero
1737 4569 1833 4611 eos
1856 4553 1946 4625 qui
1976 4562 2137 4610 autu-

542 4655 695 4705 mant
722 4646 914 4714 Adam,
946 4647 992 4703 si
1012 4646 1156 4703 dicto
1171 4646 1396 4701 audiens
1416 4647 1742 4713 exstitisset,
1765 4646 1833 4702 ad
1858 4646 2134 4702 immorta-

544 4744 749 4798 litatem
786 4740 1022 4812 potuisse
1042 4754 1141 4811 pro
1168 4739 1601 4797 remuneratione
1621 4739 1921 4796 transferri.
1945 4739 2135 4796 Enoeh

541 4835 742 4908 quippe
776 4843 848 4891 -et
887 4834 1062 4889 Eliam
1104 4833 1392 4889 translatos
1444 4832 1671 4904 legimus
1696 4874 1712 4898 ,
1764 4849 1834 4889 ne
1886 4826 2134 4889 viderent

544 4927 1035 4983 ruorteanerum
1064 4925 1208 4980 aliud
1251 4935 1376 4980 sunt
1421 4925 1661 4981 instituta
1710 4932 1952 4993 naturae,
1984 4925 2128 4982 aliud

545 5017 771 5085 prtemia
813 5015 1156 5071 obedientiat.
1191 5013 1311 5070 Non
1341 5023 1426 5071 est
1449 5016 1592 5070 enim
1622 5014 1754 5071 tanti
1780 5015 1938 5071 unius
1966 5016 2134 5071 meri-

539 5115 685 5175 tum,
714 5117 773 5162 ut
802 5106 1049 5162 universa
1096 5121 1216 5177 qua
1260 5106 1576 5161 naturaliter
1597 5114 1724 5161 sunt
1750 5105 1989 5160 instituta
2012 5121 2135 5176 per-

535 5199 746 5255 aurbct.
778 5198 1119 5254 Exercuisset
1142 5212 1203 5254 sc
1254 5198 1414 5267 igitur
1437 5199 1491 5251 in
1536 5197 1755 5267 reliquis
1781 5197 1961 5252 innata
1983 5214 2134 5254 mor-

544 5289 745 5354 talitas,
774 5286 986 5344 etiamsi
1013 5288 1218 5357 primus
1238 5286 1406 5343 iiIeiu
1429 5288 1787 5342 aeternitatem
1810 5286 2132 5344 adiuturni-

548 5391 658 5436 tate
685 5378 991 5451 migrassct.
1039 5376 1155 5433 Non
1187 5377 1458 5433 inficiabili
1494 5377 1826 5448 conjectura,
1853 5379 1946 5434 sed
1979 5390 2130 5436 certo

540 5484 636 5528 res
664 5480 882 5529 tenetur
907 5467 1155 5539 exemplo
1177 5486 1190 5522 :
1215 5466 1478 5540 siquidem
1502 5467 1690 5524 Enoeh
1716 5468 2131 5537 filii,imsnorti-

542 5567 693 5621 litate
708 5563 948 5637 parentis
969 5577 1077 5618 non
1120 5570 1408 5632 potuerunt
1425 5560 1599 5645 asseri
1623 5576 1655 5616 a
1678 5561 1989 5622 conditione
2016 5578 2134 5621 mo-

548 5657 740 5714 riendi.
767 5655 887 5712 Nec
914 5654 1045 5711 illud
1070 5652 1209 5710 forte
1234 5660 1453 5725 putetur
1468 5667 1781 5723 occurrere,
1811 5656 2064 5727 quoniam
2083 5658 2130 5714 si

547 5792 626 5902 di;
644 5793 846 5904 armis.
882 5797 934 5840 tu
977 5790 1138 5854 \‘ign.,
1184 5785 1401 5841 laborant
1430 5786 1575 5852 jttti,
1608 5786 1761 5852 ἕπίηιή
1801 5795 1848 5841 α
1887 5784 2081 5854 pusilli,
2104 5803 2135 5841 a

1244 408 1492 466 OPElllS
1533 405 1944 465 IMPICRFECTI
1982 403 2253 461 CONTRA
2295 404 2653 475 JULIANUM,
2687 410 2745 466 S.
2789 406 3161 468 AUGUSTINI

3741 415 3884 472 £580

2269 534 2374 573 non
2407 532 2735 589 peccatores,
2783 523 2913 594 justi
2961 532 3143 579 tamen
3174 539 3364 579 omnes
3390 524 3458 580 ad
3487 525 3876 585 immortalita-

2271 618 2377 665 tem
2403 610 2521 666 sine
2563 612 2860 669 intercessu
2883 617 3179 684 eorporalis
3211 615 3588 685 dissipatiouis
3615 619 3632 649 ί
3670 620 3875 674 evade-

2268 711 2389 759 rent
2419 704 2719 774 :siquidem
2762 707 2895 762 Abel
2943 708 3212 777 justorutn
3254 710 3484 780 primus,
3529 709 3668 776 Noe,
3697 711 3873 765 Abra-

2266 791 2412 862 ham,
2447 792 2614 861 Isaac,
2643 794 2831 863 Jacoh,
2854 804 2910 850 et
2928 798 3106 852 omnia
3136 808 3446 854 sanctorum
3474 801 3689 870 agmina
3711 841 3728 864 ,
3760 811 3873 854 tam

2266 885 2318 940 in
2372 901 2511 941 novo
2553 904 2713 958 quam
2760 889 2815 943 in
2856 889 3048 946 Vetere
3086 891 3464 957 Testamento,
3518 901 3575 947 et
3609 892 3870 948 meritum

2263 990 2417 1033 suum
2464 979 2774 1043 virtutibus,
2807 990 2861 1035 et
2889 991 3132 1036 naturam
3168 962 3342 1038 morte
3367 983 3696 1039 docuerunt.
3726 983 3868 1037 Rern

2263 1070 2317 1124 in
2359 1070 2608 1126 absoluto
2659 1072 2889 1142 positam
2917 1071 3115 1128 Christi
3158 1088 3370 1145 quoque
3397 1074 3739 1129 confirmavit
3768 1090 3871 1127 an-

2262 1160 2502 1216 ctoritas.
2526 1161 2659 1217 Nam
2681 1177 2806 1218 eum
2826 1164 2875 1217 ei
2903 1163 3183 1219 Sadducasi
3210 1168 3567 1235 quaestionem
3597 1165 3866 1233 exemplo

2261 1252 2559 1322 septinubtn
2575 1253 2815 1309 mulieris
2831 1255 3153 1321 intulissent,
3186 1267 3458 1327 rogantes,
3490 1258 3536 1313 si
3563 1273 3865 1328 corporum

2260 1344 2511 1399 excitatio
2534 1345 2878 1412 crederetur,
2907 1363 2936 1400 a
2968 1364 3076 1419 quo
3118 1350 3312 1405 marito
3340 1359 3485 1406 esset
3514 1352 3861 1420 potissimum

2262 1431 2600 1501 vindicanda,
2633 1436 2912 1505 respondit
2939 1455 2953 1491 :
2990 1437 3208 1505 Erratis,
3234 1440 3509 1522 nescientes
3531 1440 3859 1510 Scriptores.

2260 1540 2420 1594 neque
2442 1524 2535 1580 Dei
2559 1527 2826 1594 virtutem;
2850 1530 2904 1582 in
2927 1532 3290 1586 resurrectione
3309 1533 3443 1586 enim
3468 1549 3628 1602 neque
3641 1532 3858 1597 nubent,

2260 1630 2420 1685 neque
2442 1632 2627 1672 uxores
2653 1619 2902 1687 accipient
2925 1637 2940 1683 ;
2982 1637 3141 1691 neque
3167 1622 3302 1676 enim
3324 1623 3605 1677 morientur
3630 1623 3859 1693 (Matth.

2238 1720 2396 1766 sint.
2416 1705 2505 1771 ΞΟ,
2532 1706 2623 1771 50,
2656 1717 2704 1763 et
2722 1707 2851 1762 Luc.
2884 1725 2976 1773 xx,
2999 1711 3090 1775 55,
3112 1710 3229 1782 '56).
3251 1711 3513 1768 Conscius
3542 1716 3727 1783 operis
3746 1716 3856 1777 sui,

2262 1804 2482 1865 propter
2505 1796 2630 1866 quid
2660 1797 2907 1868 conjugia
2935 1800 3254 1857 instituisset
3281 1804 3568 1872 expressit,
3598 1803 3859 1859 videlicet

2262 1893 2319 1939 ut
2337 1884 2531 1940 damna
2575 1888 2764 1942 mortis
2794 1889 2960 1944 fetura
2990 1890 3301 1961 suppleret;
3332 1893 3510 1948 statim
3531 1903 3715 1949 autem
3734 1908 3860 1949 ceso

2260 1984 2434 2031 satum
2460 1976 2533 2033 iri
2567 1978 2875 2034 munificam
2925 1979 3333 2049 fecunditatem,
3365 1998 3487 2039 eum
3515 2000 3663 2039 mors
3688 2001 3855 2040 avara

2255 2068 2564 2124 cessaverit.
2596 2067 2653 2126 Si
2682 2085 2831 2143 ergo,
2859 2071 3074 2128 Christo
3106 2081 3243 2131 teste
3260 2076 3350 2145 qui
3370 2076 3627 2141 condidit,
3658 2076 3835 2133 fertili

2257 2167 2338 2214 tas
2366 2159 2389 2191 ¹
2418 2158 2490 2215 ob
2529 2158 2631 2216 hoc
2654 2171 2836 2218 creata
2877 2172 2999 2228 est,
3028 2172 3088 2219 ut
3111 2179 3234 2220 eum
3270 2165 3558 2238 fragilitate
3584 2167 3854 2239 continge-

2254 2256 2359 2316 ret,
2389 2258 2445 2306 et
2495 2249 2612 2307 haec
2634 2252 2872 2309 conditio
2896 2255 3201 2324 nuptiarum
3226 2266 3354 2312 ante
3398 2268 3676 2328 peccatum
3702 2260 3852 2316 ordi-

2254 2348 2377 2393 nata
2404 2347 2487 2396 est
2510 2356 2525 2407 ;
2573 2351 2797 2412 apparet
2826 2359 3040 2417 quoque
3068 2348 3448 2404 mortalitatem
3470 2365 3574 2406 non
3599 2351 3669 2406 ad
3694 2366 3846 2422 pm-

2253 2430 2635 2489 varicationem
2684 2445 2969 2505 spectare,
3015 2438 3110 2494 sed
3151 2438 3219 2493 ad
3259 2450 3506 2495 naturain
3571 2443 3638 2497 ad
3683 2459 3849 2514 quam

2253 2532 2499 2593 spectare
2522 2525 2773 2598 leguntur
2800 2537 2856 2584 et
2882 2532 3102 2601 nuptiae.
3132 2531 3226 2587 Illa
3271 2548 3402 2605 ergo
3429 2536 3514 2589 lex
3562 2552 3685 2607 qua:
3715 2552 3847 2608 pro-

2253 2616 2488 2688 mulgata
2512 2627 2619 2687 est,
2652 2620 2705 2675 id
2729 2631 2815 2677 est
2837 2663 2854 2689 ,
2885 2622 3217 2696 Quacumque
3243 2626 3327 2681 die
3348 2644 3412 2683 ea;
3435 2630 3701 2685 interdicto
3727 2632 3850 2686 ede-

2251 2709 2344 2772 ris,
2375 2719 2537 2766 morte
2562 2712 2791 2768 morieris
2818 2728 2838 2768 :
2862 2716 3089 2784 poenalis
3136 2731 3286 2773 mors
3331 2719 3643 2790 intelligitur
3669 2760 3686 2784 ,
3735 2737 3845 2778 non

2251 2802 2572 2873 corporalis;
2600 2803 2852 2874 peccatis,
2878 2821 2986 2861 non
3016 2807 3308 2863 seminibus
3329 2810 3653 2879 imminens;
3683 2828 3847 2884 quam

2251 2908 2359 2948 non
2388 2893 2613 2950 incurrit
2639 2895 2741 2951 nisi
2765 2898 3160 2968 praevaricatio,
3196 2915 3301 2955 non
3329 2901 3509 2957 evadit
3531 2902 3631 2958 nisi
3653 2919 3847 2961 emen-

2251 2985 2417 3042 datio.
2447 2986 2544 3043 Die
2566 2997 2747 3044 autem
2774 2992 2982 3060 peccati
3011 2991 3153 3063 quod
3173 2992 3369 3049 dicitur
3397 2994 3696 3062 inferenda,
3723 3012 3846 3053 mos

2249 3076 2542 3149 Scriptura:
2566 3088 2667 3146 est,
2718 3096 2839 3152 quae
2862 3081 3173 3138 damnatum
3201 3085 3343 3139 solet
3364 3100 3559 3142 rorare
3584 3087 3844 3143 damnatio

2249 3169 2399 3224 dum.
2428 3169 2558 3226 Inde
2583 3179 2668 3227 est
2688 3173 2830 3243 quod
2855 3172 2910 3228 in
2941 3173 3238 3247 Evangelio
3264 3178 3523 3234 Dominus
3553 3221 3570 3244 ,
3624 3179 3808 3236 Omnis
3827 3222 3843 3247 ,

2250 3260 2444 3332 inquit,
2470 3264 2557 3334 qui
2585 3278 2687 3317 non
2729 3263 2998 3319 crediderit
3048 3267 3105 3320 in
3148 3283 3248 3332 me,
3300 3269 3406 3338 iam
3438 3270 3706 3339 judicatus
3727 3283 3846 3336 est;

2248 3355 2368 3425 quia
2394 3372 2495 3411 non
2522 3356 2736 3411 credidit
2761 3358 2816 3412 in
2845 3359 3049 3414 nomine
3074 3361 3321 3430 unigeniti
3351 3361 3480 3417 Filii
3516 3363 3616 3420 Dei
3637 3363 3659 3438 (
3680 3365 3842 3421 Joan.

2249 3464 2327 3515 ιιι,
2357 3450 2470 3521 18).
2498 3448 2616 3505 Νοιι
2654 3450 2796 3522 quod
2827 3450 3111 3509 infidelitas
3135 3453 3407 3511 Christum
3441 3471 3665 3528 negans,
3716 3470 3847 3515 ante

2251 3551 2460 3613 tempus
2488 3542 2695 3612 judicii,
2725 3544 2989 3614 supplicio
3019 3545 3204 3616 juncta
3227 3558 3369 3604 esset
3395 3560 3688 3619 perpetuo;
3716 3567 3842 3607 cum

2248 3647 2438 3688 omnes
2457 3634 2547 3704 qui
2575 3634 2646 3707 ad
2674 3633 2836 3691 fidem
2863 3637 3107 3702 veniunt,
3133 3639 3282 3709 prius
3305 3639 3505 3696 fuerint
3544 3643 3792 3701 infideles
3819 3662 3834 3699 :

2248 3722 2343 3778 sed
2371 3733 2430 3778 ut
2460 3738 2687 3779 censura
2732 3726 3091 3797 praecipientis
3120 3739 3392 3799 appareat,
3423 3732 3676 3788 dicuntur
3712 3750 3843 3805 pec-

2246 3826 2363 3871 cata
2385 3816 2494 3888 jam
2524 3832 2645 3874 esse
2664 3819 2943 3889 supplicia.
2976 3820 3217 3891 Denique
3248 3822 3418 3878 Adam
3450 3826 3644 3895 ipsum,
3678 3836 3729 3882 et
3753 3829 3842 3883 ille

2248 3906 2384 3963 liber
2407 3907 2497 3977 qui
2536 3907 2808 3979 Sapientia
2854 3910 3074 3980 dicitur,
3107 3921 3163 3969 et
3190 3913 3479 3970 multorum
3513 3918 3719 3988 Opinio,
3754 3935 3844 3973 se-

2246 4006 2367 4052 cuta
2393 3998 2770 4056 emendatione
2805 4002 2996 4057 asserit
3029 4003 3300 4074 expiatum
3328 4004 3369 4059 ³.

2317 4090 2455 4145 Ave.
2483 4089 2666 4145 Sinon
2694 4105 2991 4162 oppugnas,
3020 4104 3076 4149 ut
3099 4094 3255 4161 dicis,
3287 4111 3380 4152 eos
3408 4099 3499 4168 qui
3524 4100 3838 4156 existimant

2245 4177 2439 4244 Adam,
2467 4181 2510 4233 si
2537 4179 2679 4235 dicto
2700 4182 2923 4238 audiens
2947 4185 3259 4253 exstitisset,
3282 4188 3348 4243 ad
3380 4189 3836 4249 immortalitatem

2246 4288 2345 4343 pro
2360 4274 2794 4332 remuneratione
2843 4277 3080 4347 potuisse
3112 4280 3416 4348 transferri;
3445 4282 3695 4341 discerne
3735 4287 3839 4340 im-

2244 4364 2646 4430 mortalitatem,
2677 4366 2932 4437 majorem
2955 4370 3205 4426 sciliceta
3231 4373 3456 4430 minore.
3488 4374 3621 4431 Nam
3653 4387 3710 4433 et
3732 4379 3833 4434 ista

2243 4471 2350 4511 non
2372 4455 2603 4513 absurde
2632 4457 3006 4516 immortalitas
3028 4461 3243 4529 dicitur,
3275 4480 3380 4535 qua
3408 4476 3587 4536 potest
3606 4470 3836 4541 quisque

2243 4560 2352 4601 non
2381 4547 2541 4615 mori,
2567 4548 2610 4602 si
2642 4564 2747 4603 non
2771 4547 2934 4606 faciat
2964 4551 3104 4609 unde
3129 4555 3408 4622 moriatur,
3433 4560 3680 4628 quamvis
3707 4576 3834 4631 pos-

2243 4638 2315 4694 sit
2340 4646 2397 4695 et
2424 4636 2623 4695 facere.
2672 4640 2728 4694 in
2754 4639 2857 4696 hac
2885 4642 3287 4702 immortalitate
3309 4645 3410 4702 fuit
3442 4649 3617 4705 Adam
3646 4669 3667 4705 :
3694 4652 3835 4707 hanc

2243 4729 2699 4786 immortalitatem
2726 4733 2918 4789 merito
2946 4736 3395 4805 praevaricationis
3414 4740 3612 4795 amisit.
3639 4742 3768 4798 llaec
3783 4744 3856 4800 οὶ

2242 4822 2746 4880 subministrabatur
2763 4824 2832 4881 de
2858 4825 3005 4897 ligno
3030 4828 3178 4898 vitae,
3208 4844 3239 4884 a
3265 4845 3371 4901 quo
3397 4847 3503 4887 non
3531 4844 3616 4889 est
3641 4834 3833 4905 prohi-

2241 4915 2407 4985 bitus,
2439 4916 2655 4988 quando
2680 4916 2856 4988 legem
2884 4917 3079 4975 bonam
3104 4962 3121 4989 ,
3171 4937 3239 4978 ue
3281 4935 3548 4993 pererret,
3579 4927 3789 4997 accepit
3819 4968 3834 4989 ,

2243 5006 2338 5062 sed
2369 5006 2584 5078 quando
2625 5008 2764 5062 mala
2802 5008 3074 5065 voluntate
3104 5013 3342 5081 peccavit
3373 5030 3388 5067 :
3422 5024 3550 5071 tunc
3586 5017 3728 5071 enim
3759 5017 3834 5071 de

2241 5097 2491 5168 paradiso
2510 5098 2716 5167 ejectus
2738 5107 2842 5164 est,
2873 5114 2941 5155 ne
2954 5100 3270 5157 extenderet
3289 5117 3505 5159 manum
3533 5106 3602 5160 ad
3626 5107 3831 5177 lignum

2241 5189 2385 5252 vitae,
2413 5196 2468 5244 et
2515 5187 2896 5257 manducaret,
2935 5198 2992 5247 et
3027 5191 3229 5248 viveret
3268 5195 3321 5249 in
3360 5203 3644 5254 aeternum.
3675 5198 3832 5255 Unde

2242 5280 2618 5351 intelligendus
2635 5288 2726 5336 est
2743 5280 2811 5336 de
2834 5279 2941 5337 hoc
2958 5281 3103 5351 ligno
3128 5284 3252 5338 vitae
3294 5286 3472 5341 solere
3498 5301 3713 5344 sumere
3742 5304 3835 5343 sa-

2240 5380 2572 5429 cramentum
2592 5386 2609 5437 ;
2632 5371 2703 5427 de
2738 5372 2956 5428 ueteris
2979 5374 3313 5432 alimentum.
3342 5376 3420 5434 De
3445 5379 3565 5435 solo
3588 5381 3730 5435 enim
3762 5382 3830 5436 li-

2305 5548 2323 5577 ι
2363 5542 2514 5605 edin,
2580 5541 2936 5608 disputationis.
2991 5547 3311 5601 Emendantur
3379 5563 3443 5603 es
3506 5561 3591 5604 us.
3664 5563 3825 5608 roru-

2240 5618 2421 5733 “insse
2456 5672 2563 5733 διεδ.
2584 5674 2642 5717 At
2665 5666 2801 5728 editi,
2826 5667 3089 5720 sterilitas:
3106 5679 3353 5733 corrupte.

2305 5730 2329 5760 ⁸
2349 5727 2544 5789 supple,
2563 5734 2610 5799 et
2627 5727 3024 5799 tmnenﬁwrttgts
3036 5737 3124 5788 est.
3143 5738 3193 5799 εις
3209 5727 3682 5799 st‘t'remrtscorporis
3701 5751 3835 5789 mar-

2239 5799 2334 5859 tem
2356 5801 2449 5859 non
2471 5789 2711 5859 pertinere
2721 5789 2798 5859 μά
2817 5790 3105 5859 simplicitati
3116 5791 3250 5859 illius
3270 5797 3472 5859 peccati,
3492 5789 3583 5859 ae'd
3604 5800 3673 5850 ad
3688 5799 3836 5854 ἰαί-

2235 5854 2336 5900 tuta
2366 5850 2572 5914 natum,
2589 5858 2645 5903 ut
2668 5850 2808 5915 infra,
2836 5850 2886 5902 in
2906 5850 3228 5917 responsione
3254 5850 3524 5917 insaniat.
